{
  "id" : -1,
  "method" : "public/get-trades",
  "code" : 0,
  "result" : {
    "data" : [ {
      "d" : "1756459387325998510",
      "t" : 1756459387325,
      "tn" : 1756459387325998510,
      "q" : "352",
      "p" : "1.2130",
      "s" : "sell",
      "i" : "LCRO_CRO",
      "m" : "4611686018428503481"
    }, {
      "d" : "1756459387310414054",
      "t" : 1756459387310,
      "tn" : 1756459387310414054,
      "q" : "211",
      "p" : "1.2130",
      "s" : "sell",
      "i" : "LCRO_CRO",
      "m" : "4611686018428503480"
    }, {
      "d" : "1756458325598676994",
      "t" : 1756458325598,
      "tn" : 1756458325598676994,
      "q" : "24",
      "p" : "1.2130",
      "s" : "sell",
      "i" : "LCRO_CRO",
      "m" : "4611686018428503479"
    }, {
      "d" : "1756457906234854285",
      "t" : 1756457906234,
      "tn" : 1756457906234854285,
      "q" : "451",
      "p" : "1.2150",
      "s" : "sell",
      "i" : "LCRO_CRO",
      "m" : "4611686018428503478"
    }, {
      "d" : "1756457906219342301",
      "t" : 1756457906219,
      "tn" : 1756457906219342301,
      "q" : "28",
      "p" : "1.2150",
      "s" : "sell",
      "i" : "LCRO_CRO",
      "m" : "4611686018428503477"
    }, {
      "d" : "1756457906172285898",
      "t" : 1756457906172,
      "tn" : 1756457906172285898,
      "q" : "750",
      "p" : "1.2150",
      "s" : "buy",
      "i" : "LCRO_CRO",
      "m" : "4611686018428503476"
    }, {
      "d" : "1756457906172283395",
      "t" : 1756457906172,
      "tn" : 1756457906172283395,
      "q" : "472",
      "p" : "1.2140",
      "s" : "buy",
      "i" : "LCRO_CRO",
      "m" : "4611686018428503475"
    }, {
      "d" : "1756457906172280948",
      "t" : 1756457906172,
      "tn" : 1756457906172280948,
      "q" : "7956",
      "p" : "1.2136",
      "s" : "buy",
      "i" : "LCRO_CRO",
      "m" : "4611686018428503474"
    }, {
      "d" : "1756457906172278746",
      "t" : 1756457906172,
      "tn" : 1756457906172278746,
      "q" : "1249",
      "p" : "1.2135",
      "s" : "buy",
      "i" : "LCRO_CRO",
      "m" : "4611686018428503473"
    }, {
      "d" : "1756457906172275688",
      "t" : 1756457906172,
      "tn" : 1756457906172275688,
      "q" : "19",
      "p" : "1.2131",
      "s" : "buy",
      "i" : "LCRO_CRO",
      "m" : "4611686018428503472"
    }, {
      "d" : "1756457906172272835",
      "t" : 1756457906172,
      "tn" : 1756457906172272835,
      "q" : "825",
      "p" : "1.2120",
      "s" : "buy",
      "i" : "LCRO_CRO",
      "m" : "4611686018428503471"
    }, {
      "d" : "1756457777286172171",
      "t" : 1756457777286,
      "tn" : 1756457777286172171,
      "q" : "211",
      "p" : "1.2110",
      "s" : "sell",
      "i" : "LCRO_CRO",
      "m" : "4611686018428503470"
    }, {
      "d" : "1756457756996660299",
      "t" : 1756457756996,
      "tn" : 1756457756996660299,
      "q" : "826",
      "p" : "1.2110",
      "s" : "buy",
      "i" : "LCRO_CRO",
      "m" : "4611686018428503469"
    }, {
      "d" : "1756457756996658714",
      "t" : 1756457756996,
      "tn" : 1756457756996658714,
      "q" : "29",
      "p" : "1.2109",
      "s" : "buy",
      "i" : "LCRO_CRO",
      "m" : "4611686018428503468"
    }, {
      "d" : "1756457756996655576",
      "t" : 1756457756996,
      "tn" : 1756457756996655576,
      "q" : "564",
      "p" : "1.2090",
      "s" : "buy",
      "i" : "LCRO_CRO",
      "m" : "4611686018428503467"
    }, {
      "d" : "1756457756996653023",
      "t" : 1756457756996,
      "tn" : 1756457756996653023,
      "q" : "445",
      "p" : "1.2070",
      "s" : "buy",
      "i" : "LCRO_CRO",
      "m" : "4611686018428503466"
    }, {
      "d" : "1756457756996651407",
      "t" : 1756457756996,
      "tn" : 1756457756996651407,
      "q" : "393",
      "p" : "1.2050",
      "s" : "buy",
      "i" : "LCRO_CRO",
      "m" : "4611686018428503465"
    }, {
      "d" : "1756457756996648375",
      "t" : 1756457756996,
      "tn" : 1756457756996648375,
      "q" : "831",
      "p" : "1.2030",
      "s" : "buy",
      "i" : "LCRO_CRO",
      "m" : "4611686018428503464"
    }, {
      "d" : "1756457756996646094",
      "t" : 1756457756996,
      "tn" : 1756457756996646094,
      "q" : "471",
      "p" : "1.2020",
      "s" : "buy",
      "i" : "LCRO_CRO",
      "m" : "4611686018428503463"
    }, {
      "d" : "1756457756996643883",
      "t" : 1756457756996,
      "tn" : 1756457756996643883,
      "q" : "833",
      "p" : "1.2000",
      "s" : "buy",
      "i" : "LCRO_CRO",
      "m" : "4611686018428503462"
    }, {
      "d" : "1756457756996641287",
      "t" : 1756457756996,
      "tn" : 1756457756996641287,
      "q" : "835",
      "p" : "1.1980",
      "s" : "buy",
      "i" : "LCRO_CRO",
      "m" : "4611686018428503461"
    }, {
      "d" : "1756457756996638551",
      "t" : 1756457756996,
      "tn" : 1756457756996638551,
      "q" : "785",
      "p" : "1.1960",
      "s" : "buy",
      "i" : "LCRO_CRO",
      "m" : "4611686018428503460"
    }, {
      "d" : "1756457546321717689",
      "t" : 1756457546321,
      "tn" : 1756457546321717689,
      "q" : "311",
      "p" : "1.1942",
      "s" : "sell",
      "i" : "LCRO_CRO",
      "m" : "4611686018428503459"
    }, {
      "d" : "1756456938921559100",
      "t" : 1756456938921,
      "tn" : 1756456938921559100,
      "q" : "360",
      "p" : "1.1940",
      "s" : "buy",
      "i" : "LCRO_CRO",
      "m" : "4611686018428503458"
    }, {
      "d" : "1756456921055608787",
      "t" : 1756456921055,
      "tn" : 1756456921055608787,
      "q" : "36",
      "p" : "1.1940",
      "s" : "buy",
      "i" : "LCRO_CRO",
      "m" : "4611686018428503457"
    }, {
      "d" : "1756456921045595411",
      "t" : 1756456921045,
      "tn" : 1756456921045595411,
      "q" : "34",
      "p" : "1.1940",
      "s" : "buy",
      "i" : "LCRO_CRO",
      "m" : "4611686018428503456"
    }, {
      "d" : "1756456921040612659",
      "t" : 1756456921040,
      "tn" : 1756456921040612659,
      "q" : "37",
      "p" : "1.1940",
      "s" : "buy",
      "i" : "LCRO_CRO",
      "m" : "4611686018428503455"
    }, {
      "d" : "1756456921029669134",
      "t" : 1756456921029,
      "tn" : 1756456921029669134,
      "q" : "371",
      "p" : "1.1940",
      "s" : "buy",
      "i" : "LCRO_CRO",
      "m" : "4611686018428503454"
    }, {
      "d" : "1756456921029667239",
      "t" : 1756456921029,
      "tn" : 1756456921029667239,
      "q" : "34",
      "p" : "1.1930",
      "s" : "buy",
      "i" : "LCRO_CRO",
      "m" : "4611686018428503453"
    }, {
      "d" : "1756456920816268363",
      "t" : 1756456920816,
      "tn" : 1756456920816268363,
      "q" : "149",
      "p" : "1.1930",
      "s" : "buy",
      "i" : "LCRO_CRO",
      "m" : "4611686018428503452"
    }, {
      "d" : "1756456920811052029",
      "t" : 1756456920811,
      "tn" : 1756456920811052029,
      "q" : "34",
      "p" : "1.1930",
      "s" : "buy",
      "i" : "LCRO_CRO",
      "m" : "4611686018428503451"
    }, {
      "d" : "1756456920761330947",
      "t" : 1756456920761,
      "tn" : 1756456920761330947,
      "q" : "147",
      "p" : "1.1930",
      "s" : "buy",
      "i" : "LCRO_CRO",
      "m" : "4611686018428503450"
    }, {
      "d" : "1756456920655790889",
      "t" : 1756456920655,
      "tn" : 1756456920655790889,
      "q" : "217",
      "p" : "1.1930",
      "s" : "buy",
      "i" : "LCRO_CRO",
      "m" : "4611686018428503449"
    }, {
      "d" : "1756456920605915113",
      "t" : 1756456920605,
      "tn" : 1756456920605915113,
      "q" : "217",
      "p" : "1.1930",
      "s" : "buy",
      "i" : "LCRO_CRO",
      "m" : "4611686018428503448"
    }, {
      "d" : "1756456920339315900",
      "t" : 1756456920339,
      "tn" : 1756456920339315900,
      "q" : "40",
      "p" : "1.1930",
      "s" : "buy",
      "i" : "LCRO_CRO",
      "m" : "4611686018428503447"
    }, {
      "d" : "1756456920329701542",
      "t" : 1756456920329,
      "tn" : 1756456920329701542,
      "q" : "593",
      "p" : "1.1920",
      "s" : "buy",
      "i" : "LCRO_CRO",
      "m" : "4611686018428503446"
    }, {
      "d" : "1756456919113086296",
      "t" : 1756456919113,
      "tn" : 1756456919113086296,
      "q" : "28",
      "p" : "1.1920",
      "s" : "buy",
      "i" : "LCRO_CRO",
      "m" : "4611686018428503445"
    }, {
      "d" : "1756456919094335099",
      "t" : 1756456919094,
      "tn" : 1756456919094335099,
      "q" : "28",
      "p" : "1.1920",
      "s" : "buy",
      "i" : "LCRO_CRO",
      "m" : "4611686018428503444"
    }, {
      "d" : "1756456919074502770",
      "t" : 1756456919074,
      "tn" : 1756456919074502770,
      "q" : "28",
      "p" : "1.1920",
      "s" : "buy",
      "i" : "LCRO_CRO",
      "m" : "4611686018428503443"
    }, {
      "d" : "1756456919030643163",
      "t" : 1756456919030,
      "tn" : 1756456919030643163,
      "q" : "162",
      "p" : "1.1920",
      "s" : "buy",
      "i" : "LCRO_CRO",
      "m" : "4611686018428503442"
    }, {
      "d" : "1756456219403967964",
      "t" : 1756456219403,
      "tn" : 1756456219403967964,
      "q" : "16",
      "p" : "1.1910",
      "s" : "sell",
      "i" : "LCRO_CRO",
      "m" : "4611686018428503441"
    }, {
      "d" : "1756456033640358401",
      "t" : 1756456033640,
      "tn" : 1756456033640358401,
      "q" : "514",
      "p" : "1.1910",
      "s" : "sell",
      "i" : "LCRO_CRO",
      "m" : "4611686018428503440"
    }, {
      "d" : "1756456033639299509",
      "t" : 1756456033639,
      "tn" : 1756456033639299509,
      "q" : "81",
      "p" : "1.1910",
      "s" : "sell",
      "i" : "LCRO_CRO",
      "m" : "4611686018428503439"
    }, {
      "d" : "1756456033639297466",
      "t" : 1756456033639,
      "tn" : 1756456033639297466,
      "q" : "436",
      "p" : "1.1920",
      "s" : "sell",
      "i" : "LCRO_CRO",
      "m" : "4611686018428503438"
    }, {
      "d" : "1756456033639295077",
      "t" : 1756456033639,
      "tn" : 1756456033639295077,
      "q" : "137",
      "p" : "1.1940",
      "s" : "sell",
      "i" : "LCRO_CRO",
      "m" : "4611686018428503437"
    }, {
      "d" : "1756453581840573789",
      "t" : 1756453581840,
      "tn" : 1756453581840573789,
      "q" : "483",
      "p" : "1.1940",
      "s" : "sell",
      "i" : "LCRO_CRO",
      "m" : "4611686018428503436"
    }, {
      "d" : "1756452685404176224",
      "t" : 1756452685404,
      "tn" : 1756452685404176224,
      "q" : "157",
      "p" : "1.1940",
      "s" : "sell",
      "i" : "LCRO_CRO",
      "m" : "4611686018428503435"
    }, {
      "d" : "1756452143620994615",
      "t" : 1756452143620,
      "tn" : 1756452143620994615,
      "q" : "27",
      "p" : "1.1940",
      "s" : "sell",
      "i" : "LCRO_CRO",
      "m" : "4611686018428503434"
    }, {
      "d" : "1756451029502239337",
      "t" : 1756451029502,
      "tn" : 1756451029502239337,
      "q" : "33",
      "p" : "1.1940",
      "s" : "sell",
      "i" : "LCRO_CRO",
      "m" : "4611686018428503433"
    }, {
      "d" : "1756449963655372632",
      "t" : 1756449963655,
      "tn" : 1756449963655372632,
      "q" : "50",
      "p" : "1.1960",
      "s" : "buy",
      "i" : "LCRO_CRO",
      "m" : "4611686018428503432"
    }, {
      "d" : "1756449112470819685",
      "t" : 1756449112470,
      "tn" : 1756449112470819685,
      "q" : "35",
      "p" : "1.1940",
      "s" : "buy",
      "i" : "LCRO_CRO",
      "m" : "4611686018428503431"
    }, {
      "d" : "1756447321238530839",
      "t" : 1756447321238,
      "tn" : 1756447321238530839,
      "q" : "252",
      "p" : "1.1940",
      "s" : "buy",
      "i" : "LCRO_CRO",
      "m" : "4611686018428503430"
    }, {
      "d" : "1756447321233642042",
      "t" : 1756447321233,
      "tn" : 1756447321233642042,
      "q" : "149",
      "p" : "1.1940",
      "s" : "buy",
      "i" : "LCRO_CRO",
      "m" : "4611686018428503429"
    }, {
      "d" : "1756444329835024012",
      "t" : 1756444329835,
      "tn" : 1756444329835024012,
      "q" : "402",
      "p" : "1.1920",
      "s" : "sell",
      "i" : "LCRO_CRO",
      "m" : "4611686018428503428"
    }, {
      "d" : "1756443279233893651",
      "t" : 1756443279233,
      "tn" : 1756443279233893651,
      "q" : "402",
      "p" : "1.1940",
      "s" : "buy",
      "i" : "LCRO_CRO",
      "m" : "4611686018428503427"
    }, {
      "d" : "1756442872403266517",
      "t" : 1756442872403,
      "tn" : 1756442872403266517,
      "q" : "326",
      "p" : "1.1934",
      "s" : "sell",
      "i" : "LCRO_CRO",
      "m" : "4611686018428503426"
    }, {
      "d" : "1756442872401816619",
      "t" : 1756442872401,
      "tn" : 1756442872401816619,
      "q" : "652",
      "p" : "1.1934",
      "s" : "sell",
      "i" : "LCRO_CRO",
      "m" : "4611686018428503425"
    }, {
      "d" : "1756442872393921380",
      "t" : 1756442872393,
      "tn" : 1756442872393921380,
      "q" : "27",
      "p" : "1.1934",
      "s" : "sell",
      "i" : "LCRO_CRO",
      "m" : "4611686018428503424"
    }, {
      "d" : "1756442871728420047",
      "t" : 1756442871728,
      "tn" : 1756442871728420047,
      "q" : "2117",
      "p" : "1.1934",
      "s" : "sell",
      "i" : "LCRO_CRO",
      "m" : "4611686018428503423"
    }, {
      "d" : "1756442871727588286",
      "t" : 1756442871727,
      "tn" : 1756442871727588286,
      "q" : "653",
      "p" : "1.1934",
      "s" : "sell",
      "i" : "LCRO_CRO",
      "m" : "4611686018428503422"
    }, {
      "d" : "1756442871726112241",
      "t" : 1756442871726,
      "tn" : 1756442871726112241,
      "q" : "2117",
      "p" : "1.1934",
      "s" : "sell",
      "i" : "LCRO_CRO",
      "m" : "4611686018428503421"
    }, {
      "d" : "1756442871724902394",
      "t" : 1756442871724,
      "tn" : 1756442871724902394,
      "q" : "653",
      "p" : "1.1934",
      "s" : "sell",
      "i" : "LCRO_CRO",
      "m" : "4611686018428503420"
    }, {
      "d" : "1756442870105612873",
      "t" : 1756442870105,
      "tn" : 1756442870105612873,
      "q" : "650",
      "p" : "1.1939",
      "s" : "sell",
      "i" : "LCRO_CRO",
      "m" : "4611686018428503419"
    }, {
      "d" : "1756442870103542575",
      "t" : 1756442870103,
      "tn" : 1756442870103542575,
      "q" : "371",
      "p" : "1.1939",
      "s" : "sell",
      "i" : "LCRO_CRO",
      "m" : "4611686018428503418"
    }, {
      "d" : "1756442861713480664",
      "t" : 1756442861713,
      "tn" : 1756442861713480664,
      "q" : "369",
      "p" : "1.1939",
      "s" : "sell",
      "i" : "LCRO_CRO",
      "m" : "4611686018428503417"
    }, {
      "d" : "1756442861712598505",
      "t" : 1756442861712,
      "tn" : 1756442861712598505,
      "q" : "651",
      "p" : "1.1939",
      "s" : "sell",
      "i" : "LCRO_CRO",
      "m" : "4611686018428503416"
    }, {
      "d" : "1756442861522806561",
      "t" : 1756442861522,
      "tn" : 1756442861522806561,
      "q" : "814",
      "p" : "1.1918",
      "s" : "sell",
      "i" : "LCRO_CRO",
      "m" : "4611686018428503415"
    }, {
      "d" : "1756442861522804700",
      "t" : 1756442861522,
      "tn" : 1756442861522804700,
      "q" : "26",
      "p" : "1.1920",
      "s" : "sell",
      "i" : "LCRO_CRO",
      "m" : "4611686018428503414"
    }, {
      "d" : "1756442861261847797",
      "t" : 1756442861261,
      "tn" : 1756442861261847797,
      "q" : "812",
      "p" : "1.1920",
      "s" : "sell",
      "i" : "LCRO_CRO",
      "m" : "4611686018428503413"
    }, {
      "d" : "1756442861261846100",
      "t" : 1756442861261,
      "tn" : 1756442861261846100,
      "q" : "27",
      "p" : "1.1930",
      "s" : "sell",
      "i" : "LCRO_CRO",
      "m" : "4611686018428503412"
    }, {
      "d" : "1756442860916127516",
      "t" : 1756442860916,
      "tn" : 1756442860916127516,
      "q" : "811",
      "p" : "1.1930",
      "s" : "sell",
      "i" : "LCRO_CRO",
      "m" : "4611686018428503411"
    }, {
      "d" : "1756442860916125632",
      "t" : 1756442860916,
      "tn" : 1756442860916125632,
      "q" : "27",
      "p" : "1.1931",
      "s" : "sell",
      "i" : "LCRO_CRO",
      "m" : "4611686018428503410"
    }, {
      "d" : "1756442860518126108",
      "t" : 1756442860518,
      "tn" : 1756442860518126108,
      "q" : "34",
      "p" : "1.1940",
      "s" : "sell",
      "i" : "LCRO_CRO",
      "m" : "4611686018428503409"
    }, {
      "d" : "1756442860516296808",
      "t" : 1756442860516,
      "tn" : 1756442860516296808,
      "q" : "402",
      "p" : "1.1940",
      "s" : "sell",
      "i" : "LCRO_CRO",
      "m" : "4611686018428503408"
    }, {
      "d" : "1756442860514552294",
      "t" : 1756442860514,
      "tn" : 1756442860514552294,
      "q" : "401",
      "p" : "1.1940",
      "s" : "sell",
      "i" : "LCRO_CRO",
      "m" : "4611686018428503407"
    }, {
      "d" : "1756442860514550750",
      "t" : 1756442860514,
      "tn" : 1756442860514550750,
      "q" : "1",
      "p" : "1.1950",
      "s" : "sell",
      "i" : "LCRO_CRO",
      "m" : "4611686018428503406"
    }, {
      "d" : "1756442860505178651",
      "t" : 1756442860505,
      "tn" : 1756442860505178651,
      "q" : "27",
      "p" : "1.1950",
      "s" : "sell",
      "i" : "LCRO_CRO",
      "m" : "4611686018428503405"
    }, {
      "d" : "1756442860379138197",
      "t" : 1756442860379,
      "tn" : 1756442860379138197,
      "q" : "241",
      "p" : "1.1950",
      "s" : "sell",
      "i" : "LCRO_CRO",
      "m" : "4611686018428503404"
    }, {
      "d" : "1756442860369159623",
      "t" : 1756442860369,
      "tn" : 1756442860369159623,
      "q" : "28",
      "p" : "1.1950",
      "s" : "sell",
      "i" : "LCRO_CRO",
      "m" : "4611686018428503403"
    }, {
      "d" : "1756442860359143261",
      "t" : 1756442860359,
      "tn" : 1756442860359143261,
      "q" : "28",
      "p" : "1.1950",
      "s" : "sell",
      "i" : "LCRO_CRO",
      "m" : "4611686018428503402"
    }, {
      "d" : "1756442860344140715",
      "t" : 1756442860344,
      "tn" : 1756442860344140715,
      "q" : "28",
      "p" : "1.1950",
      "s" : "sell",
      "i" : "LCRO_CRO",
      "m" : "4611686018428503401"
    }, {
      "d" : "1756442860324131824",
      "t" : 1756442860324,
      "tn" : 1756442860324131824,
      "q" : "28",
      "p" : "1.1950",
      "s" : "sell",
      "i" : "LCRO_CRO",
      "m" : "4611686018428503400"
    }, {
      "d" : "1756442860309157088",
      "t" : 1756442860309,
      "tn" : 1756442860309157088,
      "q" : "28",
      "p" : "1.1950",
      "s" : "sell",
      "i" : "LCRO_CRO",
      "m" : "4611686018428503399"
    }, {
      "d" : "1756442860216606706",
      "t" : 1756442860216,
      "tn" : 1756442860216606706,
      "q" : "214",
      "p" : "1.1950",
      "s" : "sell",
      "i" : "LCRO_CRO",
      "m" : "4611686018428503398"
    }, {
      "d" : "1756442860214430637",
      "t" : 1756442860214,
      "tn" : 1756442860214430637,
      "q" : "213",
      "p" : "1.1950",
      "s" : "sell",
      "i" : "LCRO_CRO",
      "m" : "4611686018428503397"
    }, {
      "d" : "1756442860214428608",
      "t" : 1756442860214,
      "tn" : 1756442860214428608,
      "q" : "1",
      "p" : "1.1959",
      "s" : "sell",
      "i" : "LCRO_CRO",
      "m" : "4611686018428503396"
    }, {
      "d" : "1756442856708169105",
      "t" : 1756442856708,
      "tn" : 1756442856708169105,
      "q" : "369",
      "p" : "1.1959",
      "s" : "sell",
      "i" : "LCRO_CRO",
      "m" : "4611686018428503395"
    }, {
      "d" : "1756442856707281594",
      "t" : 1756442856707,
      "tn" : 1756442856707281594,
      "q" : "651",
      "p" : "1.1959",
      "s" : "sell",
      "i" : "LCRO_CRO",
      "m" : "4611686018428503394"
    }, {
      "d" : "1756442856501177767",
      "t" : 1756442856501,
      "tn" : 1756442856501177767,
      "q" : "405",
      "p" : "1.1959",
      "s" : "sell",
      "i" : "LCRO_CRO",
      "m" : "4611686018428503393"
    }, {
      "d" : "1756442856499230122",
      "t" : 1756442856499,
      "tn" : 1756442856499230122,
      "q" : "616",
      "p" : "1.1959",
      "s" : "sell",
      "i" : "LCRO_CRO",
      "m" : "4611686018428503392"
    }, {
      "d" : "1756442841436586576",
      "t" : 1756442841436,
      "tn" : 1756442841436586576,
      "q" : "1",
      "p" : "1.1960",
      "s" : "sell",
      "i" : "LCRO_CRO",
      "m" : "4611686018428503391"
    }, {
      "d" : "1756442841170826343",
      "t" : 1756442841170,
      "tn" : 1756442841170826343,
      "q" : "185",
      "p" : "1.1960",
      "s" : "sell",
      "i" : "LCRO_CRO",
      "m" : "4611686018428503390"
    }, {
      "d" : "1756442841169902027",
      "t" : 1756442841169,
      "tn" : 1756442841169902027,
      "q" : "650",
      "p" : "1.1960",
      "s" : "sell",
      "i" : "LCRO_CRO",
      "m" : "4611686018428503389"
    }, {
      "d" : "1756442836687077185",
      "t" : 1756442836687,
      "tn" : 1756442836687077185,
      "q" : "186",
      "p" : "1.1970",
      "s" : "sell",
      "i" : "LCRO_CRO",
      "m" : "4611686018428503388"
    }, {
      "d" : "1756442836014161739",
      "t" : 1756442836014,
      "tn" : 1756442836014161739,
      "q" : "649",
      "p" : "1.1970",
      "s" : "sell",
      "i" : "LCRO_CRO",
      "m" : "4611686018428503387"
    }, {
      "d" : "1756442836014159990",
      "t" : 1756442836014,
      "tn" : 1756442836014159990,
      "q" : "1",
      "p" : "1.1977",
      "s" : "sell",
      "i" : "LCRO_CRO",
      "m" : "4611686018428503386"
    }, {
      "d" : "1756442835685396270",
      "t" : 1756442835685,
      "tn" : 1756442835685396270,
      "q" : "989",
      "p" : "1.1977",
      "s" : "sell",
      "i" : "LCRO_CRO",
      "m" : "4611686018428503385"
    }, {
      "d" : "1756442835685395010",
      "t" : 1756442835685,
      "tn" : 1756442835685395010,
      "q" : "371",
      "p" : "1.1982",
      "s" : "sell",
      "i" : "LCRO_CRO",
      "m" : "4611686018428503384"
    }, {
      "d" : "1756442835684531314",
      "t" : 1756442835684,
      "tn" : 1756442835684531314,
      "q" : "650",
      "p" : "1.1982",
      "s" : "sell",
      "i" : "LCRO_CRO",
      "m" : "4611686018428503383"
    }, {
      "d" : "1756442835654817742",
      "t" : 1756442835654,
      "tn" : 1756442835654817742,
      "q" : "28",
      "p" : "1.1977",
      "s" : "sell",
      "i" : "LCRO_CRO",
      "m" : "4611686018428503382"
    }, {
      "d" : "1756442835229034096",
      "t" : 1756442835229,
      "tn" : 1756442835229034096,
      "q" : "373",
      "p" : "1.1977",
      "s" : "sell",
      "i" : "LCRO_CRO",
      "m" : "4611686018428503381"
    }, {
      "d" : "1756442835227202618",
      "t" : 1756442835227,
      "tn" : 1756442835227202618,
      "q" : "24",
      "p" : "1.1977",
      "s" : "sell",
      "i" : "LCRO_CRO",
      "m" : "4611686018428503380"
    }, {
      "d" : "1756442835222348445",
      "t" : 1756442835222,
      "tn" : 1756442835222348445,
      "q" : "28",
      "p" : "1.1977",
      "s" : "sell",
      "i" : "LCRO_CRO",
      "m" : "4611686018428503379"
    }, {
      "d" : "1756442835172095532",
      "t" : 1756442835172,
      "tn" : 1756442835172095532,
      "q" : "401",
      "p" : "1.1977",
      "s" : "sell",
      "i" : "LCRO_CRO",
      "m" : "4611686018428503378"
    }, {
      "d" : "1756442835152129406",
      "t" : 1756442835152,
      "tn" : 1756442835152129406,
      "q" : "136",
      "p" : "1.1977",
      "s" : "sell",
      "i" : "LCRO_CRO",
      "m" : "4611686018428503377"
    }, {
      "d" : "1756442835152127942",
      "t" : 1756442835152,
      "tn" : 1756442835152127942,
      "q" : "268",
      "p" : "1.1980",
      "s" : "sell",
      "i" : "LCRO_CRO",
      "m" : "4611686018428503376"
    }, {
      "d" : "1756442835142324362",
      "t" : 1756442835142,
      "tn" : 1756442835142324362,
      "q" : "404",
      "p" : "1.1980",
      "s" : "sell",
      "i" : "LCRO_CRO",
      "m" : "4611686018428503375"
    }, {
      "d" : "1756442834976314505",
      "t" : 1756442834976,
      "tn" : 1756442834976314505,
      "q" : "162",
      "p" : "1.1980",
      "s" : "sell",
      "i" : "LCRO_CRO",
      "m" : "4611686018428503374"
    }, {
      "d" : "1756442834976311967",
      "t" : 1756442834976,
      "tn" : 1756442834976311967,
      "q" : "242",
      "p" : "1.1984",
      "s" : "sell",
      "i" : "LCRO_CRO",
      "m" : "4611686018428503373"
    }, {
      "d" : "1756442834465222179",
      "t" : 1756442834465,
      "tn" : 1756442834465222179,
      "q" : "400",
      "p" : "1.1984",
      "s" : "sell",
      "i" : "LCRO_CRO",
      "m" : "4611686018428503372"
    }, {
      "d" : "1756442446287376218",
      "t" : 1756442446287,
      "tn" : 1756442446287376218,
      "q" : "379",
      "p" : "1.1984",
      "s" : "sell",
      "i" : "LCRO_CRO",
      "m" : "4611686018428503371"
    }, {
      "d" : "1756442446287374081",
      "t" : 1756442446287,
      "tn" : 1756442446287374081,
      "q" : "1",
      "p" : "1.1990",
      "s" : "sell",
      "i" : "LCRO_CRO",
      "m" : "4611686018428503370"
    }, {
      "d" : "1756442420017265115",
      "t" : 1756442420017,
      "tn" : 1756442420017265115,
      "q" : "622",
      "p" : "1.2000",
      "s" : "buy",
      "i" : "LCRO_CRO",
      "m" : "4611686018428503369"
    }, {
      "d" : "1756442420011518061",
      "t" : 1756442420011,
      "tn" : 1756442420011518061,
      "q" : "211",
      "p" : "1.2000",
      "s" : "buy",
      "i" : "LCRO_CRO",
      "m" : "4611686018428503368"
    }, {
      "d" : "1756442409127345811",
      "t" : 1756442409127,
      "tn" : 1756442409127345811,
      "q" : "183",
      "p" : "1.1990",
      "s" : "sell",
      "i" : "LCRO_CRO",
      "m" : "4611686018428503367"
    }, {
      "d" : "1756442409126309097",
      "t" : 1756442409126,
      "tn" : 1756442409126309097,
      "q" : "650",
      "p" : "1.1990",
      "s" : "sell",
      "i" : "LCRO_CRO",
      "m" : "4611686018428503366"
    }, {
      "d" : "1756442389090489904",
      "t" : 1756442389090,
      "tn" : 1756442389090489904,
      "q" : "834",
      "p" : "1.1995",
      "s" : "sell",
      "i" : "LCRO_CRO",
      "m" : "4611686018428503365"
    }, {
      "d" : "1756442388831691125",
      "t" : 1756442388831,
      "tn" : 1756442388831691125,
      "q" : "833",
      "p" : "1.2000",
      "s" : "sell",
      "i" : "LCRO_CRO",
      "m" : "4611686018428503364"
    }, {
      "d" : "1756442388461872918",
      "t" : 1756442388461,
      "tn" : 1756442388461872918,
      "q" : "832",
      "p" : "1.2010",
      "s" : "sell",
      "i" : "LCRO_CRO",
      "m" : "4611686018428503363"
    }, {
      "d" : "1756440515914786902",
      "t" : 1756440515914,
      "tn" : 1756440515914786902,
      "q" : "115",
      "p" : "1.2020",
      "s" : "buy",
      "i" : "LCRO_CRO",
      "m" : "4611686018428503362"
    }, {
      "d" : "1756440294531800962",
      "t" : 1756440294531,
      "tn" : 1756440294531800962,
      "q" : "246",
      "p" : "1.2020",
      "s" : "sell",
      "i" : "LCRO_CRO",
      "m" : "4611686018428503361"
    }, {
      "d" : "1756440293930991819",
      "t" : 1756440293930,
      "tn" : 1756440293930991819,
      "q" : "340",
      "p" : "1.2020",
      "s" : "sell",
      "i" : "LCRO_CRO",
      "m" : "4611686018428503360"
    }, {
      "d" : "1756440293912344551",
      "t" : 1756440293912,
      "tn" : 1756440293912344551,
      "q" : "16",
      "p" : "1.2020",
      "s" : "sell",
      "i" : "LCRO_CRO",
      "m" : "4611686018428503359"
    }, {
      "d" : "1756440293910525754",
      "t" : 1756440293910,
      "tn" : 1756440293910525754,
      "q" : "29",
      "p" : "1.2020",
      "s" : "sell",
      "i" : "LCRO_CRO",
      "m" : "4611686018428503358"
    }, {
      "d" : "1756440293908422007",
      "t" : 1756440293908,
      "tn" : 1756440293908422007,
      "q" : "29",
      "p" : "1.2020",
      "s" : "sell",
      "i" : "LCRO_CRO",
      "m" : "4611686018428503357"
    }, {
      "d" : "1756440293906895878",
      "t" : 1756440293906,
      "tn" : 1756440293906895878,
      "q" : "29",
      "p" : "1.2020",
      "s" : "sell",
      "i" : "LCRO_CRO",
      "m" : "4611686018428503356"
    }, {
      "d" : "1756440293901142665",
      "t" : 1756440293901,
      "tn" : 1756440293901142665,
      "q" : "142",
      "p" : "1.2020",
      "s" : "sell",
      "i" : "LCRO_CRO",
      "m" : "4611686018428503355"
    }, {
      "d" : "1756440293847207539",
      "t" : 1756440293847,
      "tn" : 1756440293847207539,
      "q" : "459",
      "p" : "1.2030",
      "s" : "sell",
      "i" : "LCRO_CRO",
      "m" : "4611686018428503354"
    }, {
      "d" : "1756440082851123875",
      "t" : 1756440082851,
      "tn" : 1756440082851123875,
      "q" : "212",
      "p" : "1.2050",
      "s" : "buy",
      "i" : "LCRO_CRO",
      "m" : "4611686018428503353"
    }, {
      "d" : "1756439665466477686",
      "t" : 1756439665466,
      "tn" : 1756439665466477686,
      "q" : "42",
      "p" : "1.2050",
      "s" : "buy",
      "i" : "LCRO_CRO",
      "m" : "4611686018428503352"
    }, {
      "d" : "1756439170556934018",
      "t" : 1756439170556,
      "tn" : 1756439170556934018,
      "q" : "89",
      "p" : "1.2030",
      "s" : "sell",
      "i" : "LCRO_CRO",
      "m" : "4611686018428503351"
    }, {
      "d" : "1756434726455161041",
      "t" : 1756434726455,
      "tn" : 1756434726455161041,
      "q" : "34",
      "p" : "1.2050",
      "s" : "buy",
      "i" : "LCRO_CRO",
      "m" : "4611686018428503350"
    }, {
      "d" : "1756434726162492184",
      "t" : 1756434726162,
      "tn" : 1756434726162492184,
      "q" : "3",
      "p" : "1.2050",
      "s" : "buy",
      "i" : "LCRO_CRO",
      "m" : "4611686018428503349"
    }, {
      "d" : "1756434725450321457",
      "t" : 1756434725450,
      "tn" : 1756434725450321457,
      "q" : "3",
      "p" : "1.2050",
      "s" : "buy",
      "i" : "LCRO_CRO",
      "m" : "4611686018428503348"
    }, {
      "d" : "1756434569109767437",
      "t" : 1756434569109,
      "tn" : 1756434569109767437,
      "q" : "26",
      "p" : "1.2030",
      "s" : "sell",
      "i" : "LCRO_CRO",
      "m" : "4611686018428503347"
    }, {
      "d" : "1756434569100186472",
      "t" : 1756434569100,
      "tn" : 1756434569100186472,
      "q" : "257",
      "p" : "1.2030",
      "s" : "sell",
      "i" : "LCRO_CRO",
      "m" : "4611686018428503346"
    }, {
      "d" : "1756430365025271624",
      "t" : 1756430365025,
      "tn" : 1756430365025271624,
      "q" : "35",
      "p" : "1.2050",
      "s" : "buy",
      "i" : "LCRO_CRO",
      "m" : "4611686018428503345"
    }, {
      "d" : "1756430227491570240",
      "t" : 1756430227491,
      "tn" : 1756430227491570240,
      "q" : "108",
      "p" : "1.2050",
      "s" : "buy",
      "i" : "LCRO_CRO",
      "m" : "4611686018428503344"
    }, {
      "d" : "1756430227491568346",
      "t" : 1756430227491,
      "tn" : 1756430227491568346,
      "q" : "1",
      "p" : "1.2040",
      "s" : "buy",
      "i" : "LCRO_CRO",
      "m" : "4611686018428503343"
    }, {
      "d" : "1756430132123272415",
      "t" : 1756430132123,
      "tn" : 1756430132123272415,
      "q" : "176",
      "p" : "1.2020",
      "s" : "buy",
      "i" : "LCRO_CRO",
      "m" : "4611686018428503342"
    }, {
      "d" : "1756430119935878489",
      "t" : 1756430119935,
      "tn" : 1756430119935878489,
      "q" : "128",
      "p" : "1.2020",
      "s" : "buy",
      "i" : "LCRO_CRO",
      "m" : "4611686018428503341"
    }, {
      "d" : "1756430119770697104",
      "t" : 1756430119770,
      "tn" : 1756430119770697104,
      "q" : "280",
      "p" : "1.2020",
      "s" : "buy",
      "i" : "LCRO_CRO",
      "m" : "4611686018428503340"
    }, {
      "d" : "1756430119695792583",
      "t" : 1756430119695,
      "tn" : 1756430119695792583,
      "q" : "186",
      "p" : "1.2020",
      "s" : "buy",
      "i" : "LCRO_CRO",
      "m" : "4611686018428503339"
    }, {
      "d" : "1756430119214219966",
      "t" : 1756430119214,
      "tn" : 1756430119214219966,
      "q" : "630",
      "p" : "1.2000",
      "s" : "buy",
      "i" : "LCRO_CRO",
      "m" : "4611686018428503338"
    }, {
      "d" : "1756429918641280027",
      "t" : 1756429918641,
      "tn" : 1756429918641280027,
      "q" : "170",
      "p" : "1.1980",
      "s" : "buy",
      "i" : "LCRO_CRO",
      "m" : "4611686018428503337"
    }, {
      "d" : "1756427520639232927",
      "t" : 1756427520639,
      "tn" : 1756427520639232927,
      "q" : "314",
      "p" : "1.1950",
      "s" : "buy",
      "i" : "LCRO_CRO",
      "m" : "4611686018428503336"
    }, {
      "d" : "1756427520637502550",
      "t" : 1756427520637,
      "tn" : 1756427520637502550,
      "q" : "401",
      "p" : "1.1950",
      "s" : "buy",
      "i" : "LCRO_CRO",
      "m" : "4611686018428503335"
    }, {
      "d" : "1756426429698873999",
      "t" : 1756426429698,
      "tn" : 1756426429698873999,
      "q" : "24",
      "p" : "1.1950",
      "s" : "buy",
      "i" : "LCRO_CRO",
      "m" : "4611686018428503334"
    }, {
      "d" : "1756426429667507949",
      "t" : 1756426429667,
      "tn" : 1756426429667507949,
      "q" : "98",
      "p" : "1.1950",
      "s" : "buy",
      "i" : "LCRO_CRO",
      "m" : "4611686018428503333"
    }, {
      "d" : "1756425780297663470",
      "t" : 1756425780297,
      "tn" : 1756425780297663470,
      "q" : "836",
      "p" : "1.1960",
      "s" : "sell",
      "i" : "LCRO_CRO",
      "m" : "4611686018428503332"
    } ]
  }
}