{
  "id" : -1,
  "method" : "public/get-trades",
  "code" : 0,
  "result" : {
    "data" : [ {
      "d" : "1756460451640081969",
      "t" : 1756460451640,
      "tn" : 1756460451640081969,
      "q" : "30.3",
      "p" : "1.1982",
      "s" : "sell",
      "i" : "LDO_USD",
      "m" : "4611686018430550172"
    }, {
      "d" : "1756460451630031523",
      "t" : 1756460451630,
      "tn" : 1756460451630031523,
      "q" : "9.4",
      "p" : "1.1982",
      "s" : "buy",
      "i" : "LDO_USD",
      "m" : "4611686018430550171"
    }, {
      "d" : "1756459656718043808",
      "t" : 1756459656718,
      "tn" : 1756459656718043808,
      "q" : "10.0",
      "p" : "1.1989",
      "s" : "sell",
      "i" : "LDO_USD",
      "m" : "4611686018430550170"
    }, {
      "d" : "1756459364802226715",
      "t" : 1756459364802,
      "tn" : 1756459364802226715,
      "q" : "20.3",
      "p" : "1.2025",
      "s" : "sell",
      "i" : "LDO_USD",
      "m" : "4611686018430550169"
    }, {
      "d" : "1756459170432577362",
      "t" : 1756459170432,
      "tn" : 1756459170432577362,
      "q" : "163.9",
      "p" : "1.1972",
      "s" : "buy",
      "i" : "LDO_USD",
      "m" : "4611686018430550168"
    }, {
      "d" : "1756459170432576100",
      "t" : 1756459170432,
      "tn" : 1756459170432576100,
      "q" : "1.0",
      "p" : "1.1969",
      "s" : "buy",
      "i" : "LDO_USD",
      "m" : "4611686018430550167"
    }, {
      "d" : "1756459132687918783",
      "t" : 1756459132687,
      "tn" : 1756459132687918783,
      "q" : "276.6",
      "p" : "1.1953",
      "s" : "sell",
      "i" : "LDO_USD",
      "m" : "4611686018430550166"
    }, {
      "d" : "1756459069510951842",
      "t" : 1756459069510,
      "tn" : 1756459069510951842,
      "q" : "94.1",
      "p" : "1.1948",
      "s" : "sell",
      "i" : "LDO_USD",
      "m" : "4611686018430550165"
    }, {
      "d" : "1756459069221812227",
      "t" : 1756459069221,
      "tn" : 1756459069221812227,
      "q" : "212.7",
      "p" : "1.1948",
      "s" : "sell",
      "i" : "LDO_USD",
      "m" : "4611686018430550164"
    }, {
      "d" : "1756459069082282884",
      "t" : 1756459069082,
      "tn" : 1756459069082282884,
      "q" : "219.2",
      "p" : "1.1948",
      "s" : "sell",
      "i" : "LDO_USD",
      "m" : "4611686018430550163"
    }, {
      "d" : "1756459068970289648",
      "t" : 1756459068970,
      "tn" : 1756459068970289648,
      "q" : "222.0",
      "p" : "1.1948",
      "s" : "sell",
      "i" : "LDO_USD",
      "m" : "4611686018430550162"
    }, {
      "d" : "1756459068853850827",
      "t" : 1756459068853,
      "tn" : 1756459068853850827,
      "q" : "227.6",
      "p" : "1.1948",
      "s" : "sell",
      "i" : "LDO_USD",
      "m" : "4611686018430550161"
    }, {
      "d" : "1756459068845207381",
      "t" : 1756459068845,
      "tn" : 1756459068845207381,
      "q" : "209.2",
      "p" : "1.1948",
      "s" : "buy",
      "i" : "LDO_USD",
      "m" : "4611686018430550160"
    }, {
      "d" : "1756459065650163178",
      "t" : 1756459065650,
      "tn" : 1756459065650163178,
      "q" : "224.2",
      "p" : "1.1948",
      "s" : "sell",
      "i" : "LDO_USD",
      "m" : "4611686018430550159"
    }, {
      "d" : "1756459063587791562",
      "t" : 1756459063587,
      "tn" : 1756459063587791562,
      "q" : "217.7",
      "p" : "1.1948",
      "s" : "sell",
      "i" : "LDO_USD",
      "m" : "4611686018430550158"
    }, {
      "d" : "1756459063475872476",
      "t" : 1756459063475,
      "tn" : 1756459063475872476,
      "q" : "238.5",
      "p" : "1.1948",
      "s" : "sell",
      "i" : "LDO_USD",
      "m" : "4611686018430550157"
    }, {
      "d" : "1756459063363636962",
      "t" : 1756459063363,
      "tn" : 1756459063363636962,
      "q" : "232.4",
      "p" : "1.1948",
      "s" : "sell",
      "i" : "LDO_USD",
      "m" : "4611686018430550156"
    }, {
      "d" : "1756459062620773482",
      "t" : 1756459062620,
      "tn" : 1756459062620773482,
      "q" : "9.4",
      "p" : "1.1948",
      "s" : "buy",
      "i" : "LDO_USD",
      "m" : "4611686018430550155"
    }, {
      "d" : "1756458540350588876",
      "t" : 1756458540350,
      "tn" : 1756458540350588876,
      "q" : "7.9",
      "p" : "1.1907",
      "s" : "sell",
      "i" : "LDO_USD",
      "m" : "4611686018430550154"
    }, {
      "d" : "1756458099602288405",
      "t" : 1756458099602,
      "tn" : 1756458099602288405,
      "q" : "105.0",
      "p" : "1.1939",
      "s" : "buy",
      "i" : "LDO_USD",
      "m" : "4611686018430550153"
    }, {
      "d" : "1756458024136716318",
      "t" : 1756458024136,
      "tn" : 1756458024136716318,
      "q" : "148.6",
      "p" : "1.1939",
      "s" : "sell",
      "i" : "LDO_USD",
      "m" : "4611686018430550152"
    }, {
      "d" : "1756457540001897543",
      "t" : 1756457540001,
      "tn" : 1756457540001897543,
      "q" : "274.8",
      "p" : "1.1971",
      "s" : "sell",
      "i" : "LDO_USD",
      "m" : "4611686018430550151"
    }, {
      "d" : "1756457443552623628",
      "t" : 1756457443552,
      "tn" : 1756457443552623628,
      "q" : "276.6",
      "p" : "1.1972",
      "s" : "sell",
      "i" : "LDO_USD",
      "m" : "4611686018430550150"
    }, {
      "d" : "1756457394067837696",
      "t" : 1756457394067,
      "tn" : 1756457394067837696,
      "q" : "5.4",
      "p" : "1.1970",
      "s" : "buy",
      "i" : "LDO_USD",
      "m" : "4611686018430550149"
    }, {
      "d" : "1756456929771522914",
      "t" : 1756456929771,
      "tn" : 1756456929771522914,
      "q" : "13.1",
      "p" : "1.1994",
      "s" : "buy",
      "i" : "LDO_USD",
      "m" : "4611686018430550148"
    }, {
      "d" : "1756456364218746528",
      "t" : 1756456364218,
      "tn" : 1756456364218746528,
      "q" : "280.4",
      "p" : "1.2006",
      "s" : "sell",
      "i" : "LDO_USD",
      "m" : "4611686018430550147"
    }, {
      "d" : "1756456115162383402",
      "t" : 1756456115162,
      "tn" : 1756456115162383402,
      "q" : "281.6",
      "p" : "1.1981",
      "s" : "sell",
      "i" : "LDO_USD",
      "m" : "4611686018430550146"
    }, {
      "d" : "1756455854458653916",
      "t" : 1756455854458,
      "tn" : 1756455854458653916,
      "q" : "286.8",
      "p" : "1.1968",
      "s" : "sell",
      "i" : "LDO_USD",
      "m" : "4611686018430550145"
    }, {
      "d" : "1756455640944633417",
      "t" : 1756455640944,
      "tn" : 1756455640944633417,
      "q" : "129.6",
      "p" : "1.1988",
      "s" : "sell",
      "i" : "LDO_USD",
      "m" : "4611686018430550144"
    }, {
      "d" : "1756455636891999417",
      "t" : 1756455636891,
      "tn" : 1756455636891999417,
      "q" : "1.2",
      "p" : "1.2001",
      "s" : "buy",
      "i" : "LDO_USD",
      "m" : "4611686018430550143"
    }, {
      "d" : "1756455615577919381",
      "t" : 1756455615577,
      "tn" : 1756455615577919381,
      "q" : "249.7",
      "p" : "1.1990",
      "s" : "sell",
      "i" : "LDO_USD",
      "m" : "4611686018430550142"
    }, {
      "d" : "1756455447722811125",
      "t" : 1756455447722,
      "tn" : 1756455447722811125,
      "q" : "592.4",
      "p" : "1.1976",
      "s" : "sell",
      "i" : "LDO_USD",
      "m" : "4611686018430550141"
    }, {
      "d" : "1756455447720607552",
      "t" : 1756455447720,
      "tn" : 1756455447720607552,
      "q" : "286.2",
      "p" : "1.1976",
      "s" : "sell",
      "i" : "LDO_USD",
      "m" : "4611686018430550140"
    }, {
      "d" : "1756455447717881591",
      "t" : 1756455447717,
      "tn" : 1756455447717881591,
      "q" : "9.4",
      "p" : "1.1976",
      "s" : "buy",
      "i" : "LDO_USD",
      "m" : "4611686018430550139"
    }, {
      "d" : "1756455427707049832",
      "t" : 1756455427707,
      "tn" : 1756455427707049832,
      "q" : "601.3",
      "p" : "1.2023",
      "s" : "sell",
      "i" : "LDO_USD",
      "m" : "4611686018430550138"
    }, {
      "d" : "1756455427707046674",
      "t" : 1756455427707,
      "tn" : 1756455427707046674,
      "q" : "646.3",
      "p" : "1.2023",
      "s" : "sell",
      "i" : "LDO_USD",
      "m" : "4611686018430550137"
    }, {
      "d" : "1756455427707044427",
      "t" : 1756455427707,
      "tn" : 1756455427707044427,
      "q" : "207.8",
      "p" : "1.2028",
      "s" : "sell",
      "i" : "LDO_USD",
      "m" : "4611686018430550136"
    }, {
      "d" : "1756455089270534400",
      "t" : 1756455089270,
      "tn" : 1756455089270534400,
      "q" : "274.6",
      "p" : "1.2055",
      "s" : "sell",
      "i" : "LDO_USD",
      "m" : "4611686018430550135"
    }, {
      "d" : "1756454816934330627",
      "t" : 1756454816934,
      "tn" : 1756454816934330627,
      "q" : "274.9",
      "p" : "1.2102",
      "s" : "sell",
      "i" : "LDO_USD",
      "m" : "4611686018430550134"
    }, {
      "d" : "1756454581989134764",
      "t" : 1756454581989,
      "tn" : 1756454581989134764,
      "q" : "1.0",
      "p" : "1.2121",
      "s" : "buy",
      "i" : "LDO_USD",
      "m" : "4611686018430550133"
    }, {
      "d" : "1756454574818756924",
      "t" : 1756454574818,
      "tn" : 1756454574818756924,
      "q" : "9.3",
      "p" : "1.2125",
      "s" : "buy",
      "i" : "LDO_USD",
      "m" : "4611686018430550132"
    }, {
      "d" : "1756454574818754298",
      "t" : 1756454574818,
      "tn" : 1756454574818754298,
      "q" : "1.0",
      "p" : "1.2123",
      "s" : "buy",
      "i" : "LDO_USD",
      "m" : "4611686018430550131"
    }, {
      "d" : "1756454569445136060",
      "t" : 1756454569445,
      "tn" : 1756454569445136060,
      "q" : "206.1",
      "p" : "1.2124",
      "s" : "sell",
      "i" : "LDO_USD",
      "m" : "4611686018430550130"
    }, {
      "d" : "1756454134892772217",
      "t" : 1756454134892,
      "tn" : 1756454134892772217,
      "q" : "75.1",
      "p" : "1.2159",
      "s" : "sell",
      "i" : "LDO_USD",
      "m" : "4611686018430550129"
    }, {
      "d" : "1756454132960895290",
      "t" : 1756454132960,
      "tn" : 1756454132960895290,
      "q" : "1.0",
      "p" : "1.2159",
      "s" : "buy",
      "i" : "LDO_USD",
      "m" : "4611686018430550128"
    }, {
      "d" : "1756454126848140608",
      "t" : 1756454126848,
      "tn" : 1756454126848140608,
      "q" : "1.0",
      "p" : "1.2160",
      "s" : "buy",
      "i" : "LDO_USD",
      "m" : "4611686018430550127"
    }, {
      "d" : "1756454120992627246",
      "t" : 1756454120992,
      "tn" : 1756454120992627246,
      "q" : "1.0",
      "p" : "1.2158",
      "s" : "buy",
      "i" : "LDO_USD",
      "m" : "4611686018430550126"
    }, {
      "d" : "1756454114903234519",
      "t" : 1756454114903,
      "tn" : 1756454114903234519,
      "q" : "1.0",
      "p" : "1.2163",
      "s" : "buy",
      "i" : "LDO_USD",
      "m" : "4611686018430550125"
    }, {
      "d" : "1756454108934260768",
      "t" : 1756454108934,
      "tn" : 1756454108934260768,
      "q" : "1.0",
      "p" : "1.2163",
      "s" : "buy",
      "i" : "LDO_USD",
      "m" : "4611686018430550124"
    }, {
      "d" : "1756454102673198235",
      "t" : 1756454102673,
      "tn" : 1756454102673198235,
      "q" : "1.0",
      "p" : "1.2162",
      "s" : "buy",
      "i" : "LDO_USD",
      "m" : "4611686018430550123"
    }, {
      "d" : "1756454096772806789",
      "t" : 1756454096772,
      "tn" : 1756454096772806789,
      "q" : "1.0",
      "p" : "1.2160",
      "s" : "buy",
      "i" : "LDO_USD",
      "m" : "4611686018430550122"
    }, {
      "d" : "1756454090747742259",
      "t" : 1756454090747,
      "tn" : 1756454090747742259,
      "q" : "1.0",
      "p" : "1.2160",
      "s" : "buy",
      "i" : "LDO_USD",
      "m" : "4611686018430550121"
    }, {
      "d" : "1756454002366210164",
      "t" : 1756454002366,
      "tn" : 1756454002366210163,
      "q" : "1.0",
      "p" : "1.2181",
      "s" : "buy",
      "i" : "LDO_USD",
      "m" : "4611686018430550120"
    }, {
      "d" : "1756454002366210163",
      "t" : 1756454002366,
      "tn" : 1756454002366210163,
      "q" : "9.2",
      "p" : "1.2181",
      "s" : "buy",
      "i" : "LDO_USD",
      "m" : "4611686018430550120"
    }, {
      "d" : "1756453572066970615",
      "t" : 1756453572066,
      "tn" : 1756453572066970615,
      "q" : "9.2",
      "p" : "1.2185",
      "s" : "buy",
      "i" : "LDO_USD",
      "m" : "4611686018430550119"
    }, {
      "d" : "1756453572066968376",
      "t" : 1756453572066,
      "tn" : 1756453572066968375,
      "q" : "52.8",
      "p" : "1.2183",
      "s" : "buy",
      "i" : "LDO_USD",
      "m" : "4611686018430550118"
    }, {
      "d" : "1756453572066968375",
      "t" : 1756453572066,
      "tn" : 1756453572066968375,
      "q" : "1.0",
      "p" : "1.2183",
      "s" : "buy",
      "i" : "LDO_USD",
      "m" : "4611686018430550118"
    }, {
      "d" : "1756453572066964456",
      "t" : 1756453572066,
      "tn" : 1756453572066964456,
      "q" : "205.2",
      "p" : "1.2182",
      "s" : "buy",
      "i" : "LDO_USD",
      "m" : "4611686018430550117"
    }, {
      "d" : "1756453086720491193",
      "t" : 1756453086720,
      "tn" : 1756453086720491193,
      "q" : "28.5",
      "p" : "1.2172",
      "s" : "buy",
      "i" : "LDO_USD",
      "m" : "4611686018430550116"
    }, {
      "d" : "1756452855730292306",
      "t" : 1756452855730,
      "tn" : 1756452855730292306,
      "q" : "205.7",
      "p" : "1.2192",
      "s" : "sell",
      "i" : "LDO_USD",
      "m" : "4611686018430550115"
    }, {
      "d" : "1756452810173696282",
      "t" : 1756452810173,
      "tn" : 1756452810173696282,
      "q" : "209.8",
      "p" : "1.2193",
      "s" : "sell",
      "i" : "LDO_USD",
      "m" : "4611686018430550114"
    }, {
      "d" : "1756452809943693084",
      "t" : 1756452809943,
      "tn" : 1756452809943693084,
      "q" : "65.0",
      "p" : "1.2196",
      "s" : "sell",
      "i" : "LDO_USD",
      "m" : "4611686018430550113"
    }, {
      "d" : "1756452800483621580",
      "t" : 1756452800483,
      "tn" : 1756452800483621580,
      "q" : "216.3",
      "p" : "1.2196",
      "s" : "sell",
      "i" : "LDO_USD",
      "m" : "4611686018430550112"
    }, {
      "d" : "1756452696068067739",
      "t" : 1756452696068,
      "tn" : 1756452696068067739,
      "q" : "216.6",
      "p" : "1.2171",
      "s" : "sell",
      "i" : "LDO_USD",
      "m" : "4611686018430550111"
    }, {
      "d" : "1756452616779410292",
      "t" : 1756452616779,
      "tn" : 1756452616779410292,
      "q" : "25.8",
      "p" : "1.2174",
      "s" : "sell",
      "i" : "LDO_USD",
      "m" : "4611686018430550110"
    }, {
      "d" : "1756452615813199917",
      "t" : 1756452615813,
      "tn" : 1756452615813199917,
      "q" : "1.0",
      "p" : "1.2174",
      "s" : "buy",
      "i" : "LDO_USD",
      "m" : "4611686018430550109"
    }, {
      "d" : "1756452609813633717",
      "t" : 1756452609813,
      "tn" : 1756452609813633717,
      "q" : "1.0",
      "p" : "1.2170",
      "s" : "buy",
      "i" : "LDO_USD",
      "m" : "4611686018430550108"
    }, {
      "d" : "1756452337217352249",
      "t" : 1756452337217,
      "tn" : 1756452337217352249,
      "q" : "205.3",
      "p" : "1.2171",
      "s" : "sell",
      "i" : "LDO_USD",
      "m" : "4611686018430550107"
    }, {
      "d" : "1756452129749260213",
      "t" : 1756452129749,
      "tn" : 1756452129749260212,
      "q" : "33.0",
      "p" : "1.2184",
      "s" : "buy",
      "i" : "LDO_USD",
      "m" : "4611686018430550106"
    }, {
      "d" : "1756452129749260212",
      "t" : 1756452129749,
      "tn" : 1756452129749260212,
      "q" : "1.0",
      "p" : "1.2184",
      "s" : "buy",
      "i" : "LDO_USD",
      "m" : "4611686018430550106"
    }, {
      "d" : "1756451964648403987",
      "t" : 1756451964648,
      "tn" : 1756451964648403987,
      "q" : "205.3",
      "p" : "1.2176",
      "s" : "sell",
      "i" : "LDO_USD",
      "m" : "4611686018430550105"
    }, {
      "d" : "1756451682906659491",
      "t" : 1756451682906,
      "tn" : 1756451682906659491,
      "q" : "367.5",
      "p" : "1.2173",
      "s" : "sell",
      "i" : "LDO_USD",
      "m" : "4611686018430550104"
    }, {
      "d" : "1756451682906649406",
      "t" : 1756451682906,
      "tn" : 1756451682906649406,
      "q" : "864.7",
      "p" : "1.2173",
      "s" : "sell",
      "i" : "LDO_USD",
      "m" : "4611686018430550103"
    }, {
      "d" : "1756451682906647951",
      "t" : 1756451682906,
      "tn" : 1756451682906647951,
      "q" : "205.3",
      "p" : "1.2174",
      "s" : "sell",
      "i" : "LDO_USD",
      "m" : "4611686018430550102"
    }, {
      "d" : "1756451177634106065",
      "t" : 1756451177634,
      "tn" : 1756451177634106065,
      "q" : "203.3",
      "p" : "1.2293",
      "s" : "sell",
      "i" : "LDO_USD",
      "m" : "4611686018430550101"
    }, {
      "d" : "1756451053772593803",
      "t" : 1756451053772,
      "tn" : 1756451053772593803,
      "q" : "9.6",
      "p" : "1.2326",
      "s" : "sell",
      "i" : "LDO_USD",
      "m" : "4611686018430550100"
    }, {
      "d" : "1756451038564140398",
      "t" : 1756451038564,
      "tn" : 1756451038564140398,
      "q" : "1.0",
      "p" : "1.2303",
      "s" : "buy",
      "i" : "LDO_USD",
      "m" : "4611686018430550099"
    }, {
      "d" : "1756450965334740327",
      "t" : 1756450965334,
      "tn" : 1756450965334740327,
      "q" : "627.5",
      "p" : "1.2290",
      "s" : "sell",
      "i" : "LDO_USD",
      "m" : "4611686018430550098"
    }, {
      "d" : "1756450965333614111",
      "t" : 1756450965333,
      "tn" : 1756450965333614111,
      "q" : "251.5",
      "p" : "1.2290",
      "s" : "sell",
      "i" : "LDO_USD",
      "m" : "4611686018430550097"
    }, {
      "d" : "1756450965329179649",
      "t" : 1756450965329,
      "tn" : 1756450965329179649,
      "q" : "1.0",
      "p" : "1.2290",
      "s" : "buy",
      "i" : "LDO_USD",
      "m" : "4611686018430550096"
    }, {
      "d" : "1756450953041431236",
      "t" : 1756450953041,
      "tn" : 1756450953041431236,
      "q" : "203.6",
      "p" : "1.2278",
      "s" : "sell",
      "i" : "LDO_USD",
      "m" : "4611686018430550095"
    }, {
      "d" : "1756450953041429697",
      "t" : 1756450953041,
      "tn" : 1756450953041429697,
      "q" : "106.3",
      "p" : "1.2280",
      "s" : "sell",
      "i" : "LDO_USD",
      "m" : "4611686018430550094"
    }, {
      "d" : "1756450953040912679",
      "t" : 1756450953040,
      "tn" : 1756450953040912679,
      "q" : "98.3",
      "p" : "1.2280",
      "s" : "sell",
      "i" : "LDO_USD",
      "m" : "4611686018430550093"
    }, {
      "d" : "1756450952987409528",
      "t" : 1756450952987,
      "tn" : 1756450952987409528,
      "q" : "14.8",
      "p" : "1.2302",
      "s" : "sell",
      "i" : "LDO_USD",
      "m" : "4611686018430550092"
    }, {
      "d" : "1756450952984501830",
      "t" : 1756450952984,
      "tn" : 1756450952984501830,
      "q" : "1.0",
      "p" : "1.2302",
      "s" : "buy",
      "i" : "LDO_USD",
      "m" : "4611686018430550091"
    }, {
      "d" : "1756450949552689356",
      "t" : 1756450949552,
      "tn" : 1756450949552689356,
      "q" : "81.3",
      "p" : "1.2294",
      "s" : "sell",
      "i" : "LDO_USD",
      "m" : "4611686018430550090"
    }, {
      "d" : "1756450949532059812",
      "t" : 1756450949532,
      "tn" : 1756450949532059812,
      "q" : "14.1",
      "p" : "1.2307",
      "s" : "sell",
      "i" : "LDO_USD",
      "m" : "4611686018430550089"
    }, {
      "d" : "1756450947162224818",
      "t" : 1756450947162,
      "tn" : 1756450947162224817,
      "q" : "14.1",
      "p" : "1.2340",
      "s" : "sell",
      "i" : "LDO_USD",
      "m" : "4611686018430550088"
    }, {
      "d" : "1756450947162224817",
      "t" : 1756450947162,
      "tn" : 1756450947162224817,
      "q" : "14.2",
      "p" : "1.2340",
      "s" : "sell",
      "i" : "LDO_USD",
      "m" : "4611686018430550088"
    }, {
      "d" : "1756450571137579690",
      "t" : 1756450571137,
      "tn" : 1756450571137579690,
      "q" : "226.1",
      "p" : "1.2382",
      "s" : "sell",
      "i" : "LDO_USD",
      "m" : "4611686018430550087"
    }, {
      "d" : "1756450571025591614",
      "t" : 1756450571025,
      "tn" : 1756450571025591614,
      "q" : "239.9",
      "p" : "1.2382",
      "s" : "sell",
      "i" : "LDO_USD",
      "m" : "4611686018430550086"
    }, {
      "d" : "1756450570918572467",
      "t" : 1756450570918,
      "tn" : 1756450570918572467,
      "q" : "241.3",
      "p" : "1.2382",
      "s" : "sell",
      "i" : "LDO_USD",
      "m" : "4611686018430550085"
    }, {
      "d" : "1756449995076695298",
      "t" : 1756449995076,
      "tn" : 1756449995076695298,
      "q" : "79.3",
      "p" : "1.2413",
      "s" : "sell",
      "i" : "LDO_USD",
      "m" : "4611686018430550084"
    }, {
      "d" : "1756449833128951402",
      "t" : 1756449833128,
      "tn" : 1756449833128951402,
      "q" : "437.1",
      "p" : "1.2389",
      "s" : "sell",
      "i" : "LDO_USD",
      "m" : "4611686018430550083"
    }, {
      "d" : "1756449827130161630",
      "t" : 1756449827130,
      "tn" : 1756449827130161630,
      "q" : "161.0",
      "p" : "1.2405",
      "s" : "sell",
      "i" : "LDO_USD",
      "m" : "4611686018430550082"
    }, {
      "d" : "1756449824058343322",
      "t" : 1756449824058,
      "tn" : 1756449824058343322,
      "q" : "161.0",
      "p" : "1.2407",
      "s" : "sell",
      "i" : "LDO_USD",
      "m" : "4611686018430550081"
    }, {
      "d" : "1756449823551586840",
      "t" : 1756449823551,
      "tn" : 1756449823551586840,
      "q" : "180.9",
      "p" : "1.2406",
      "s" : "sell",
      "i" : "LDO_USD",
      "m" : "4611686018430550080"
    }, {
      "d" : "1756449732299942032",
      "t" : 1756449732299,
      "tn" : 1756449732299942032,
      "q" : "351.4",
      "p" : "1.2395",
      "s" : "sell",
      "i" : "LDO_USD",
      "m" : "4611686018430550079"
    }, {
      "d" : "1756449567063464216",
      "t" : 1756449567063,
      "tn" : 1756449567063464216,
      "q" : "82.9",
      "p" : "1.2394",
      "s" : "buy",
      "i" : "LDO_USD",
      "m" : "4611686018430550078"
    }, {
      "d" : "1756449567062835884",
      "t" : 1756449567062,
      "tn" : 1756449567062835884,
      "q" : "242.5",
      "p" : "1.2394",
      "s" : "buy",
      "i" : "LDO_USD",
      "m" : "4611686018430550077"
    }, {
      "d" : "1756449567062413658",
      "t" : 1756449567062,
      "tn" : 1756449567062413658,
      "q" : "884.8",
      "p" : "1.2394",
      "s" : "buy",
      "i" : "LDO_USD",
      "m" : "4611686018430550076"
    }, {
      "d" : "1756449555472167091",
      "t" : 1756449555472,
      "tn" : 1756449555472167091,
      "q" : "210.9",
      "p" : "1.2404",
      "s" : "buy",
      "i" : "LDO_USD",
      "m" : "4611686018430550075"
    }, {
      "d" : "1756449555358417133",
      "t" : 1756449555358,
      "tn" : 1756449555358417133,
      "q" : "209.0",
      "p" : "1.2404",
      "s" : "buy",
      "i" : "LDO_USD",
      "m" : "4611686018430550074"
    }, {
      "d" : "1756449549663050874",
      "t" : 1756449549663,
      "tn" : 1756449549663050874,
      "q" : "197.6",
      "p" : "1.2382",
      "s" : "buy",
      "i" : "LDO_USD",
      "m" : "4611686018430550073"
    }, {
      "d" : "1756449549662147139",
      "t" : 1756449549662,
      "tn" : 1756449549662147139,
      "q" : "9.1",
      "p" : "1.2380",
      "s" : "buy",
      "i" : "LDO_USD",
      "m" : "4611686018430550072"
    }, {
      "d" : "1756449549661068986",
      "t" : 1756449549661,
      "tn" : 1756449549661068986,
      "q" : "1.0",
      "p" : "1.2371",
      "s" : "buy",
      "i" : "LDO_USD",
      "m" : "4611686018430550071"
    }, {
      "d" : "1756449470377200421",
      "t" : 1756449470377,
      "tn" : 1756449470377200421,
      "q" : "5.4",
      "p" : "1.2373",
      "s" : "buy",
      "i" : "LDO_USD",
      "m" : "4611686018430550070"
    }, {
      "d" : "1756449255258779788",
      "t" : 1756449255258,
      "tn" : 1756449255258779787,
      "q" : "0.9",
      "p" : "1.2364",
      "s" : "buy",
      "i" : "LDO_USD",
      "m" : "4611686018430550069"
    }, {
      "d" : "1756449255258779787",
      "t" : 1756449255258,
      "tn" : 1756449255258779787,
      "q" : "9.1",
      "p" : "1.2364",
      "s" : "buy",
      "i" : "LDO_USD",
      "m" : "4611686018430550069"
    }, {
      "d" : "1756448707352376128",
      "t" : 1756448707352,
      "tn" : 1756448707352376128,
      "q" : "111.2",
      "p" : "1.2354",
      "s" : "sell",
      "i" : "LDO_USD",
      "m" : "4611686018430550068"
    }, {
      "d" : "1756448707352372772",
      "t" : 1756448707352,
      "tn" : 1756448707352372772,
      "q" : "1213.8",
      "p" : "1.2357",
      "s" : "sell",
      "i" : "LDO_USD",
      "m" : "4611686018430550067"
    }, {
      "d" : "1756448707352367752",
      "t" : 1756448707352,
      "tn" : 1756448707352367752,
      "q" : "111.7",
      "p" : "1.2360",
      "s" : "sell",
      "i" : "LDO_USD",
      "m" : "4611686018430550066"
    }, {
      "d" : "1756448707352363878",
      "t" : 1756448707352,
      "tn" : 1756448707352363878,
      "q" : "90.5",
      "p" : "1.2360",
      "s" : "sell",
      "i" : "LDO_USD",
      "m" : "4611686018430550065"
    }, {
      "d" : "1756446861033950118",
      "t" : 1756446861033,
      "tn" : 1756446861033950118,
      "q" : "124.3",
      "p" : "1.2454",
      "s" : "sell",
      "i" : "LDO_USD",
      "m" : "4611686018430550064"
    }, {
      "d" : "1756446861033948551",
      "t" : 1756446861033,
      "tn" : 1756446861033948551,
      "q" : "200.7",
      "p" : "1.2455",
      "s" : "sell",
      "i" : "LDO_USD",
      "m" : "4611686018430550063"
    }, {
      "d" : "1756446861033945499",
      "t" : 1756446861033,
      "tn" : 1756446861033945499,
      "q" : "200.6",
      "p" : "1.2456",
      "s" : "sell",
      "i" : "LDO_USD",
      "m" : "4611686018430550062"
    }, {
      "d" : "1756446661581417173",
      "t" : 1756446661581,
      "tn" : 1756446661581417173,
      "q" : "1.0",
      "p" : "1.2500",
      "s" : "sell",
      "i" : "LDO_USD",
      "m" : "4611686018430550061"
    }, {
      "d" : "1756446661484727169",
      "t" : 1756446661484,
      "tn" : 1756446661484727169,
      "q" : "1.0",
      "p" : "1.2501",
      "s" : "sell",
      "i" : "LDO_USD",
      "m" : "4611686018430550060"
    }, {
      "d" : "1756446369819830971",
      "t" : 1756446369819,
      "tn" : 1756446369819830971,
      "q" : "1.0",
      "p" : "1.2497",
      "s" : "sell",
      "i" : "LDO_USD",
      "m" : "4611686018430550059"
    }, {
      "d" : "1756446233664539350",
      "t" : 1756446233664,
      "tn" : 1756446233664539350,
      "q" : "1.0",
      "p" : "1.2494",
      "s" : "sell",
      "i" : "LDO_USD",
      "m" : "4611686018430550058"
    }, {
      "d" : "1756446197140578165",
      "t" : 1756446197140,
      "tn" : 1756446197140578165,
      "q" : "1.0",
      "p" : "1.2494",
      "s" : "sell",
      "i" : "LDO_USD",
      "m" : "4611686018430550057"
    }, {
      "d" : "1756446159172857251",
      "t" : 1756446159172,
      "tn" : 1756446159172857251,
      "q" : "1.0",
      "p" : "1.2493",
      "s" : "sell",
      "i" : "LDO_USD",
      "m" : "4611686018430550056"
    }, {
      "d" : "1756446157011760547",
      "t" : 1756446157011,
      "tn" : 1756446157011760547,
      "q" : "1.0",
      "p" : "1.2493",
      "s" : "sell",
      "i" : "LDO_USD",
      "m" : "4611686018430550055"
    }, {
      "d" : "1756446156892722348",
      "t" : 1756446156892,
      "tn" : 1756446156892722348,
      "q" : "1.0",
      "p" : "1.2495",
      "s" : "sell",
      "i" : "LDO_USD",
      "m" : "4611686018430550054"
    }, {
      "d" : "1756445921090516489",
      "t" : 1756445921090,
      "tn" : 1756445921090516489,
      "q" : "1.0",
      "p" : "1.2486",
      "s" : "sell",
      "i" : "LDO_USD",
      "m" : "4611686018430550053"
    }, {
      "d" : "1756445921041944267",
      "t" : 1756445921041,
      "tn" : 1756445921041944267,
      "q" : "1.0",
      "p" : "1.2486",
      "s" : "sell",
      "i" : "LDO_USD",
      "m" : "4611686018430550052"
    }, {
      "d" : "1756445596988557778",
      "t" : 1756445596988,
      "tn" : 1756445596988557778,
      "q" : "1.0",
      "p" : "1.2488",
      "s" : "sell",
      "i" : "LDO_USD",
      "m" : "4611686018430550051"
    }, {
      "d" : "1756445596339924535",
      "t" : 1756445596339,
      "tn" : 1756445596339924535,
      "q" : "1.0",
      "p" : "1.2488",
      "s" : "sell",
      "i" : "LDO_USD",
      "m" : "4611686018430550050"
    }, {
      "d" : "1756445596024601200",
      "t" : 1756445596024,
      "tn" : 1756445596024601200,
      "q" : "1.0",
      "p" : "1.2488",
      "s" : "sell",
      "i" : "LDO_USD",
      "m" : "4611686018430550049"
    }, {
      "d" : "1756445298788368152",
      "t" : 1756445298788,
      "tn" : 1756445298788368152,
      "q" : "1.0",
      "p" : "1.2446",
      "s" : "sell",
      "i" : "LDO_USD",
      "m" : "4611686018430550048"
    }, {
      "d" : "1756445289143315457",
      "t" : 1756445289143,
      "tn" : 1756445289143315457,
      "q" : "1.0",
      "p" : "1.2446",
      "s" : "sell",
      "i" : "LDO_USD",
      "m" : "4611686018430550047"
    }, {
      "d" : "1756445268569224607",
      "t" : 1756445268569,
      "tn" : 1756445268569224607,
      "q" : "1.0",
      "p" : "1.2439",
      "s" : "sell",
      "i" : "LDO_USD",
      "m" : "4611686018430550046"
    }, {
      "d" : "1756445268342718057",
      "t" : 1756445268342,
      "tn" : 1756445268342718057,
      "q" : "1.0",
      "p" : "1.2447",
      "s" : "sell",
      "i" : "LDO_USD",
      "m" : "4611686018430550045"
    }, {
      "d" : "1756445268266562559",
      "t" : 1756445268266,
      "tn" : 1756445268266562559,
      "q" : "1.0",
      "p" : "1.2448",
      "s" : "sell",
      "i" : "LDO_USD",
      "m" : "4611686018430550044"
    }, {
      "d" : "1756445235228275949",
      "t" : 1756445235228,
      "tn" : 1756445235228275949,
      "q" : "1.0",
      "p" : "1.2455",
      "s" : "sell",
      "i" : "LDO_USD",
      "m" : "4611686018430550043"
    }, {
      "d" : "1756445235106005769",
      "t" : 1756445235106,
      "tn" : 1756445235106005769,
      "q" : "1.0",
      "p" : "1.2460",
      "s" : "sell",
      "i" : "LDO_USD",
      "m" : "4611686018430550042"
    }, {
      "d" : "1756445233164866063",
      "t" : 1756445233164,
      "tn" : 1756445233164866063,
      "q" : "1.0",
      "p" : "1.2462",
      "s" : "sell",
      "i" : "LDO_USD",
      "m" : "4611686018430550041"
    }, {
      "d" : "1756445231349974395",
      "t" : 1756445231349,
      "tn" : 1756445231349974395,
      "q" : "1.0",
      "p" : "1.2467",
      "s" : "sell",
      "i" : "LDO_USD",
      "m" : "4611686018430550040"
    }, {
      "d" : "1756445227328709843",
      "t" : 1756445227328,
      "tn" : 1756445227328709843,
      "q" : "1.0",
      "p" : "1.2469",
      "s" : "sell",
      "i" : "LDO_USD",
      "m" : "4611686018430550039"
    }, {
      "d" : "1756445227102727815",
      "t" : 1756445227102,
      "tn" : 1756445227102727815,
      "q" : "1.0",
      "p" : "1.2478",
      "s" : "sell",
      "i" : "LDO_USD",
      "m" : "4611686018430550038"
    }, {
      "d" : "1756445221743808004",
      "t" : 1756445221743,
      "tn" : 1756445221743808004,
      "q" : "1.0",
      "p" : "1.2478",
      "s" : "sell",
      "i" : "LDO_USD",
      "m" : "4611686018430550037"
    }, {
      "d" : "1756445221690739013",
      "t" : 1756445221690,
      "tn" : 1756445221690739013,
      "q" : "1.0",
      "p" : "1.2478",
      "s" : "sell",
      "i" : "LDO_USD",
      "m" : "4611686018430550036"
    }, {
      "d" : "1756445216950911806",
      "t" : 1756445216950,
      "tn" : 1756445216950911806,
      "q" : "1.0",
      "p" : "1.2479",
      "s" : "sell",
      "i" : "LDO_USD",
      "m" : "4611686018430550035"
    }, {
      "d" : "1756445216882975571",
      "t" : 1756445216882,
      "tn" : 1756445216882975571,
      "q" : "60.3",
      "p" : "1.2478",
      "s" : "sell",
      "i" : "LDO_USD",
      "m" : "4611686018430550034"
    }, {
      "d" : "1756445216881746144",
      "t" : 1756445216881,
      "tn" : 1756445216881746144,
      "q" : "1.0",
      "p" : "1.2486",
      "s" : "sell",
      "i" : "LDO_USD",
      "m" : "4611686018430550033"
    }, {
      "d" : "1756445205839067956",
      "t" : 1756445205839,
      "tn" : 1756445205839067956,
      "q" : "1.0",
      "p" : "1.2491",
      "s" : "sell",
      "i" : "LDO_USD",
      "m" : "4611686018430550032"
    }, {
      "d" : "1756445178450017983",
      "t" : 1756445178450,
      "tn" : 1756445178450017983,
      "q" : "1.0",
      "p" : "1.2492",
      "s" : "sell",
      "i" : "LDO_USD",
      "m" : "4611686018430550031"
    }, {
      "d" : "1756445178401753562",
      "t" : 1756445178401,
      "tn" : 1756445178401753562,
      "q" : "1.0",
      "p" : "1.2491",
      "s" : "sell",
      "i" : "LDO_USD",
      "m" : "4611686018430550030"
    }, {
      "d" : "1756445168812849818",
      "t" : 1756445168812,
      "tn" : 1756445168812849818,
      "q" : "1.0",
      "p" : "1.2484",
      "s" : "sell",
      "i" : "LDO_USD",
      "m" : "4611686018430550029"
    }, {
      "d" : "1756445168738564199",
      "t" : 1756445168738,
      "tn" : 1756445168738564199,
      "q" : "1.0",
      "p" : "1.2488",
      "s" : "sell",
      "i" : "LDO_USD",
      "m" : "4611686018430550028"
    } ]
  }
}