{
  "id" : -1,
  "method" : "public/get-trades",
  "code" : 0,
  "result" : {
    "data" : [ {
      "d" : "1756459364802309489",
      "t" : 1756459364802,
      "tn" : 1756459364802309489,
      "q" : "219.6",
      "p" : "1.2024",
      "s" : "sell",
      "i" : "LDO_USDT",
      "m" : "4611686018430686296"
    }, {
      "d" : "1756459175421600434",
      "t" : 1756459175421,
      "tn" : 1756459175421600434,
      "q" : "1.0",
      "p" : "1.1975",
      "s" : "buy",
      "i" : "LDO_USDT",
      "m" : "4611686018430686295"
    }, {
      "d" : "1756458911594191168",
      "t" : 1756458911594,
      "tn" : 1756458911594191168,
      "q" : "210.3",
      "p" : "1.1932",
      "s" : "sell",
      "i" : "LDO_USDT",
      "m" : "4611686018430686294"
    }, {
      "d" : "1756457693765027602",
      "t" : 1756457693765,
      "tn" : 1756457693765027602,
      "q" : "82.0",
      "p" : "1.1946",
      "s" : "sell",
      "i" : "LDO_USDT",
      "m" : "4611686018430686293"
    }, {
      "d" : "1756457693764185790",
      "t" : 1756457693764,
      "tn" : 1756457693764185790,
      "q" : "13.9",
      "p" : "1.1946",
      "s" : "sell",
      "i" : "LDO_USDT",
      "m" : "4611686018430686292"
    }, {
      "d" : "1756457693764184064",
      "t" : 1756457693764,
      "tn" : 1756457693764184064,
      "q" : "27.1",
      "p" : "1.1947",
      "s" : "sell",
      "i" : "LDO_USDT",
      "m" : "4611686018430686291"
    }, {
      "d" : "1756457693763692151",
      "t" : 1756457693763,
      "tn" : 1756457693763692151,
      "q" : "182.0",
      "p" : "1.1947",
      "s" : "sell",
      "i" : "LDO_USDT",
      "m" : "4611686018430686290"
    }, {
      "d" : "1756457635352344529",
      "t" : 1756457635352,
      "tn" : 1756457635352344529,
      "q" : "1.0",
      "p" : "1.1981",
      "s" : "buy",
      "i" : "LDO_USDT",
      "m" : "4611686018430686289"
    }, {
      "d" : "1756457540353413791",
      "t" : 1756457540353,
      "tn" : 1756457540353413791,
      "q" : "219.8",
      "p" : "1.1970",
      "s" : "sell",
      "i" : "LDO_USDT",
      "m" : "4611686018430686288"
    }, {
      "d" : "1756457443552644040",
      "t" : 1756457443552,
      "tn" : 1756457443552644040,
      "q" : "221.3",
      "p" : "1.1970",
      "s" : "sell",
      "i" : "LDO_USDT",
      "m" : "4611686018430686287"
    }, {
      "d" : "1756455569962812018",
      "t" : 1756455569962,
      "tn" : 1756455569962812018,
      "q" : "152.9",
      "p" : "1.1989",
      "s" : "sell",
      "i" : "LDO_USDT",
      "m" : "4611686018430686286"
    }, {
      "d" : "1756455430207066354",
      "t" : 1756455430207,
      "tn" : 1756455430207066354,
      "q" : "87.9",
      "p" : "1.1993",
      "s" : "sell",
      "i" : "LDO_USDT",
      "m" : "4611686018430686285"
    }, {
      "d" : "1756455429978507788",
      "t" : 1756455429978,
      "tn" : 1756455429978507787,
      "q" : "40.0",
      "p" : "1.2000",
      "s" : "sell",
      "i" : "LDO_USDT",
      "m" : "4611686018430686284"
    }, {
      "d" : "1756455429978507787",
      "t" : 1756455429978,
      "tn" : 1756455429978507787,
      "q" : "100.0",
      "p" : "1.2000",
      "s" : "sell",
      "i" : "LDO_USDT",
      "m" : "4611686018430686284"
    }, {
      "d" : "1756455427713972823",
      "t" : 1756455427713,
      "tn" : 1756455427713972823,
      "q" : "11.2",
      "p" : "1.2007",
      "s" : "sell",
      "i" : "LDO_USDT",
      "m" : "4611686018430686283"
    }, {
      "d" : "1756455427710783782",
      "t" : 1756455427710,
      "tn" : 1756455427710783782,
      "q" : "175.1",
      "p" : "1.2017",
      "s" : "sell",
      "i" : "LDO_USDT",
      "m" : "4611686018430686282"
    }, {
      "d" : "1756455427709277035",
      "t" : 1756455427709,
      "tn" : 1756455427709277035,
      "q" : "74.3",
      "p" : "1.2024",
      "s" : "sell",
      "i" : "LDO_USDT",
      "m" : "4611686018430686281"
    }, {
      "d" : "1756455427706951610",
      "t" : 1756455427706,
      "tn" : 1756455427706951610,
      "q" : "207.8",
      "p" : "1.2025",
      "s" : "sell",
      "i" : "LDO_USDT",
      "m" : "4611686018430686280"
    }, {
      "d" : "1756454970508521533",
      "t" : 1756454970508,
      "tn" : 1756454970508521533,
      "q" : "199.0",
      "p" : "1.2076",
      "s" : "sell",
      "i" : "LDO_USDT",
      "m" : "4611686018430686279"
    }, {
      "d" : "1756454954684736043",
      "t" : 1756454954684,
      "tn" : 1756454954684736043,
      "q" : "1.0",
      "p" : "1.2081",
      "s" : "buy",
      "i" : "LDO_USDT",
      "m" : "4611686018430686278"
    }, {
      "d" : "1756454730256238503",
      "t" : 1756454730256,
      "tn" : 1756454730256238503,
      "q" : "1.0",
      "p" : "1.2079",
      "s" : "buy",
      "i" : "LDO_USDT",
      "m" : "4611686018430686277"
    }, {
      "d" : "1756454730006324470",
      "t" : 1756454730006,
      "tn" : 1756454730006324470,
      "q" : "1.0",
      "p" : "1.2079",
      "s" : "buy",
      "i" : "LDO_USDT",
      "m" : "4611686018430686276"
    }, {
      "d" : "1756454584646619527",
      "t" : 1756454584646,
      "tn" : 1756454584646619527,
      "q" : "1.0",
      "p" : "1.2117",
      "s" : "buy",
      "i" : "LDO_USDT",
      "m" : "4611686018430686275"
    }, {
      "d" : "1756454584133127692",
      "t" : 1756454584133,
      "tn" : 1756454584133127692,
      "q" : "1.0",
      "p" : "1.2117",
      "s" : "buy",
      "i" : "LDO_USDT",
      "m" : "4611686018430686274"
    }, {
      "d" : "1756454583881244200",
      "t" : 1756454583881,
      "tn" : 1756454583881244200,
      "q" : "1.0",
      "p" : "1.2117",
      "s" : "buy",
      "i" : "LDO_USDT",
      "m" : "4611686018430686273"
    }, {
      "d" : "1756454583630921069",
      "t" : 1756454583630,
      "tn" : 1756454583630921069,
      "q" : "1.0",
      "p" : "1.2117",
      "s" : "buy",
      "i" : "LDO_USDT",
      "m" : "4611686018430686272"
    }, {
      "d" : "1756454581988937533",
      "t" : 1756454581988,
      "tn" : 1756454581988937533,
      "q" : "1.0",
      "p" : "1.2118",
      "s" : "buy",
      "i" : "LDO_USDT",
      "m" : "4611686018430686271"
    }, {
      "d" : "1756454579609802191",
      "t" : 1756454579609,
      "tn" : 1756454579609802191,
      "q" : "1.0",
      "p" : "1.2122",
      "s" : "buy",
      "i" : "LDO_USDT",
      "m" : "4611686018430686270"
    }, {
      "d" : "1756454574818775861",
      "t" : 1756454574818,
      "tn" : 1756454574818775861,
      "q" : "91.3",
      "p" : "1.2125",
      "s" : "buy",
      "i" : "LDO_USDT",
      "m" : "4611686018430686269"
    }, {
      "d" : "1756454574818773986",
      "t" : 1756454574818,
      "tn" : 1756454574818773986,
      "q" : "1.0",
      "p" : "1.2120",
      "s" : "buy",
      "i" : "LDO_USDT",
      "m" : "4611686018430686268"
    }, {
      "d" : "1756454569445131928",
      "t" : 1756454569445,
      "tn" : 1756454569445131928,
      "q" : "206.2",
      "p" : "1.2120",
      "s" : "sell",
      "i" : "LDO_USDT",
      "m" : "4611686018430686267"
    }, {
      "d" : "1756454218665317587",
      "t" : 1756454218665,
      "tn" : 1756454218665317587,
      "q" : "1.0",
      "p" : "1.2147",
      "s" : "buy",
      "i" : "LDO_USDT",
      "m" : "4611686018430686266"
    }, {
      "d" : "1756454151613959550",
      "t" : 1756454151613,
      "tn" : 1756454151613959550,
      "q" : "1.0",
      "p" : "1.2147",
      "s" : "buy",
      "i" : "LDO_USDT",
      "m" : "4611686018430686265"
    }, {
      "d" : "1756454023954129887",
      "t" : 1756454023954,
      "tn" : 1756454023954129887,
      "q" : "205.3",
      "p" : "1.2171",
      "s" : "sell",
      "i" : "LDO_USDT",
      "m" : "4611686018430686264"
    }, {
      "d" : "1756454002365294435",
      "t" : 1756454002365,
      "tn" : 1756454002365294435,
      "q" : "1.0",
      "p" : "1.2178",
      "s" : "buy",
      "i" : "LDO_USDT",
      "m" : "4611686018430686263"
    }, {
      "d" : "1756453737845087572",
      "t" : 1756453737845,
      "tn" : 1756453737845087572,
      "q" : "1.0",
      "p" : "1.2197",
      "s" : "buy",
      "i" : "LDO_USDT",
      "m" : "4611686018430686262"
    }, {
      "d" : "1756453572066850654",
      "t" : 1756453572066,
      "tn" : 1756453572066850653,
      "q" : "1.0",
      "p" : "1.2180",
      "s" : "buy",
      "i" : "LDO_USDT",
      "m" : "4611686018430686261"
    }, {
      "d" : "1756453572066850653",
      "t" : 1756453572066,
      "tn" : 1756453572066850653,
      "q" : "205.2",
      "p" : "1.2180",
      "s" : "buy",
      "i" : "LDO_USDT",
      "m" : "4611686018430686261"
    }, {
      "d" : "1756452940384353805",
      "t" : 1756452940384,
      "tn" : 1756452940384353805,
      "q" : "220.2",
      "p" : "1.2163",
      "s" : "sell",
      "i" : "LDO_USDT",
      "m" : "4611686018430686260"
    }, {
      "d" : "1756452810993184777",
      "t" : 1756452810993,
      "tn" : 1756452810993184777,
      "q" : "11.5",
      "p" : "1.2191",
      "s" : "sell",
      "i" : "LDO_USDT",
      "m" : "4611686018430686259"
    }, {
      "d" : "1756452810153168365",
      "t" : 1756452810153,
      "tn" : 1756452810153168365,
      "q" : "214.6",
      "p" : "1.2191",
      "s" : "sell",
      "i" : "LDO_USDT",
      "m" : "4611686018430686258"
    }, {
      "d" : "1756452337217254505",
      "t" : 1756452337217,
      "tn" : 1756452337217254505,
      "q" : "205.4",
      "p" : "1.2169",
      "s" : "sell",
      "i" : "LDO_USDT",
      "m" : "4611686018430686257"
    }, {
      "d" : "1756451964648359523",
      "t" : 1756451964648,
      "tn" : 1756451964648359523,
      "q" : "205.3",
      "p" : "1.2171",
      "s" : "sell",
      "i" : "LDO_USDT",
      "m" : "4611686018430686256"
    }, {
      "d" : "1756451964648357612",
      "t" : 1756451964648,
      "tn" : 1756451964648357612,
      "q" : "18.8",
      "p" : "1.2172",
      "s" : "sell",
      "i" : "LDO_USDT",
      "m" : "4611686018430686255"
    }, {
      "d" : "1756451959939832451",
      "t" : 1756451959939,
      "tn" : 1756451959939832451,
      "q" : "86.6",
      "p" : "1.2179",
      "s" : "buy",
      "i" : "LDO_USDT",
      "m" : "4611686018430686254"
    }, {
      "d" : "1756451682907858551",
      "t" : 1756451682907,
      "tn" : 1756451682907858550,
      "q" : "111.2",
      "p" : "1.2166",
      "s" : "sell",
      "i" : "LDO_USDT",
      "m" : "4611686018430686253"
    }, {
      "d" : "1756451682907858550",
      "t" : 1756451682907,
      "tn" : 1756451682907858550,
      "q" : "205.4",
      "p" : "1.2166",
      "s" : "sell",
      "i" : "LDO_USDT",
      "m" : "4611686018430686253"
    }, {
      "d" : "1756451247671342164",
      "t" : 1756451247671,
      "tn" : 1756451247671342164,
      "q" : "208.1",
      "p" : "1.2255",
      "s" : "sell",
      "i" : "LDO_USDT",
      "m" : "4611686018430686252"
    }, {
      "d" : "1756451177634002514",
      "t" : 1756451177634,
      "tn" : 1756451177634002514,
      "q" : "278.5",
      "p" : "1.2289",
      "s" : "sell",
      "i" : "LDO_USDT",
      "m" : "4611686018430686251"
    }, {
      "d" : "1756451177633999402",
      "t" : 1756451177633,
      "tn" : 1756451177633999402,
      "q" : "942.1",
      "p" : "1.2289",
      "s" : "sell",
      "i" : "LDO_USDT",
      "m" : "4611686018430686250"
    }, {
      "d" : "1756451177633996954",
      "t" : 1756451177633,
      "tn" : 1756451177633996954,
      "q" : "203.3",
      "p" : "1.2290",
      "s" : "sell",
      "i" : "LDO_USDT",
      "m" : "4611686018430686249"
    }, {
      "d" : "1756451091450846808",
      "t" : 1756451091450,
      "tn" : 1756451091450846808,
      "q" : "203.0",
      "p" : "1.2311",
      "s" : "sell",
      "i" : "LDO_USDT",
      "m" : "4611686018430686248"
    }, {
      "d" : "1756451091450844447",
      "t" : 1756451091450,
      "tn" : 1756451091450844447,
      "q" : "70.9",
      "p" : "1.2312",
      "s" : "sell",
      "i" : "LDO_USDT",
      "m" : "4611686018430686247"
    }, {
      "d" : "1756451091449863593",
      "t" : 1756451091449,
      "tn" : 1756451091449863593,
      "q" : "129.6",
      "p" : "1.2312",
      "s" : "sell",
      "i" : "LDO_USDT",
      "m" : "4611686018430686246"
    }, {
      "d" : "1756451038564035078",
      "t" : 1756451038564,
      "tn" : 1756451038564035078,
      "q" : "1.0",
      "p" : "1.2299",
      "s" : "buy",
      "i" : "LDO_USDT",
      "m" : "4611686018430686245"
    }, {
      "d" : "1756450953041304210",
      "t" : 1756450953041,
      "tn" : 1756450953041304210,
      "q" : "203.6",
      "p" : "1.2275",
      "s" : "sell",
      "i" : "LDO_USDT",
      "m" : "4611686018430686244"
    }, {
      "d" : "1756450949552640253",
      "t" : 1756450949552,
      "tn" : 1756450949552640253,
      "q" : "30.7",
      "p" : "1.2289",
      "s" : "sell",
      "i" : "LDO_USDT",
      "m" : "4611686018430686243"
    }, {
      "d" : "1756450949550033414",
      "t" : 1756450949550,
      "tn" : 1756450949550033414,
      "q" : "30.0",
      "p" : "1.2300",
      "s" : "sell",
      "i" : "LDO_USDT",
      "m" : "4611686018430686242"
    }, {
      "d" : "1756450949546520674",
      "t" : 1756450949546,
      "tn" : 1756450949546520674,
      "q" : "86.6",
      "p" : "1.2303",
      "s" : "sell",
      "i" : "LDO_USDT",
      "m" : "4611686018430686241"
    }, {
      "d" : "1756450571136679529",
      "t" : 1756450571136,
      "tn" : 1756450571136679529,
      "q" : "252.8",
      "p" : "1.2379",
      "s" : "sell",
      "i" : "LDO_USDT",
      "m" : "4611686018430686240"
    }, {
      "d" : "1756450571025530311",
      "t" : 1756450571025,
      "tn" : 1756450571025530311,
      "q" : "262.5",
      "p" : "1.2379",
      "s" : "sell",
      "i" : "LDO_USDT",
      "m" : "4611686018430686239"
    }, {
      "d" : "1756450570918138008",
      "t" : 1756450570918,
      "tn" : 1756450570918138008,
      "q" : "263.9",
      "p" : "1.2379",
      "s" : "sell",
      "i" : "LDO_USDT",
      "m" : "4611686018430686238"
    }, {
      "d" : "1756450140315233892",
      "t" : 1756450140315,
      "tn" : 1756450140315233892,
      "q" : "1.0",
      "p" : "1.2399",
      "s" : "buy",
      "i" : "LDO_USDT",
      "m" : "4611686018430686237"
    }, {
      "d" : "1756450128129816783",
      "t" : 1756450128129,
      "tn" : 1756450128129816783,
      "q" : "1.0",
      "p" : "1.2397",
      "s" : "buy",
      "i" : "LDO_USDT",
      "m" : "4611686018430686236"
    }, {
      "d" : "1756450017425947837",
      "t" : 1756450017425,
      "tn" : 1756450017425947837,
      "q" : "161.0",
      "p" : "1.2415",
      "s" : "sell",
      "i" : "LDO_USDT",
      "m" : "4611686018430686235"
    }, {
      "d" : "1756449995076671181",
      "t" : 1756449995076,
      "tn" : 1756449995076671181,
      "q" : "81.7",
      "p" : "1.2411",
      "s" : "sell",
      "i" : "LDO_USDT",
      "m" : "4611686018430686234"
    }, {
      "d" : "1756449567180028087",
      "t" : 1756449567180,
      "tn" : 1756449567180028087,
      "q" : "909.2",
      "p" : "1.2387",
      "s" : "buy",
      "i" : "LDO_USDT",
      "m" : "4611686018430686233"
    }, {
      "d" : "1756449567172871553",
      "t" : 1756449567172,
      "tn" : 1756449567172871553,
      "q" : "301.7",
      "p" : "1.2387",
      "s" : "buy",
      "i" : "LDO_USDT",
      "m" : "4611686018430686232"
    }, {
      "d" : "1756449567059275335",
      "t" : 1756449567059,
      "tn" : 1756449567059275335,
      "q" : "857.3",
      "p" : "1.2387",
      "s" : "buy",
      "i" : "LDO_USDT",
      "m" : "4611686018430686231"
    }, {
      "d" : "1756449567059047249",
      "t" : 1756449567059,
      "tn" : 1756449567059047249,
      "q" : "353.6",
      "p" : "1.2387",
      "s" : "buy",
      "i" : "LDO_USDT",
      "m" : "4611686018430686230"
    }, {
      "d" : "1756449560404455580",
      "t" : 1756449560404,
      "tn" : 1756449560404455580,
      "q" : "1.0",
      "p" : "1.2398",
      "s" : "sell",
      "i" : "LDO_USDT",
      "m" : "4611686018430686229"
    }, {
      "d" : "1756449549698343433",
      "t" : 1756449549698,
      "tn" : 1756449549698343433,
      "q" : "1.0",
      "p" : "1.2367",
      "s" : "buy",
      "i" : "LDO_USDT",
      "m" : "4611686018430686228"
    }, {
      "d" : "1756449549662206413",
      "t" : 1756449549662,
      "tn" : 1756449549662206413,
      "q" : "83.2",
      "p" : "1.2377",
      "s" : "buy",
      "i" : "LDO_USDT",
      "m" : "4611686018430686227"
    }, {
      "d" : "1756449549662205505",
      "t" : 1756449549662,
      "tn" : 1756449549662205505,
      "q" : "1.0",
      "p" : "1.2368",
      "s" : "buy",
      "i" : "LDO_USDT",
      "m" : "4611686018430686226"
    }, {
      "d" : "1756449255256190528",
      "t" : 1756449255256,
      "tn" : 1756449255256190528,
      "q" : "1.0",
      "p" : "1.2361",
      "s" : "buy",
      "i" : "LDO_USDT",
      "m" : "4611686018430686225"
    }, {
      "d" : "1756449247810307464",
      "t" : 1756449247810,
      "tn" : 1756449247810307464,
      "q" : "1.0",
      "p" : "1.2359",
      "s" : "buy",
      "i" : "LDO_USDT",
      "m" : "4611686018430686224"
    }, {
      "d" : "1756448707353350351",
      "t" : 1756448707353,
      "tn" : 1756448707353350351,
      "q" : "82.1",
      "p" : "1.2361",
      "s" : "sell",
      "i" : "LDO_USDT",
      "m" : "4611686018430686223"
    }, {
      "d" : "1756448707353208660",
      "t" : 1756448707353,
      "tn" : 1756448707353208660,
      "q" : "205.1",
      "p" : "1.2358",
      "s" : "sell",
      "i" : "LDO_USDT",
      "m" : "4611686018430686222"
    }, {
      "d" : "1756448707353206360",
      "t" : 1756448707353,
      "tn" : 1756448707353206360,
      "q" : "202.2",
      "p" : "1.2359",
      "s" : "sell",
      "i" : "LDO_USDT",
      "m" : "4611686018430686221"
    }, {
      "d" : "1756448707352061967",
      "t" : 1756448707352,
      "tn" : 1756448707352061967,
      "q" : "82.1",
      "p" : "1.2361",
      "s" : "sell",
      "i" : "LDO_USDT",
      "m" : "4611686018430686220"
    }, {
      "d" : "1756448079448419915",
      "t" : 1756448079448,
      "tn" : 1756448079448419915,
      "q" : "0.1",
      "p" : "1.2405",
      "s" : "sell",
      "i" : "LDO_USDT",
      "m" : "4611686018430686219"
    }, {
      "d" : "1756447789698029166",
      "t" : 1756447789698,
      "tn" : 1756447789698029166,
      "q" : "201.0",
      "p" : "1.2430",
      "s" : "sell",
      "i" : "LDO_USDT",
      "m" : "4611686018430686218"
    }, {
      "d" : "1756447585187542070",
      "t" : 1756447585187,
      "tn" : 1756447585187542070,
      "q" : "188.7",
      "p" : "1.2439",
      "s" : "sell",
      "i" : "LDO_USDT",
      "m" : "4611686018430686217"
    }, {
      "d" : "1756446661581316483",
      "t" : 1756446661581,
      "tn" : 1756446661581316483,
      "q" : "1.0",
      "p" : "1.2498",
      "s" : "sell",
      "i" : "LDO_USDT",
      "m" : "4611686018430686216"
    }, {
      "d" : "1756446661533537881",
      "t" : 1756446661533,
      "tn" : 1756446661533537881,
      "q" : "1.0",
      "p" : "1.2499",
      "s" : "sell",
      "i" : "LDO_USDT",
      "m" : "4611686018430686215"
    }, {
      "d" : "1756446661484649769",
      "t" : 1756446661484,
      "tn" : 1756446661484649769,
      "q" : "1.0",
      "p" : "1.2499",
      "s" : "sell",
      "i" : "LDO_USDT",
      "m" : "4611686018430686214"
    }, {
      "d" : "1756446233664429897",
      "t" : 1756446233664,
      "tn" : 1756446233664429897,
      "q" : "1.0",
      "p" : "1.2492",
      "s" : "sell",
      "i" : "LDO_USDT",
      "m" : "4611686018430686213"
    }, {
      "d" : "1756446197140549710",
      "t" : 1756446197140,
      "tn" : 1756446197140549710,
      "q" : "1.0",
      "p" : "1.2492",
      "s" : "sell",
      "i" : "LDO_USDT",
      "m" : "4611686018430686212"
    }, {
      "d" : "1756446159172625398",
      "t" : 1756446159172,
      "tn" : 1756446159172625398,
      "q" : "1.0",
      "p" : "1.2491",
      "s" : "sell",
      "i" : "LDO_USDT",
      "m" : "4611686018430686211"
    }, {
      "d" : "1756446157011738913",
      "t" : 1756446157011,
      "tn" : 1756446157011738913,
      "q" : "1.0",
      "p" : "1.2491",
      "s" : "sell",
      "i" : "LDO_USDT",
      "m" : "4611686018430686210"
    }, {
      "d" : "1756446156892906833",
      "t" : 1756446156892,
      "tn" : 1756446156892906833,
      "q" : "1.0",
      "p" : "1.2493",
      "s" : "sell",
      "i" : "LDO_USDT",
      "m" : "4611686018430686209"
    }, {
      "d" : "1756445921090653429",
      "t" : 1756445921090,
      "tn" : 1756445921090653429,
      "q" : "1.0",
      "p" : "1.2484",
      "s" : "sell",
      "i" : "LDO_USDT",
      "m" : "4611686018430686208"
    }, {
      "d" : "1756445921041471463",
      "t" : 1756445921041,
      "tn" : 1756445921041471463,
      "q" : "1.0",
      "p" : "1.2484",
      "s" : "sell",
      "i" : "LDO_USDT",
      "m" : "4611686018430686207"
    }, {
      "d" : "1756445606282355861",
      "t" : 1756445606282,
      "tn" : 1756445606282355861,
      "q" : "200.2",
      "p" : "1.2488",
      "s" : "sell",
      "i" : "LDO_USDT",
      "m" : "4611686018430686206"
    }, {
      "d" : "1756445606165051750",
      "t" : 1756445606165,
      "tn" : 1756445606165051750,
      "q" : "200.2",
      "p" : "1.2488",
      "s" : "sell",
      "i" : "LDO_USDT",
      "m" : "4611686018430686205"
    }, {
      "d" : "1756445596025141799",
      "t" : 1756445596025,
      "tn" : 1756445596025141799,
      "q" : "1.0",
      "p" : "1.2486",
      "s" : "sell",
      "i" : "LDO_USDT",
      "m" : "4611686018430686204"
    }, {
      "d" : "1756445289143285479",
      "t" : 1756445289143,
      "tn" : 1756445289143285479,
      "q" : "1.0",
      "p" : "1.2444",
      "s" : "sell",
      "i" : "LDO_USDT",
      "m" : "4611686018430686203"
    }, {
      "d" : "1756445268569125460",
      "t" : 1756445268569,
      "tn" : 1756445268569125460,
      "q" : "68.7",
      "p" : "1.2435",
      "s" : "sell",
      "i" : "LDO_USDT",
      "m" : "4611686018430686202"
    }, {
      "d" : "1756445268569123858",
      "t" : 1756445268569,
      "tn" : 1756445268569123858,
      "q" : "1.0",
      "p" : "1.2437",
      "s" : "sell",
      "i" : "LDO_USDT",
      "m" : "4611686018430686201"
    }, {
      "d" : "1756445268388211348",
      "t" : 1756445268388,
      "tn" : 1756445268388211348,
      "q" : "1.0",
      "p" : "1.2445",
      "s" : "sell",
      "i" : "LDO_USDT",
      "m" : "4611686018430686200"
    }, {
      "d" : "1756445268266435242",
      "t" : 1756445268266,
      "tn" : 1756445268266435242,
      "q" : "1.0",
      "p" : "1.2446",
      "s" : "sell",
      "i" : "LDO_USDT",
      "m" : "4611686018430686199"
    }, {
      "d" : "1756445235228209602",
      "t" : 1756445235228,
      "tn" : 1756445235228209602,
      "q" : "1.0",
      "p" : "1.2453",
      "s" : "sell",
      "i" : "LDO_USDT",
      "m" : "4611686018430686198"
    }, {
      "d" : "1756445235105900485",
      "t" : 1756445235105,
      "tn" : 1756445235105900485,
      "q" : "1.0",
      "p" : "1.2458",
      "s" : "sell",
      "i" : "LDO_USDT",
      "m" : "4611686018430686197"
    }, {
      "d" : "1756445233164858340",
      "t" : 1756445233164,
      "tn" : 1756445233164858340,
      "q" : "1.0",
      "p" : "1.2460",
      "s" : "sell",
      "i" : "LDO_USDT",
      "m" : "4611686018430686196"
    }, {
      "d" : "1756445231349952162",
      "t" : 1756445231349,
      "tn" : 1756445231349952162,
      "q" : "1.0",
      "p" : "1.2465",
      "s" : "sell",
      "i" : "LDO_USDT",
      "m" : "4611686018430686195"
    }, {
      "d" : "1756445227328808684",
      "t" : 1756445227328,
      "tn" : 1756445227328808684,
      "q" : "1.0",
      "p" : "1.2467",
      "s" : "sell",
      "i" : "LDO_USDT",
      "m" : "4611686018430686194"
    }, {
      "d" : "1756445227102740184",
      "t" : 1756445227102,
      "tn" : 1756445227102740184,
      "q" : "1.0",
      "p" : "1.2476",
      "s" : "sell",
      "i" : "LDO_USDT",
      "m" : "4611686018430686193"
    }, {
      "d" : "1756445221743684187",
      "t" : 1756445221743,
      "tn" : 1756445221743684187,
      "q" : "1.0",
      "p" : "1.2477",
      "s" : "sell",
      "i" : "LDO_USDT",
      "m" : "4611686018430686192"
    }, {
      "d" : "1756445216950799680",
      "t" : 1756445216950,
      "tn" : 1756445216950799680,
      "q" : "1.0",
      "p" : "1.2477",
      "s" : "sell",
      "i" : "LDO_USDT",
      "m" : "4611686018430686191"
    }, {
      "d" : "1756445216881700156",
      "t" : 1756445216881,
      "tn" : 1756445216881700156,
      "q" : "1.0",
      "p" : "1.2484",
      "s" : "sell",
      "i" : "LDO_USDT",
      "m" : "4611686018430686190"
    }, {
      "d" : "1756445178451036273",
      "t" : 1756445178451,
      "tn" : 1756445178451036273,
      "q" : "1.0",
      "p" : "1.2490",
      "s" : "sell",
      "i" : "LDO_USDT",
      "m" : "4611686018430686189"
    }, {
      "d" : "1756445178401832062",
      "t" : 1756445178401,
      "tn" : 1756445178401832062,
      "q" : "1.0",
      "p" : "1.2489",
      "s" : "sell",
      "i" : "LDO_USDT",
      "m" : "4611686018430686188"
    }, {
      "d" : "1756445168812938322",
      "t" : 1756445168812,
      "tn" : 1756445168812938322,
      "q" : "1.0",
      "p" : "1.2482",
      "s" : "sell",
      "i" : "LDO_USDT",
      "m" : "4611686018430686187"
    }, {
      "d" : "1756445168738516108",
      "t" : 1756445168738,
      "tn" : 1756445168738516108,
      "q" : "1.0",
      "p" : "1.2486",
      "s" : "sell",
      "i" : "LDO_USDT",
      "m" : "4611686018430686186"
    }, {
      "d" : "1756445165256047862",
      "t" : 1756445165256,
      "tn" : 1756445165256047862,
      "q" : "1.0",
      "p" : "1.2490",
      "s" : "sell",
      "i" : "LDO_USDT",
      "m" : "4611686018430686185"
    }, {
      "d" : "1756445161720931893",
      "t" : 1756445161720,
      "tn" : 1756445161720931893,
      "q" : "1.0",
      "p" : "1.2493",
      "s" : "sell",
      "i" : "LDO_USDT",
      "m" : "4611686018430686184"
    }, {
      "d" : "1756445158912263111",
      "t" : 1756445158912,
      "tn" : 1756445158912263111,
      "q" : "1.0",
      "p" : "1.2493",
      "s" : "sell",
      "i" : "LDO_USDT",
      "m" : "4611686018430686183"
    }, {
      "d" : "1756445158794712854",
      "t" : 1756445158794,
      "tn" : 1756445158794712854,
      "q" : "1.0",
      "p" : "1.2495",
      "s" : "sell",
      "i" : "LDO_USDT",
      "m" : "4611686018430686182"
    }, {
      "d" : "1756445155535546730",
      "t" : 1756445155535,
      "tn" : 1756445155535546730,
      "q" : "1.0",
      "p" : "1.2497",
      "s" : "sell",
      "i" : "LDO_USDT",
      "m" : "4611686018430686181"
    }, {
      "d" : "1756445155461531407",
      "t" : 1756445155461,
      "tn" : 1756445155461531407,
      "q" : "1.0",
      "p" : "1.2497",
      "s" : "sell",
      "i" : "LDO_USDT",
      "m" : "4611686018430686180"
    }, {
      "d" : "1756444961291947383",
      "t" : 1756444961291,
      "tn" : 1756444961291947383,
      "q" : "1.0",
      "p" : "1.2505",
      "s" : "sell",
      "i" : "LDO_USDT",
      "m" : "4611686018430686179"
    }, {
      "d" : "1756444951484623401",
      "t" : 1756444951484,
      "tn" : 1756444951484623401,
      "q" : "1.0",
      "p" : "1.2505",
      "s" : "sell",
      "i" : "LDO_USDT",
      "m" : "4611686018430686178"
    }, {
      "d" : "1756444936131137773",
      "t" : 1756444936131,
      "tn" : 1756444936131137773,
      "q" : "1.0",
      "p" : "1.2510",
      "s" : "sell",
      "i" : "LDO_USDT",
      "m" : "4611686018430686177"
    }, {
      "d" : "1756444819310261400",
      "t" : 1756444819310,
      "tn" : 1756444819310261400,
      "q" : "81.1",
      "p" : "1.2511",
      "s" : "buy",
      "i" : "LDO_USDT",
      "m" : "4611686018430686176"
    }, {
      "d" : "1756444661033679458",
      "t" : 1756444661033,
      "tn" : 1756444661033679458,
      "q" : "1.0",
      "p" : "1.2486",
      "s" : "sell",
      "i" : "LDO_USDT",
      "m" : "4611686018430686175"
    }, {
      "d" : "1756444655593603096",
      "t" : 1756444655593,
      "tn" : 1756444655593603096,
      "q" : "1.0",
      "p" : "1.2498",
      "s" : "sell",
      "i" : "LDO_USDT",
      "m" : "4611686018430686174"
    }, {
      "d" : "1756444653003168879",
      "t" : 1756444653003,
      "tn" : 1756444653003168879,
      "q" : "1.0",
      "p" : "1.2499",
      "s" : "sell",
      "i" : "LDO_USDT",
      "m" : "4611686018430686173"
    }, {
      "d" : "1756444652955234141",
      "t" : 1756444652955,
      "tn" : 1756444652955234141,
      "q" : "1.0",
      "p" : "1.2500",
      "s" : "sell",
      "i" : "LDO_USDT",
      "m" : "4611686018430686172"
    }, {
      "d" : "1756444652905525721",
      "t" : 1756444652905,
      "tn" : 1756444652905525721,
      "q" : "1.0",
      "p" : "1.2499",
      "s" : "sell",
      "i" : "LDO_USDT",
      "m" : "4611686018430686171"
    }, {
      "d" : "1756444632729869661",
      "t" : 1756444632729,
      "tn" : 1756444632729869661,
      "q" : "135.0",
      "p" : "1.2504",
      "s" : "sell",
      "i" : "LDO_USDT",
      "m" : "4611686018430686170"
    }, {
      "d" : "1756444539244837370",
      "t" : 1756444539244,
      "tn" : 1756444539244837370,
      "q" : "199.5",
      "p" : "1.2511",
      "s" : "sell",
      "i" : "LDO_USDT",
      "m" : "4611686018430686169"
    }, {
      "d" : "1756444539244836645",
      "t" : 1756444539244,
      "tn" : 1756444539244836644,
      "q" : "10.6",
      "p" : "1.2512",
      "s" : "sell",
      "i" : "LDO_USDT",
      "m" : "4611686018430686168"
    }, {
      "d" : "1756444539244836644",
      "t" : 1756444539244,
      "tn" : 1756444539244836644,
      "q" : "1.0",
      "p" : "1.2512",
      "s" : "sell",
      "i" : "LDO_USDT",
      "m" : "4611686018430686168"
    }, {
      "d" : "1756444509320245605",
      "t" : 1756444509320,
      "tn" : 1756444509320245605,
      "q" : "199.5",
      "p" : "1.2516",
      "s" : "sell",
      "i" : "LDO_USDT",
      "m" : "4611686018430686167"
    }, {
      "d" : "1756444509320244127",
      "t" : 1756444509320,
      "tn" : 1756444509320244127,
      "q" : "1.0",
      "p" : "1.2517",
      "s" : "sell",
      "i" : "LDO_USDT",
      "m" : "4611686018430686166"
    }, {
      "d" : "1756444342754021248",
      "t" : 1756444342754,
      "tn" : 1756444342754021247,
      "q" : "1.0",
      "p" : "1.2518",
      "s" : "sell",
      "i" : "LDO_USDT",
      "m" : "4611686018430686165"
    }, {
      "d" : "1756444342754021247",
      "t" : 1756444342754,
      "tn" : 1756444342754021247,
      "q" : "13.2",
      "p" : "1.2518",
      "s" : "sell",
      "i" : "LDO_USDT",
      "m" : "4611686018430686165"
    }, {
      "d" : "1756444277375249323",
      "t" : 1756444277375,
      "tn" : 1756444277375249323,
      "q" : "199.5",
      "p" : "1.2527",
      "s" : "sell",
      "i" : "LDO_USDT",
      "m" : "4611686018430686164"
    }, {
      "d" : "1756444277375247001",
      "t" : 1756444277375,
      "tn" : 1756444277375247001,
      "q" : "1.0",
      "p" : "1.2528",
      "s" : "sell",
      "i" : "LDO_USDT",
      "m" : "4611686018430686163"
    }, {
      "d" : "1756443927982420338",
      "t" : 1756443927982,
      "tn" : 1756443927982420338,
      "q" : "1.0",
      "p" : "1.2503",
      "s" : "sell",
      "i" : "LDO_USDT",
      "m" : "4611686018430686162"
    }, {
      "d" : "1756443849270216042",
      "t" : 1756443849270,
      "tn" : 1756443849270216042,
      "q" : "51.3",
      "p" : "1.2518",
      "s" : "sell",
      "i" : "LDO_USDT",
      "m" : "4611686018430686161"
    }, {
      "d" : "1756443849270214275",
      "t" : 1756443849270,
      "tn" : 1756443849270214275,
      "q" : "1.0",
      "p" : "1.2519",
      "s" : "sell",
      "i" : "LDO_USDT",
      "m" : "4611686018430686160"
    }, {
      "d" : "1756443823753785330",
      "t" : 1756443823753,
      "tn" : 1756443823753785330,
      "q" : "1.0",
      "p" : "1.2524",
      "s" : "sell",
      "i" : "LDO_USDT",
      "m" : "4611686018430686159"
    }, {
      "d" : "1756443759178760587",
      "t" : 1756443759178,
      "tn" : 1756443759178760587,
      "q" : "1.0",
      "p" : "1.2530",
      "s" : "sell",
      "i" : "LDO_USDT",
      "m" : "4611686018430686158"
    }, {
      "d" : "1756443729295966792",
      "t" : 1756443729295,
      "tn" : 1756443729295966792,
      "q" : "1.0",
      "p" : "1.2535",
      "s" : "sell",
      "i" : "LDO_USDT",
      "m" : "4611686018430686157"
    }, {
      "d" : "1756443690532921954",
      "t" : 1756443690532,
      "tn" : 1756443690532921954,
      "q" : "157.4",
      "p" : "1.2528",
      "s" : "sell",
      "i" : "LDO_USDT",
      "m" : "4611686018430686156"
    }, {
      "d" : "1756443690532920269",
      "t" : 1756443690532,
      "tn" : 1756443690532920269,
      "q" : "16.5",
      "p" : "1.2529",
      "s" : "sell",
      "i" : "LDO_USDT",
      "m" : "4611686018430686155"
    }, {
      "d" : "1756443690532916581",
      "t" : 1756443690532,
      "tn" : 1756443690532916581,
      "q" : "1.0",
      "p" : "1.2530",
      "s" : "sell",
      "i" : "LDO_USDT",
      "m" : "4611686018430686154"
    }, {
      "d" : "1756443418709539515",
      "t" : 1756443418709,
      "tn" : 1756443418709539515,
      "q" : "1.0",
      "p" : "1.2515",
      "s" : "sell",
      "i" : "LDO_USDT",
      "m" : "4611686018430686153"
    }, {
      "d" : "1756443388689404373",
      "t" : 1756443388689,
      "tn" : 1756443388689404373,
      "q" : "1.0",
      "p" : "1.2529",
      "s" : "sell",
      "i" : "LDO_USDT",
      "m" : "4611686018430686152"
    } ]
  }
}