{
  "id" : -1,
  "method" : "public/get-trades",
  "code" : 0,
  "result" : {
    "data" : [ {
      "d" : "1756459874526907239",
      "t" : 1756459874526,
      "tn" : 1756459874526907239,
      "q" : "1",
      "p" : "1.2009",
      "s" : "buy",
      "i" : "LDOUSD-PERP",
      "m" : "4611686018430472292"
    }, {
      "d" : "1756459738135006086",
      "t" : 1756459738135,
      "tn" : 1756459738135006086,
      "q" : "1",
      "p" : "1.1996",
      "s" : "buy",
      "i" : "LDOUSD-PERP",
      "m" : "4611686018430472291"
    }, {
      "d" : "1756459456748800554",
      "t" : 1756459456748,
      "tn" : 1756459456748800554,
      "q" : "1",
      "p" : "1.1997",
      "s" : "buy",
      "i" : "LDOUSD-PERP",
      "m" : "4611686018430472290"
    }, {
      "d" : "1756459170431470274",
      "t" : 1756459170431,
      "tn" : 1756459170431470274,
      "q" : "165",
      "p" : "1.1974",
      "s" : "buy",
      "i" : "LDOUSD-PERP",
      "m" : "4611686018430472289"
    }, {
      "d" : "1756459170431468601",
      "t" : 1756459170431,
      "tn" : 1756459170431468601,
      "q" : "1",
      "p" : "1.1972",
      "s" : "buy",
      "i" : "LDOUSD-PERP",
      "m" : "4611686018430472288"
    }, {
      "d" : "1756459170431466417",
      "t" : 1756459170431,
      "tn" : 1756459170431466417,
      "q" : "1",
      "p" : "1.1968",
      "s" : "buy",
      "i" : "LDOUSD-PERP",
      "m" : "4611686018430472287"
    }, {
      "d" : "1756459057958714792",
      "t" : 1756459057958,
      "tn" : 1756459057958714792,
      "q" : "1",
      "p" : "1.1946",
      "s" : "sell",
      "i" : "LDOUSD-PERP",
      "m" : "4611686018430472286"
    }, {
      "d" : "1756459057958712647",
      "t" : 1756459057958,
      "tn" : 1756459057958712647,
      "q" : "1",
      "p" : "1.1947",
      "s" : "sell",
      "i" : "LDOUSD-PERP",
      "m" : "4611686018430472285"
    }, {
      "d" : "1756458623498713624",
      "t" : 1756458623498,
      "tn" : 1756458623498713624,
      "q" : "4",
      "p" : "1.1887",
      "s" : "sell",
      "i" : "LDOUSD-PERP",
      "m" : "4611686018430472284"
    }, {
      "d" : "1756458623498711912",
      "t" : 1756458623498,
      "tn" : 1756458623498711912,
      "q" : "1",
      "p" : "1.1894",
      "s" : "sell",
      "i" : "LDOUSD-PERP",
      "m" : "4611686018430472283"
    }, {
      "d" : "1756458623498708575",
      "t" : 1756458623498,
      "tn" : 1756458623498708575,
      "q" : "1",
      "p" : "1.1895",
      "s" : "sell",
      "i" : "LDOUSD-PERP",
      "m" : "4611686018430472282"
    }, {
      "d" : "1756458436558083552",
      "t" : 1756458436558,
      "tn" : 1756458436558083552,
      "q" : "6",
      "p" : "1.1872",
      "s" : "sell",
      "i" : "LDOUSD-PERP",
      "m" : "4611686018430472281"
    }, {
      "d" : "1756458436558080957",
      "t" : 1756458436558,
      "tn" : 1756458436558080957,
      "q" : "1",
      "p" : "1.1878",
      "s" : "sell",
      "i" : "LDOUSD-PERP",
      "m" : "4611686018430472280"
    }, {
      "d" : "1756458436558078431",
      "t" : 1756458436558,
      "tn" : 1756458436558078431,
      "q" : "1",
      "p" : "1.1879",
      "s" : "sell",
      "i" : "LDOUSD-PERP",
      "m" : "4611686018430472279"
    }, {
      "d" : "1756458429218505536",
      "t" : 1756458429218,
      "tn" : 1756458429218505536,
      "q" : "1",
      "p" : "1.1881",
      "s" : "sell",
      "i" : "LDOUSD-PERP",
      "m" : "4611686018430472278"
    }, {
      "d" : "1756458377058825766",
      "t" : 1756458377058,
      "tn" : 1756458377058825766,
      "q" : "1",
      "p" : "1.1896",
      "s" : "sell",
      "i" : "LDOUSD-PERP",
      "m" : "4611686018430472277"
    }, {
      "d" : "1756458377058821791",
      "t" : 1756458377058,
      "tn" : 1756458377058821791,
      "q" : "1",
      "p" : "1.1897",
      "s" : "sell",
      "i" : "LDOUSD-PERP",
      "m" : "4611686018430472276"
    }, {
      "d" : "1756458353038061724",
      "t" : 1756458353038,
      "tn" : 1756458353038061724,
      "q" : "1",
      "p" : "1.1914",
      "s" : "sell",
      "i" : "LDOUSD-PERP",
      "m" : "4611686018430472275"
    }, {
      "d" : "1756458353038059434",
      "t" : 1756458353038,
      "tn" : 1756458353038059434,
      "q" : "1",
      "p" : "1.1916",
      "s" : "sell",
      "i" : "LDOUSD-PERP",
      "m" : "4611686018430472274"
    }, {
      "d" : "1756458316591143482",
      "t" : 1756458316591,
      "tn" : 1756458316591143482,
      "q" : "1",
      "p" : "1.1902",
      "s" : "sell",
      "i" : "LDOUSD-PERP",
      "m" : "4611686018430472273"
    }, {
      "d" : "1756458316591142832",
      "t" : 1756458316591,
      "tn" : 1756458316591142832,
      "q" : "1",
      "p" : "1.1904",
      "s" : "sell",
      "i" : "LDOUSD-PERP",
      "m" : "4611686018430472272"
    }, {
      "d" : "1756458286698184843",
      "t" : 1756458286698,
      "tn" : 1756458286698184843,
      "q" : "1",
      "p" : "1.1887",
      "s" : "sell",
      "i" : "LDOUSD-PERP",
      "m" : "4611686018430472271"
    }, {
      "d" : "1756458286698182493",
      "t" : 1756458286698,
      "tn" : 1756458286698182493,
      "q" : "1",
      "p" : "1.1889",
      "s" : "sell",
      "i" : "LDOUSD-PERP",
      "m" : "4611686018430472270"
    }, {
      "d" : "1756458281622349602",
      "t" : 1756458281622,
      "tn" : 1756458281622349602,
      "q" : "1",
      "p" : "1.1896",
      "s" : "sell",
      "i" : "LDOUSD-PERP",
      "m" : "4611686018430472269"
    }, {
      "d" : "1756458169018654558",
      "t" : 1756458169018,
      "tn" : 1756458169018654558,
      "q" : "1",
      "p" : "1.1897",
      "s" : "sell",
      "i" : "LDOUSD-PERP",
      "m" : "4611686018430472268"
    }, {
      "d" : "1756458169018653168",
      "t" : 1756458169018,
      "tn" : 1756458169018653168,
      "q" : "1",
      "p" : "1.1902",
      "s" : "sell",
      "i" : "LDOUSD-PERP",
      "m" : "4611686018430472267"
    }, {
      "d" : "1756458029218146461",
      "t" : 1756458029218,
      "tn" : 1756458029218146461,
      "q" : "1",
      "p" : "1.1945",
      "s" : "sell",
      "i" : "LDOUSD-PERP",
      "m" : "4611686018430472266"
    }, {
      "d" : "1756457945709164029",
      "t" : 1756457945709,
      "tn" : 1756457945709164029,
      "q" : "1",
      "p" : "1.1953",
      "s" : "buy",
      "i" : "LDOUSD-PERP",
      "m" : "4611686018430472265"
    }, {
      "d" : "1756457847367134280",
      "t" : 1756457847367,
      "tn" : 1756457847367134280,
      "q" : "1",
      "p" : "1.1939",
      "s" : "buy",
      "i" : "LDOUSD-PERP",
      "m" : "4611686018430472264"
    }, {
      "d" : "1756457847366820717",
      "t" : 1756457847366,
      "tn" : 1756457847366820717,
      "q" : "1",
      "p" : "1.1936",
      "s" : "buy",
      "i" : "LDOUSD-PERP",
      "m" : "4611686018430472263"
    }, {
      "d" : "1756457702515472762",
      "t" : 1756457702515,
      "tn" : 1756457702515472762,
      "q" : "50",
      "p" : "1.1943",
      "s" : "buy",
      "i" : "LDOUSD-PERP",
      "m" : "4611686018430472262"
    }, {
      "d" : "1756457693763260199",
      "t" : 1756457693763,
      "tn" : 1756457693763260199,
      "q" : "41",
      "p" : "1.1920",
      "s" : "sell",
      "i" : "LDOUSD-PERP",
      "m" : "4611686018430472261"
    }, {
      "d" : "1756457693763213870",
      "t" : 1756457693763,
      "tn" : 1756457693763213870,
      "q" : "41",
      "p" : "1.1922",
      "s" : "sell",
      "i" : "LDOUSD-PERP",
      "m" : "4611686018430472260"
    }, {
      "d" : "1756457693763000680",
      "t" : 1756457693763,
      "tn" : 1756457693763000680,
      "q" : "41",
      "p" : "1.1924",
      "s" : "sell",
      "i" : "LDOUSD-PERP",
      "m" : "4611686018430472259"
    }, {
      "d" : "1756457693762441540",
      "t" : 1756457693762,
      "tn" : 1756457693762441540,
      "q" : "167",
      "p" : "1.1942",
      "s" : "sell",
      "i" : "LDOUSD-PERP",
      "m" : "4611686018430472258"
    }, {
      "d" : "1756457686177996638",
      "t" : 1756457686177,
      "tn" : 1756457686177996638,
      "q" : "16",
      "p" : "1.1944",
      "s" : "sell",
      "i" : "LDOUSD-PERP",
      "m" : "4611686018430472257"
    }, {
      "d" : "1756457686177994924",
      "t" : 1756457686177,
      "tn" : 1756457686177994924,
      "q" : "2",
      "p" : "1.1946",
      "s" : "sell",
      "i" : "LDOUSD-PERP",
      "m" : "4611686018430472256"
    }, {
      "d" : "1756457686177992590",
      "t" : 1756457686177,
      "tn" : 1756457686177992590,
      "q" : "50",
      "p" : "1.1947",
      "s" : "sell",
      "i" : "LDOUSD-PERP",
      "m" : "4611686018430472255"
    }, {
      "d" : "1756457686177990114",
      "t" : 1756457686177,
      "tn" : 1756457686177990114,
      "q" : "1",
      "p" : "1.1954",
      "s" : "sell",
      "i" : "LDOUSD-PERP",
      "m" : "4611686018430472254"
    }, {
      "d" : "1756457686177987339",
      "t" : 1756457686177,
      "tn" : 1756457686177987339,
      "q" : "1",
      "p" : "1.1956",
      "s" : "sell",
      "i" : "LDOUSD-PERP",
      "m" : "4611686018430472253"
    }, {
      "d" : "1756456942798708008",
      "t" : 1756456942798,
      "tn" : 1756456942798708008,
      "q" : "5",
      "p" : "1.1975",
      "s" : "sell",
      "i" : "LDOUSD-PERP",
      "m" : "4611686018430472252"
    }, {
      "d" : "1756456942798706090",
      "t" : 1756456942798,
      "tn" : 1756456942798706090,
      "q" : "1",
      "p" : "1.1981",
      "s" : "sell",
      "i" : "LDOUSD-PERP",
      "m" : "4611686018430472251"
    }, {
      "d" : "1756456809438377023",
      "t" : 1756456809438,
      "tn" : 1756456809438377023,
      "q" : "7",
      "p" : "1.1973",
      "s" : "sell",
      "i" : "LDOUSD-PERP",
      "m" : "4611686018430472250"
    }, {
      "d" : "1756456809438374939",
      "t" : 1756456809438,
      "tn" : 1756456809438374939,
      "q" : "1",
      "p" : "1.1981",
      "s" : "sell",
      "i" : "LDOUSD-PERP",
      "m" : "4611686018430472249"
    }, {
      "d" : "1756456059678614480",
      "t" : 1756456059678,
      "tn" : 1756456059678614480,
      "q" : "1",
      "p" : "1.1981",
      "s" : "sell",
      "i" : "LDOUSD-PERP",
      "m" : "4611686018430472248"
    }, {
      "d" : "1756456059678611454",
      "t" : 1756456059678,
      "tn" : 1756456059678611454,
      "q" : "1",
      "p" : "1.1982",
      "s" : "sell",
      "i" : "LDOUSD-PERP",
      "m" : "4611686018430472247"
    }, {
      "d" : "1756455829083577622",
      "t" : 1756455829083,
      "tn" : 1756455829083577622,
      "q" : "1",
      "p" : "1.1963",
      "s" : "sell",
      "i" : "LDOUSD-PERP",
      "m" : "4611686018430472246"
    }, {
      "d" : "1756455829083575565",
      "t" : 1756455829083,
      "tn" : 1756455829083575565,
      "q" : "1",
      "p" : "1.1965",
      "s" : "sell",
      "i" : "LDOUSD-PERP",
      "m" : "4611686018430472245"
    }, {
      "d" : "1756455769041803567",
      "t" : 1756455769041,
      "tn" : 1756455769041803567,
      "q" : "1",
      "p" : "1.1980",
      "s" : "sell",
      "i" : "LDOUSD-PERP",
      "m" : "4611686018430472244"
    }, {
      "d" : "1756455769041801116",
      "t" : 1756455769041,
      "tn" : 1756455769041801116,
      "q" : "1",
      "p" : "1.1982",
      "s" : "sell",
      "i" : "LDOUSD-PERP",
      "m" : "4611686018430472243"
    }, {
      "d" : "1756455708989839517",
      "t" : 1756455708989,
      "tn" : 1756455708989839517,
      "q" : "50",
      "p" : "1.1965",
      "s" : "sell",
      "i" : "LDOUSD-PERP",
      "m" : "4611686018430472242"
    }, {
      "d" : "1756455708989837452",
      "t" : 1756455708989,
      "tn" : 1756455708989837452,
      "q" : "1",
      "p" : "1.1974",
      "s" : "sell",
      "i" : "LDOUSD-PERP",
      "m" : "4611686018430472241"
    }, {
      "d" : "1756455708989834536",
      "t" : 1756455708989,
      "tn" : 1756455708989834536,
      "q" : "1",
      "p" : "1.1976",
      "s" : "sell",
      "i" : "LDOUSD-PERP",
      "m" : "4611686018430472240"
    }, {
      "d" : "1756455705579087606",
      "t" : 1756455705579,
      "tn" : 1756455705579087606,
      "q" : "1",
      "p" : "1.1970",
      "s" : "sell",
      "i" : "LDOUSD-PERP",
      "m" : "4611686018430472239"
    }, {
      "d" : "1756455705579084054",
      "t" : 1756455705579,
      "tn" : 1756455705579084054,
      "q" : "1",
      "p" : "1.1973",
      "s" : "sell",
      "i" : "LDOUSD-PERP",
      "m" : "4611686018430472238"
    }, {
      "d" : "1756455695037991429",
      "t" : 1756455695037,
      "tn" : 1756455695037991429,
      "q" : "1",
      "p" : "1.1965",
      "s" : "sell",
      "i" : "LDOUSD-PERP",
      "m" : "4611686018430472237"
    }, {
      "d" : "1756455675318861214",
      "t" : 1756455675318,
      "tn" : 1756455675318861214,
      "q" : "1",
      "p" : "1.1962",
      "s" : "sell",
      "i" : "LDOUSD-PERP",
      "m" : "4611686018430472236"
    }, {
      "d" : "1756455675318858889",
      "t" : 1756455675318,
      "tn" : 1756455675318858889,
      "q" : "1",
      "p" : "1.1965",
      "s" : "sell",
      "i" : "LDOUSD-PERP",
      "m" : "4611686018430472235"
    }, {
      "d" : "1756455427709274634",
      "t" : 1756455427709,
      "tn" : 1756455427709274634,
      "q" : "1",
      "p" : "1.2029",
      "s" : "sell",
      "i" : "LDOUSD-PERP",
      "m" : "4611686018430472234"
    }, {
      "d" : "1756455426699153045",
      "t" : 1756455426699,
      "tn" : 1756455426699153045,
      "q" : "1",
      "p" : "1.2029",
      "s" : "sell",
      "i" : "LDOUSD-PERP",
      "m" : "4611686018430472233"
    }, {
      "d" : "1756455426699150707",
      "t" : 1756455426699,
      "tn" : 1756455426699150707,
      "q" : "1",
      "p" : "1.2032",
      "s" : "sell",
      "i" : "LDOUSD-PERP",
      "m" : "4611686018430472232"
    }, {
      "d" : "1756455254040797807",
      "t" : 1756455254040,
      "tn" : 1756455254040797807,
      "q" : "1",
      "p" : "1.2070",
      "s" : "buy",
      "i" : "LDOUSD-PERP",
      "m" : "4611686018430472231"
    }, {
      "d" : "1756455254039414663",
      "t" : 1756455254039,
      "tn" : 1756455254039414663,
      "q" : "1",
      "p" : "1.2067",
      "s" : "buy",
      "i" : "LDOUSD-PERP",
      "m" : "4611686018430472230"
    }, {
      "d" : "1756454574558351561",
      "t" : 1756454574558,
      "tn" : 1756454574558351561,
      "q" : "1",
      "p" : "1.2121",
      "s" : "sell",
      "i" : "LDOUSD-PERP",
      "m" : "4611686018430472229"
    }, {
      "d" : "1756454574558349078",
      "t" : 1756454574558,
      "tn" : 1756454574558349078,
      "q" : "1",
      "p" : "1.2124",
      "s" : "sell",
      "i" : "LDOUSD-PERP",
      "m" : "4611686018430472228"
    }, {
      "d" : "1756454205098852020",
      "t" : 1756454205098,
      "tn" : 1756454205098852020,
      "q" : "1",
      "p" : "1.2151",
      "s" : "buy",
      "i" : "LDOUSD-PERP",
      "m" : "4611686018430472227"
    }, {
      "d" : "1756454020166162828",
      "t" : 1756454020166,
      "tn" : 1756454020166162828,
      "q" : "1",
      "p" : "1.2178",
      "s" : "buy",
      "i" : "LDOUSD-PERP",
      "m" : "4611686018430472226"
    }, {
      "d" : "1756453966417947209",
      "t" : 1756453966417,
      "tn" : 1756453966417947209,
      "q" : "1",
      "p" : "1.2175",
      "s" : "sell",
      "i" : "LDOUSD-PERP",
      "m" : "4611686018430472225"
    }, {
      "d" : "1756453966417944813",
      "t" : 1756453966417,
      "tn" : 1756453966417944813,
      "q" : "1",
      "p" : "1.2178",
      "s" : "sell",
      "i" : "LDOUSD-PERP",
      "m" : "4611686018430472224"
    }, {
      "d" : "1756453572073233416",
      "t" : 1756453572073,
      "tn" : 1756453572073233416,
      "q" : "161",
      "p" : "1.2203",
      "s" : "buy",
      "i" : "LDOUSD-PERP",
      "m" : "4611686018430472223"
    }, {
      "d" : "1756453572073231532",
      "t" : 1756453572073,
      "tn" : 1756453572073231532,
      "q" : "2",
      "p" : "1.2198",
      "s" : "buy",
      "i" : "LDOUSD-PERP",
      "m" : "4611686018430472222"
    }, {
      "d" : "1756453572071918384",
      "t" : 1756453572071,
      "tn" : 1756453572071918384,
      "q" : "1",
      "p" : "1.2190",
      "s" : "buy",
      "i" : "LDOUSD-PERP",
      "m" : "4611686018430472221"
    }, {
      "d" : "1756453572071299182",
      "t" : 1756453572071,
      "tn" : 1756453572071299182,
      "q" : "163",
      "p" : "1.2190",
      "s" : "buy",
      "i" : "LDOUSD-PERP",
      "m" : "4611686018430472220"
    }, {
      "d" : "1756453572071297602",
      "t" : 1756453572071,
      "tn" : 1756453572071297602,
      "q" : "1",
      "p" : "1.2188",
      "s" : "buy",
      "i" : "LDOUSD-PERP",
      "m" : "4611686018430472219"
    }, {
      "d" : "1756453572071291663",
      "t" : 1756453572071,
      "tn" : 1756453572071291663,
      "q" : "1",
      "p" : "1.2184",
      "s" : "buy",
      "i" : "LDOUSD-PERP",
      "m" : "4611686018430472218"
    }, {
      "d" : "1756452945397954056",
      "t" : 1756452945397,
      "tn" : 1756452945397954056,
      "q" : "1",
      "p" : "1.2173",
      "s" : "sell",
      "i" : "LDOUSD-PERP",
      "m" : "4611686018430472217"
    }, {
      "d" : "1756452945397951956",
      "t" : 1756452945397,
      "tn" : 1756452945397951956,
      "q" : "1",
      "p" : "1.2176",
      "s" : "sell",
      "i" : "LDOUSD-PERP",
      "m" : "4611686018430472216"
    }, {
      "d" : "1756452665498506547",
      "t" : 1756452665498,
      "tn" : 1756452665498506547,
      "q" : "1",
      "p" : "1.2162",
      "s" : "sell",
      "i" : "LDOUSD-PERP",
      "m" : "4611686018430472215"
    }, {
      "d" : "1756452614138553568",
      "t" : 1756452614138,
      "tn" : 1756452614138553568,
      "q" : "1",
      "p" : "1.2168",
      "s" : "sell",
      "i" : "LDOUSD-PERP",
      "m" : "4611686018430472214"
    }, {
      "d" : "1756452614138550993",
      "t" : 1756452614138,
      "tn" : 1756452614138550993,
      "q" : "1",
      "p" : "1.2171",
      "s" : "sell",
      "i" : "LDOUSD-PERP",
      "m" : "4611686018430472213"
    }, {
      "d" : "1756452606219257566",
      "t" : 1756452606219,
      "tn" : 1756452606219257566,
      "q" : "1",
      "p" : "1.2176",
      "s" : "buy",
      "i" : "LDOUSD-PERP",
      "m" : "4611686018430472212"
    }, {
      "d" : "1756452606078197965",
      "t" : 1756452606078,
      "tn" : 1756452606078197965,
      "q" : "1",
      "p" : "1.2163",
      "s" : "buy",
      "i" : "LDOUSD-PERP",
      "m" : "4611686018430472211"
    }, {
      "d" : "1756452549178006222",
      "t" : 1756452549178,
      "tn" : 1756452549178006222,
      "q" : "1",
      "p" : "1.2159",
      "s" : "sell",
      "i" : "LDOUSD-PERP",
      "m" : "4611686018430472210"
    }, {
      "d" : "1756452549178003996",
      "t" : 1756452549178,
      "tn" : 1756452549178003996,
      "q" : "1",
      "p" : "1.2161",
      "s" : "sell",
      "i" : "LDOUSD-PERP",
      "m" : "4611686018430472209"
    }, {
      "d" : "1756452524451830953",
      "t" : 1756452524451,
      "tn" : 1756452524451830953,
      "q" : "1",
      "p" : "1.2156",
      "s" : "buy",
      "i" : "LDOUSD-PERP",
      "m" : "4611686018430472208"
    }, {
      "d" : "1756452443298190676",
      "t" : 1756452443298,
      "tn" : 1756452443298190676,
      "q" : "1",
      "p" : "1.2146",
      "s" : "sell",
      "i" : "LDOUSD-PERP",
      "m" : "4611686018430472207"
    }, {
      "d" : "1756452443298186950",
      "t" : 1756452443298,
      "tn" : 1756452443298186950,
      "q" : "1",
      "p" : "1.2149",
      "s" : "sell",
      "i" : "LDOUSD-PERP",
      "m" : "4611686018430472206"
    }, {
      "d" : "1756452342297961978",
      "t" : 1756452342297,
      "tn" : 1756452342297961978,
      "q" : "1",
      "p" : "1.2168",
      "s" : "sell",
      "i" : "LDOUSD-PERP",
      "m" : "4611686018430472205"
    }, {
      "d" : "1756452342297959627",
      "t" : 1756452342297,
      "tn" : 1756452342297959627,
      "q" : "1",
      "p" : "1.2173",
      "s" : "sell",
      "i" : "LDOUSD-PERP",
      "m" : "4611686018430472204"
    }, {
      "d" : "1756452337219835403",
      "t" : 1756452337219,
      "tn" : 1756452337219835403,
      "q" : "1",
      "p" : "1.2179",
      "s" : "sell",
      "i" : "LDOUSD-PERP",
      "m" : "4611686018430472203"
    }, {
      "d" : "1756452337219833208",
      "t" : 1756452337219,
      "tn" : 1756452337219833208,
      "q" : "1",
      "p" : "1.2182",
      "s" : "sell",
      "i" : "LDOUSD-PERP",
      "m" : "4611686018430472202"
    }, {
      "d" : "1756452135127251110",
      "t" : 1756452135127,
      "tn" : 1756452135127251110,
      "q" : "3",
      "p" : "1.2165",
      "s" : "sell",
      "i" : "LDOUSD-PERP",
      "m" : "4611686018430472201"
    }, {
      "d" : "1756452135127249593",
      "t" : 1756452135127,
      "tn" : 1756452135127249593,
      "q" : "1",
      "p" : "1.2169",
      "s" : "sell",
      "i" : "LDOUSD-PERP",
      "m" : "4611686018430472200"
    }, {
      "d" : "1756452135127246938",
      "t" : 1756452135127,
      "tn" : 1756452135127246938,
      "q" : "1",
      "p" : "1.2173",
      "s" : "sell",
      "i" : "LDOUSD-PERP",
      "m" : "4611686018430472199"
    }, {
      "d" : "1756452134939412837",
      "t" : 1756452134939,
      "tn" : 1756452134939412837,
      "q" : "1",
      "p" : "1.2174",
      "s" : "sell",
      "i" : "LDOUSD-PERP",
      "m" : "4611686018430472198"
    }, {
      "d" : "1756452134799152725",
      "t" : 1756452134799,
      "tn" : 1756452134799152725,
      "q" : "1",
      "p" : "1.2171",
      "s" : "sell",
      "i" : "LDOUSD-PERP",
      "m" : "4611686018430472197"
    }, {
      "d" : "1756452134799150507",
      "t" : 1756452134799,
      "tn" : 1756452134799150507,
      "q" : "1",
      "p" : "1.2175",
      "s" : "sell",
      "i" : "LDOUSD-PERP",
      "m" : "4611686018430472196"
    }, {
      "d" : "1756452061463579710",
      "t" : 1756452061463,
      "tn" : 1756452061463579710,
      "q" : "1",
      "p" : "1.2185",
      "s" : "buy",
      "i" : "LDOUSD-PERP",
      "m" : "4611686018430472195"
    }, {
      "d" : "1756452034999776220",
      "t" : 1756452034999,
      "tn" : 1756452034999776220,
      "q" : "1",
      "p" : "1.2186",
      "s" : "sell",
      "i" : "LDOUSD-PERP",
      "m" : "4611686018430472194"
    }, {
      "d" : "1756451969738790369",
      "t" : 1756451969738,
      "tn" : 1756451969738790369,
      "q" : "1",
      "p" : "1.2166",
      "s" : "sell",
      "i" : "LDOUSD-PERP",
      "m" : "4611686018430472193"
    }, {
      "d" : "1756451964652038160",
      "t" : 1756451964652,
      "tn" : 1756451964652038160,
      "q" : "1",
      "p" : "1.2184",
      "s" : "sell",
      "i" : "LDOUSD-PERP",
      "m" : "4611686018430472192"
    }, {
      "d" : "1756451964650112063",
      "t" : 1756451964650,
      "tn" : 1756451964650112063,
      "q" : "1",
      "p" : "1.2188",
      "s" : "sell",
      "i" : "LDOUSD-PERP",
      "m" : "4611686018430472191"
    }, {
      "d" : "1756451954258448753",
      "t" : 1756451954258,
      "tn" : 1756451954258448753,
      "q" : "1",
      "p" : "1.2184",
      "s" : "sell",
      "i" : "LDOUSD-PERP",
      "m" : "4611686018430472190"
    }, {
      "d" : "1756451954258446810",
      "t" : 1756451954258,
      "tn" : 1756451954258446810,
      "q" : "1",
      "p" : "1.2188",
      "s" : "sell",
      "i" : "LDOUSD-PERP",
      "m" : "4611686018430472189"
    }, {
      "d" : "1756451762618207723",
      "t" : 1756451762618,
      "tn" : 1756451762618207723,
      "q" : "1",
      "p" : "1.2177",
      "s" : "sell",
      "i" : "LDOUSD-PERP",
      "m" : "4611686018430472188"
    }, {
      "d" : "1756451762618205186",
      "t" : 1756451762618,
      "tn" : 1756451762618205186,
      "q" : "1",
      "p" : "1.2181",
      "s" : "sell",
      "i" : "LDOUSD-PERP",
      "m" : "4611686018430472187"
    }, {
      "d" : "1756451687958396206",
      "t" : 1756451687958,
      "tn" : 1756451687958396206,
      "q" : "8",
      "p" : "1.2153",
      "s" : "sell",
      "i" : "LDOUSD-PERP",
      "m" : "4611686018430472186"
    }, {
      "d" : "1756451687958394410",
      "t" : 1756451687958,
      "tn" : 1756451687958394410,
      "q" : "1",
      "p" : "1.2158",
      "s" : "sell",
      "i" : "LDOUSD-PERP",
      "m" : "4611686018430472185"
    }, {
      "d" : "1756451682911058185",
      "t" : 1756451682911,
      "tn" : 1756451682911058185,
      "q" : "1",
      "p" : "1.2184",
      "s" : "sell",
      "i" : "LDOUSD-PERP",
      "m" : "4611686018430472184"
    }, {
      "d" : "1756451603034068008",
      "t" : 1756451603034,
      "tn" : 1756451603034068008,
      "q" : "1",
      "p" : "1.2204",
      "s" : "sell",
      "i" : "LDOUSD-PERP",
      "m" : "4611686018430472183"
    }, {
      "d" : "1756451553052600721",
      "t" : 1756451553052,
      "tn" : 1756451553052600721,
      "q" : "1",
      "p" : "1.2234",
      "s" : "buy",
      "i" : "LDOUSD-PERP",
      "m" : "4611686018430472182"
    }, {
      "d" : "1756451294204326280",
      "t" : 1756451294204,
      "tn" : 1756451294204326280,
      "q" : "1",
      "p" : "1.2251",
      "s" : "buy",
      "i" : "LDOUSD-PERP",
      "m" : "4611686018430472181"
    }, {
      "d" : "1756451108912638576",
      "t" : 1756451108912,
      "tn" : 1756451108912638576,
      "q" : "1",
      "p" : "1.2338",
      "s" : "buy",
      "i" : "LDOUSD-PERP",
      "m" : "4611686018430472180"
    }, {
      "d" : "1756451096537895151",
      "t" : 1756451096537,
      "tn" : 1756451096537895151,
      "q" : "1",
      "p" : "1.2319",
      "s" : "sell",
      "i" : "LDOUSD-PERP",
      "m" : "4611686018430472179"
    }, {
      "d" : "1756451091450771850",
      "t" : 1756451091450,
      "tn" : 1756451091450771850,
      "q" : "1",
      "p" : "1.2326",
      "s" : "sell",
      "i" : "LDOUSD-PERP",
      "m" : "4611686018430472178"
    }, {
      "d" : "1756450017424985097",
      "t" : 1756450017424,
      "tn" : 1756450017424985097,
      "q" : "161",
      "p" : "1.2411",
      "s" : "sell",
      "i" : "LDOUSD-PERP",
      "m" : "4611686018430472177"
    }, {
      "d" : "1756449995075757239",
      "t" : 1756449995075,
      "tn" : 1756449995075757239,
      "q" : "161",
      "p" : "1.2408",
      "s" : "sell",
      "i" : "LDOUSD-PERP",
      "m" : "4611686018430472176"
    }, {
      "d" : "1756449828921359743",
      "t" : 1756449828921,
      "tn" : 1756449828921359743,
      "q" : "25",
      "p" : "1.2400",
      "s" : "sell",
      "i" : "LDOUSD-PERP",
      "m" : "4611686018430472175"
    }, {
      "d" : "1756449827129017130",
      "t" : 1756449827129,
      "tn" : 1756449827129017130,
      "q" : "161",
      "p" : "1.2402",
      "s" : "sell",
      "i" : "LDOUSD-PERP",
      "m" : "4611686018430472174"
    }, {
      "d" : "1756449824057364115",
      "t" : 1756449824057,
      "tn" : 1756449824057364115,
      "q" : "161",
      "p" : "1.2402",
      "s" : "sell",
      "i" : "LDOUSD-PERP",
      "m" : "4611686018430472173"
    }, {
      "d" : "1756449823550473854",
      "t" : 1756449823550,
      "tn" : 1756449823550473854,
      "q" : "161",
      "p" : "1.2402",
      "s" : "sell",
      "i" : "LDOUSD-PERP",
      "m" : "4611686018430472172"
    }, {
      "d" : "1756449617218054231",
      "t" : 1756449617218,
      "tn" : 1756449617218054231,
      "q" : "10",
      "p" : "1.2363",
      "s" : "sell",
      "i" : "LDOUSD-PERP",
      "m" : "4611686018430472171"
    }, {
      "d" : "1756448155689349469",
      "t" : 1756448155689,
      "tn" : 1756448155689349469,
      "q" : "1",
      "p" : "1.2372",
      "s" : "sell",
      "i" : "LDOUSD-PERP",
      "m" : "4611686018430472170"
    }, {
      "d" : "1756448155689346799",
      "t" : 1756448155689,
      "tn" : 1756448155689346799,
      "q" : "1",
      "p" : "1.2377",
      "s" : "sell",
      "i" : "LDOUSD-PERP",
      "m" : "4611686018430472169"
    }, {
      "d" : "1756448075037908444",
      "t" : 1756448075037,
      "tn" : 1756448075037908444,
      "q" : "6",
      "p" : "1.2404",
      "s" : "sell",
      "i" : "LDOUSD-PERP",
      "m" : "4611686018430472168"
    }, {
      "d" : "1756448075037906795",
      "t" : 1756448075037,
      "tn" : 1756448075037906795,
      "q" : "1",
      "p" : "1.2410",
      "s" : "sell",
      "i" : "LDOUSD-PERP",
      "m" : "4611686018430472167"
    }, {
      "d" : "1756448075037904111",
      "t" : 1756448075037,
      "tn" : 1756448075037904111,
      "q" : "1",
      "p" : "1.2416",
      "s" : "sell",
      "i" : "LDOUSD-PERP",
      "m" : "4611686018430472166"
    }, {
      "d" : "1756448023362566054",
      "t" : 1756448023362,
      "tn" : 1756448023362566054,
      "q" : "1",
      "p" : "1.2427",
      "s" : "buy",
      "i" : "LDOUSD-PERP",
      "m" : "4611686018430472165"
    }, {
      "d" : "1756447976499395467",
      "t" : 1756447976499,
      "tn" : 1756447976499395467,
      "q" : "1",
      "p" : "1.2426",
      "s" : "buy",
      "i" : "LDOUSD-PERP",
      "m" : "4611686018430472164"
    }, {
      "d" : "1756447913594064135",
      "t" : 1756447913594,
      "tn" : 1756447913594064135,
      "q" : "1",
      "p" : "1.2427",
      "s" : "buy",
      "i" : "LDOUSD-PERP",
      "m" : "4611686018430472163"
    }, {
      "d" : "1756447913313527923",
      "t" : 1756447913313,
      "tn" : 1756447913313527923,
      "q" : "1",
      "p" : "1.2428",
      "s" : "buy",
      "i" : "LDOUSD-PERP",
      "m" : "4611686018430472162"
    }, {
      "d" : "1756447903467834474",
      "t" : 1756447903467,
      "tn" : 1756447903467834474,
      "q" : "1",
      "p" : "1.2427",
      "s" : "buy",
      "i" : "LDOUSD-PERP",
      "m" : "4611686018430472161"
    }, {
      "d" : "1756447903141708964",
      "t" : 1756447903141,
      "tn" : 1756447903141708964,
      "q" : "1",
      "p" : "1.2427",
      "s" : "buy",
      "i" : "LDOUSD-PERP",
      "m" : "4611686018430472160"
    }, {
      "d" : "1756447893446914800",
      "t" : 1756447893446,
      "tn" : 1756447893446914800,
      "q" : "1",
      "p" : "1.2427",
      "s" : "buy",
      "i" : "LDOUSD-PERP",
      "m" : "4611686018430472159"
    }, {
      "d" : "1756447893093191757",
      "t" : 1756447893093,
      "tn" : 1756447893093191757,
      "q" : "1",
      "p" : "1.2428",
      "s" : "buy",
      "i" : "LDOUSD-PERP",
      "m" : "4611686018430472158"
    }, {
      "d" : "1756447801033146714",
      "t" : 1756447801033,
      "tn" : 1756447801033146714,
      "q" : "1",
      "p" : "1.2433",
      "s" : "buy",
      "i" : "LDOUSD-PERP",
      "m" : "4611686018430472157"
    }, {
      "d" : "1756447800922282816",
      "t" : 1756447800922,
      "tn" : 1756447800922282816,
      "q" : "1",
      "p" : "1.2436",
      "s" : "buy",
      "i" : "LDOUSD-PERP",
      "m" : "4611686018430472156"
    }, {
      "d" : "1756447794748097683",
      "t" : 1756447794748,
      "tn" : 1756447794748097683,
      "q" : "1",
      "p" : "1.2436",
      "s" : "buy",
      "i" : "LDOUSD-PERP",
      "m" : "4611686018430472155"
    }, {
      "d" : "1756447790861165441",
      "t" : 1756447790861,
      "tn" : 1756447790861165441,
      "q" : "1",
      "p" : "1.2437",
      "s" : "buy",
      "i" : "LDOUSD-PERP",
      "m" : "4611686018430472154"
    }, {
      "d" : "1756447784747035744",
      "t" : 1756447784747,
      "tn" : 1756447784747035744,
      "q" : "1",
      "p" : "1.2438",
      "s" : "buy",
      "i" : "LDOUSD-PERP",
      "m" : "4611686018430472153"
    }, {
      "d" : "1756447779268298986",
      "t" : 1756447779268,
      "tn" : 1756447779268298986,
      "q" : "1",
      "p" : "1.2439",
      "s" : "buy",
      "i" : "LDOUSD-PERP",
      "m" : "4611686018430472152"
    }, {
      "d" : "1756447769123987119",
      "t" : 1756447769123,
      "tn" : 1756447769123987119,
      "q" : "1",
      "p" : "1.2441",
      "s" : "buy",
      "i" : "LDOUSD-PERP",
      "m" : "4611686018430472151"
    }, {
      "d" : "1756447579366450056",
      "t" : 1756447579366,
      "tn" : 1756447579366450056,
      "q" : "1",
      "p" : "1.2447",
      "s" : "buy",
      "i" : "LDOUSD-PERP",
      "m" : "4611686018430472150"
    }, {
      "d" : "1756447236271071653",
      "t" : 1756447236271,
      "tn" : 1756447236271071653,
      "q" : "1",
      "p" : "1.2481",
      "s" : "buy",
      "i" : "LDOUSD-PERP",
      "m" : "4611686018430472149"
    }, {
      "d" : "1756447225163374644",
      "t" : 1756447225163,
      "tn" : 1756447225163374644,
      "q" : "1",
      "p" : "1.2483",
      "s" : "buy",
      "i" : "LDOUSD-PERP",
      "m" : "4611686018430472148"
    }, {
      "d" : "1756447162815938679",
      "t" : 1756447162815,
      "tn" : 1756447162815938679,
      "q" : "1",
      "p" : "1.2481",
      "s" : "buy",
      "i" : "LDOUSD-PERP",
      "m" : "4611686018430472147"
    }, {
      "d" : "1756447145849019474",
      "t" : 1756447145849,
      "tn" : 1756447145849019474,
      "q" : "1",
      "p" : "1.2482",
      "s" : "buy",
      "i" : "LDOUSD-PERP",
      "m" : "4611686018430472146"
    }, {
      "d" : "1756447130224987578",
      "t" : 1756447130224,
      "tn" : 1756447130224987578,
      "q" : "1",
      "p" : "1.2483",
      "s" : "buy",
      "i" : "LDOUSD-PERP",
      "m" : "4611686018430472145"
    }, {
      "d" : "1756447120171575991",
      "t" : 1756447120171,
      "tn" : 1756447120171575991,
      "q" : "1",
      "p" : "1.2482",
      "s" : "buy",
      "i" : "LDOUSD-PERP",
      "m" : "4611686018430472144"
    }, {
      "d" : "1756447029028175990",
      "t" : 1756447029028,
      "tn" : 1756447029028175990,
      "q" : "1",
      "p" : "1.2468",
      "s" : "buy",
      "i" : "LDOUSD-PERP",
      "m" : "4611686018430472143"
    } ]
  }
}