{
  "id" : -1,
  "method" : "public/get-trades",
  "code" : 0,
  "result" : {
    "data" : [ {
      "d" : "1756461482267169347",
      "t" : 1756461482267,
      "tn" : 1756461482267169347,
      "q" : "1.2862",
      "p" : "43.83",
      "s" : "sell",
      "i" : "LEASH_USD",
      "m" : "4611686018429058799"
    }, {
      "d" : "1756461482244193425",
      "t" : 1756461482244,
      "tn" : 1756461482244193425,
      "q" : "1.2862",
      "p" : "43.82",
      "s" : "sell",
      "i" : "LEASH_USD",
      "m" : "4611686018429058798"
    }, {
      "d" : "1756461302153643566",
      "t" : 1756461302153,
      "tn" : 1756461302153643566,
      "q" : "0.9640",
      "p" : "43.48",
      "s" : "sell",
      "i" : "LEASH_USD",
      "m" : "4611686018429058797"
    }, {
      "d" : "1756461302097171836",
      "t" : 1756461302097,
      "tn" : 1756461302097171836,
      "q" : "0.9640",
      "p" : "43.48",
      "s" : "sell",
      "i" : "LEASH_USD",
      "m" : "4611686018429058796"
    }, {
      "d" : "1756461140446995116",
      "t" : 1756461140446,
      "tn" : 1756461140446995116,
      "q" : "0.1432",
      "p" : "45.37",
      "s" : "buy",
      "i" : "LEASH_USD",
      "m" : "4611686018429058795"
    }, {
      "d" : "1756461127830277195",
      "t" : 1756461127830,
      "tn" : 1756461127830277195,
      "q" : "0.1060",
      "p" : "44.92",
      "s" : "buy",
      "i" : "LEASH_USD",
      "m" : "4611686018429058794"
    }, {
      "d" : "1756461109292359574",
      "t" : 1756461109292,
      "tn" : 1756461109292359574,
      "q" : "0.6214",
      "p" : "43.40",
      "s" : "sell",
      "i" : "LEASH_USD",
      "m" : "4611686018429058793"
    }, {
      "d" : "1756461064832511864",
      "t" : 1756461064832,
      "tn" : 1756461064832511864,
      "q" : "0.5751",
      "p" : "43.47",
      "s" : "sell",
      "i" : "LEASH_USD",
      "m" : "4611686018429058792"
    }, {
      "d" : "1756460968726934597",
      "t" : 1756460968726,
      "tn" : 1756460968726934597,
      "q" : "0.5748",
      "p" : "43.49",
      "s" : "sell",
      "i" : "LEASH_USD",
      "m" : "4611686018429058791"
    }, {
      "d" : "1756460138819689416",
      "t" : 1756460138819,
      "tn" : 1756460138819689416,
      "q" : "1.0211",
      "p" : "45.18",
      "s" : "buy",
      "i" : "LEASH_USD",
      "m" : "4611686018429058790"
    }, {
      "d" : "1756459917646582907",
      "t" : 1756459917646,
      "tn" : 1756459917646582907,
      "q" : "0.7852",
      "p" : "43.25",
      "s" : "sell",
      "i" : "LEASH_USD",
      "m" : "4611686018429058789"
    }, {
      "d" : "1756459526534418387",
      "t" : 1756459526534,
      "tn" : 1756459526534418387,
      "q" : "0.2553",
      "p" : "42.50",
      "s" : "sell",
      "i" : "LEASH_USD",
      "m" : "4611686018429058788"
    }, {
      "d" : "1756459144627771981",
      "t" : 1756459144627,
      "tn" : 1756459144627771981,
      "q" : "0.6061",
      "p" : "43.83",
      "s" : "sell",
      "i" : "LEASH_USD",
      "m" : "4611686018429058787"
    }, {
      "d" : "1756459114206465457",
      "t" : 1756459114206,
      "tn" : 1756459114206465457,
      "q" : "1.2119",
      "p" : "43.72",
      "s" : "sell",
      "i" : "LEASH_USD",
      "m" : "4611686018429058786"
    }, {
      "d" : "1756459114182515236",
      "t" : 1756459114182,
      "tn" : 1756459114182515236,
      "q" : "1.7053",
      "p" : "43.73",
      "s" : "sell",
      "i" : "LEASH_USD",
      "m" : "4611686018429058785"
    }, {
      "d" : "1756459111408111125",
      "t" : 1756459111408,
      "tn" : 1756459111408111125,
      "q" : "2.4017",
      "p" : "43.86",
      "s" : "sell",
      "i" : "LEASH_USD",
      "m" : "4611686018429058784"
    }, {
      "d" : "1756459111381432453",
      "t" : 1756459111381,
      "tn" : 1756459111381432453,
      "q" : "0.5069",
      "p" : "43.86",
      "s" : "sell",
      "i" : "LEASH_USD",
      "m" : "4611686018429058783"
    }, {
      "d" : "1756458721427985573",
      "t" : 1756458721427,
      "tn" : 1756458721427985573,
      "q" : "1.3297",
      "p" : "44.99",
      "s" : "buy",
      "i" : "LEASH_USD",
      "m" : "4611686018429058782"
    }, {
      "d" : "1756458721264166148",
      "t" : 1756458721264,
      "tn" : 1756458721264166148,
      "q" : "0.6703",
      "p" : "44.98",
      "s" : "buy",
      "i" : "LEASH_USD",
      "m" : "4611686018429058781"
    }, {
      "d" : "1756458431337915218",
      "t" : 1756458431337,
      "tn" : 1756458431337915218,
      "q" : "0.6923",
      "p" : "44.92",
      "s" : "buy",
      "i" : "LEASH_USD",
      "m" : "4611686018429058780"
    }, {
      "d" : "1756458155312847569",
      "t" : 1756458155312,
      "tn" : 1756458155312847569,
      "q" : "0.9671",
      "p" : "44.92",
      "s" : "sell",
      "i" : "LEASH_USD",
      "m" : "4611686018429058779"
    }, {
      "d" : "1756458154377251454",
      "t" : 1756458154377,
      "tn" : 1756458154377251454,
      "q" : "2.0329",
      "p" : "44.92",
      "s" : "buy",
      "i" : "LEASH_USD",
      "m" : "4611686018429058778"
    }, {
      "d" : "1756457911661035883",
      "t" : 1756457911661,
      "tn" : 1756457911661035883,
      "q" : "2.0000",
      "p" : "45.03",
      "s" : "buy",
      "i" : "LEASH_USD",
      "m" : "4611686018429058777"
    }, {
      "d" : "1756457543023780648",
      "t" : 1756457543023,
      "tn" : 1756457543023780648,
      "q" : "0.5342",
      "p" : "45.14",
      "s" : "buy",
      "i" : "LEASH_USD",
      "m" : "4611686018429058776"
    }, {
      "d" : "1756457317977811328",
      "t" : 1756457317977,
      "tn" : 1756457317977811328,
      "q" : "0.0590",
      "p" : "45.21",
      "s" : "buy",
      "i" : "LEASH_USD",
      "m" : "4611686018429058775"
    }, {
      "d" : "1756456994302887199",
      "t" : 1756456994302,
      "tn" : 1756456994302887199,
      "q" : "0.1138",
      "p" : "45.23",
      "s" : "buy",
      "i" : "LEASH_USD",
      "m" : "4611686018429058774"
    }, {
      "d" : "1756456869370088913",
      "t" : 1756456869370,
      "tn" : 1756456869370088913,
      "q" : "2.4478",
      "p" : "45.25",
      "s" : "buy",
      "i" : "LEASH_USD",
      "m" : "4611686018429058773"
    }, {
      "d" : "1756456492800296055",
      "t" : 1756456492800,
      "tn" : 1756456492800296055,
      "q" : "2.4374",
      "p" : "45.41",
      "s" : "buy",
      "i" : "LEASH_USD",
      "m" : "4611686018429058772"
    }, {
      "d" : "1756456449152825392",
      "t" : 1756456449152,
      "tn" : 1756456449152825392,
      "q" : "1.0000",
      "p" : "44.97",
      "s" : "buy",
      "i" : "LEASH_USD",
      "m" : "4611686018429058771"
    }, {
      "d" : "1756456065461824480",
      "t" : 1756456065461,
      "tn" : 1756456065461824480,
      "q" : "1.1773",
      "p" : "43.45",
      "s" : "sell",
      "i" : "LEASH_USD",
      "m" : "4611686018429058770"
    }, {
      "d" : "1756455890132018171",
      "t" : 1756455890132,
      "tn" : 1756455890132018171,
      "q" : "0.0377",
      "p" : "45.29",
      "s" : "buy",
      "i" : "LEASH_USD",
      "m" : "4611686018429058769"
    }, {
      "d" : "1756455887472817546",
      "t" : 1756455887472,
      "tn" : 1756455887472817546,
      "q" : "0.4420",
      "p" : "45.25",
      "s" : "sell",
      "i" : "LEASH_USD",
      "m" : "4611686018429058768"
    }, {
      "d" : "1756455887125581011",
      "t" : 1756455887125,
      "tn" : 1756455887125581011,
      "q" : "3.3247",
      "p" : "45.25",
      "s" : "buy",
      "i" : "LEASH_USD",
      "m" : "4611686018429058767"
    }, {
      "d" : "1756455099120249348",
      "t" : 1756455099120,
      "tn" : 1756455099120249348,
      "q" : "1.5468",
      "p" : "44.16",
      "s" : "sell",
      "i" : "LEASH_USD",
      "m" : "4611686018429058766"
    }, {
      "d" : "1756454666741748747",
      "t" : 1756454666741,
      "tn" : 1756454666741748747,
      "q" : "0.8919",
      "p" : "45.57",
      "s" : "buy",
      "i" : "LEASH_USD",
      "m" : "4611686018429058765"
    }, {
      "d" : "1756454130727563805",
      "t" : 1756454130727,
      "tn" : 1756454130727563805,
      "q" : "0.5272",
      "p" : "44.64",
      "s" : "buy",
      "i" : "LEASH_USD",
      "m" : "4611686018429058764"
    }, {
      "d" : "1756453530697003761",
      "t" : 1756453530697,
      "tn" : 1756453530697003761,
      "q" : "0.7441",
      "p" : "43.55",
      "s" : "sell",
      "i" : "LEASH_USD",
      "m" : "4611686018429058763"
    }, {
      "d" : "1756453527545448235",
      "t" : 1756453527545,
      "tn" : 1756453527545448235,
      "q" : "3.3234",
      "p" : "43.95",
      "s" : "sell",
      "i" : "LEASH_USD",
      "m" : "4611686018429058762"
    }, {
      "d" : "1756453207893655341",
      "t" : 1756453207893,
      "tn" : 1756453207893655341,
      "q" : "1.5352",
      "p" : "45.69",
      "s" : "buy",
      "i" : "LEASH_USD",
      "m" : "4611686018429058761"
    }, {
      "d" : "1756453126765619781",
      "t" : 1756453126765,
      "tn" : 1756453126765619781,
      "q" : "1.6749",
      "p" : "44.26",
      "s" : "buy",
      "i" : "LEASH_USD",
      "m" : "4611686018429058760"
    }, {
      "d" : "1756452742894809443",
      "t" : 1756452742894,
      "tn" : 1756452742894809443,
      "q" : "0.5845",
      "p" : "44.52",
      "s" : "sell",
      "i" : "LEASH_USD",
      "m" : "4611686018429058759"
    }, {
      "d" : "1756452742857861807",
      "t" : 1756452742857,
      "tn" : 1756452742857861807,
      "q" : "10.0077",
      "p" : "44.52",
      "s" : "sell",
      "i" : "LEASH_USD",
      "m" : "4611686018429058758"
    }, {
      "d" : "1756452641272205955",
      "t" : 1756452641272,
      "tn" : 1756452641272205955,
      "q" : "0.4486",
      "p" : "44.58",
      "s" : "sell",
      "i" : "LEASH_USD",
      "m" : "4611686018429058757"
    }, {
      "d" : "1756452618456644543",
      "t" : 1756452618456,
      "tn" : 1756452618456644543,
      "q" : "0.9048",
      "p" : "44.21",
      "s" : "sell",
      "i" : "LEASH_USD",
      "m" : "4611686018429058756"
    }, {
      "d" : "1756452501380229230",
      "t" : 1756452501380,
      "tn" : 1756452501380229230,
      "q" : "1.5906",
      "p" : "45.54",
      "s" : "buy",
      "i" : "LEASH_USD",
      "m" : "4611686018429058755"
    }, {
      "d" : "1756452498363499807",
      "t" : 1756452498363,
      "tn" : 1756452498363499807,
      "q" : "4.0763",
      "p" : "45.53",
      "s" : "buy",
      "i" : "LEASH_USD",
      "m" : "4611686018429058754"
    }, {
      "d" : "1756452495262795051",
      "t" : 1756452495262,
      "tn" : 1756452495262795051,
      "q" : "4.0763",
      "p" : "45.52",
      "s" : "buy",
      "i" : "LEASH_USD",
      "m" : "4611686018429058753"
    }, {
      "d" : "1756452292797153362",
      "t" : 1756452292797,
      "tn" : 1756452292797153362,
      "q" : "1.6834",
      "p" : "45.43",
      "s" : "buy",
      "i" : "LEASH_USD",
      "m" : "4611686018429058752"
    }, {
      "d" : "1756451518086937621",
      "t" : 1756451518086,
      "tn" : 1756451518086937621,
      "q" : "0.4214",
      "p" : "45.76",
      "s" : "buy",
      "i" : "LEASH_USD",
      "m" : "4611686018429058751"
    }, {
      "d" : "1756451214023881338",
      "t" : 1756451214023,
      "tn" : 1756451214023881338,
      "q" : "1.0370",
      "p" : "45.46",
      "s" : "buy",
      "i" : "LEASH_USD",
      "m" : "4611686018429058750"
    }, {
      "d" : "1756450495572736349",
      "t" : 1756450495572,
      "tn" : 1756450495572736349,
      "q" : "0.0459",
      "p" : "46.21",
      "s" : "buy",
      "i" : "LEASH_USD",
      "m" : "4611686018429058749"
    }, {
      "d" : "1756449778441532282",
      "t" : 1756449778441,
      "tn" : 1756449778441532282,
      "q" : "2.0644",
      "p" : "46.51",
      "s" : "buy",
      "i" : "LEASH_USD",
      "m" : "4611686018429058748"
    }, {
      "d" : "1756449752544576389",
      "t" : 1756449752544,
      "tn" : 1756449752544576389,
      "q" : "2.0595",
      "p" : "46.14",
      "s" : "buy",
      "i" : "LEASH_USD",
      "m" : "4611686018429058747"
    }, {
      "d" : "1756449593733051482",
      "t" : 1756449593733,
      "tn" : 1756449593733051482,
      "q" : "0.4457",
      "p" : "45.83",
      "s" : "buy",
      "i" : "LEASH_USD",
      "m" : "4611686018429058746"
    }, {
      "d" : "1756449591369360569",
      "t" : 1756449591369,
      "tn" : 1756449591369360569,
      "q" : "0.4536",
      "p" : "45.82",
      "s" : "sell",
      "i" : "LEASH_USD",
      "m" : "4611686018429058745"
    }, {
      "d" : "1756449591121705265",
      "t" : 1756449591121,
      "tn" : 1756449591121705265,
      "q" : "0.4400",
      "p" : "45.82",
      "s" : "sell",
      "i" : "LEASH_USD",
      "m" : "4611686018429058744"
    }, {
      "d" : "1756449591103096421",
      "t" : 1756449591103,
      "tn" : 1756449591103096421,
      "q" : "4.0763",
      "p" : "45.82",
      "s" : "buy",
      "i" : "LEASH_USD",
      "m" : "4611686018429058743"
    }, {
      "d" : "1756449484524809910",
      "t" : 1756449484524,
      "tn" : 1756449484524809910,
      "q" : "4.0000",
      "p" : "45.87",
      "s" : "buy",
      "i" : "LEASH_USD",
      "m" : "4611686018429058742"
    }, {
      "d" : "1756449283894611707",
      "t" : 1756449283894,
      "tn" : 1756449283894611707,
      "q" : "0.0252",
      "p" : "43.49",
      "s" : "buy",
      "i" : "LEASH_USD",
      "m" : "4611686018429058741"
    }, {
      "d" : "1756449281948878428",
      "t" : 1756449281948,
      "tn" : 1756449281948878428,
      "q" : "0.4599",
      "p" : "43.49",
      "s" : "buy",
      "i" : "LEASH_USD",
      "m" : "4611686018429058740"
    }, {
      "d" : "1756449281924471612",
      "t" : 1756449281924,
      "tn" : 1756449281924471612,
      "q" : "0.3500",
      "p" : "43.49",
      "s" : "buy",
      "i" : "LEASH_USD",
      "m" : "4611686018429058739"
    }, {
      "d" : "1756449281914092158",
      "t" : 1756449281914,
      "tn" : 1756449281914092158,
      "q" : "3.1649",
      "p" : "43.51",
      "s" : "sell",
      "i" : "LEASH_USD",
      "m" : "4611686018429058738"
    }, {
      "d" : "1756449153407630217",
      "t" : 1756449153407,
      "tn" : 1756449153407630217,
      "q" : "1.0000",
      "p" : "45.86",
      "s" : "buy",
      "i" : "LEASH_USD",
      "m" : "4611686018429058737"
    }, {
      "d" : "1756448858733529125",
      "t" : 1756448858733,
      "tn" : 1756448858733529125,
      "q" : "0.3924",
      "p" : "42.54",
      "s" : "sell",
      "i" : "LEASH_USD",
      "m" : "4611686018429058736"
    }, {
      "d" : "1756448554608543147",
      "t" : 1756448554608,
      "tn" : 1756448554608543147,
      "q" : "2.0857",
      "p" : "46.07",
      "s" : "buy",
      "i" : "LEASH_USD",
      "m" : "4611686018429058735"
    }, {
      "d" : "1756448551158200040",
      "t" : 1756448551158,
      "tn" : 1756448551158200040,
      "q" : "1.0133",
      "p" : "45.96",
      "s" : "buy",
      "i" : "LEASH_USD",
      "m" : "4611686018429058734"
    }, {
      "d" : "1756448487827927171",
      "t" : 1756448487827,
      "tn" : 1756448487827927171,
      "q" : "2.0907",
      "p" : "45.96",
      "s" : "buy",
      "i" : "LEASH_USD",
      "m" : "4611686018429058733"
    }, {
      "d" : "1756448434979431233",
      "t" : 1756448434979,
      "tn" : 1756448434979431233,
      "q" : "1.8507",
      "p" : "45.65",
      "s" : "buy",
      "i" : "LEASH_USD",
      "m" : "4611686018429058732"
    }, {
      "d" : "1756448431623978091",
      "t" : 1756448431623,
      "tn" : 1756448431623978091,
      "q" : "0.2351",
      "p" : "45.64",
      "s" : "buy",
      "i" : "LEASH_USD",
      "m" : "4611686018429058731"
    }, {
      "d" : "1756448375669238302",
      "t" : 1756448375669,
      "tn" : 1756448375669238302,
      "q" : "1.2227",
      "p" : "45.64",
      "s" : "buy",
      "i" : "LEASH_USD",
      "m" : "4611686018429058730"
    }, {
      "d" : "1756448375427046609",
      "t" : 1756448375427,
      "tn" : 1756448375427046608,
      "q" : "0.2350",
      "p" : "45.63",
      "s" : "buy",
      "i" : "LEASH_USD",
      "m" : "4611686018429058729"
    }, {
      "d" : "1756448375427046608",
      "t" : 1756448375427,
      "tn" : 1756448375427046608,
      "q" : "0.6280",
      "p" : "45.63",
      "s" : "buy",
      "i" : "LEASH_USD",
      "m" : "4611686018429058729"
    }, {
      "d" : "1756448211755768794",
      "t" : 1756448211755,
      "tn" : 1756448211755768794,
      "q" : "2.0931",
      "p" : "45.67",
      "s" : "buy",
      "i" : "LEASH_USD",
      "m" : "4611686018429058728"
    }, {
      "d" : "1756448180132319994",
      "t" : 1756448180132,
      "tn" : 1756448180132319994,
      "q" : "2.1427",
      "p" : "45.45",
      "s" : "buy",
      "i" : "LEASH_USD",
      "m" : "4611686018429058727"
    }, {
      "d" : "1756448177105412973",
      "t" : 1756448177105,
      "tn" : 1756448177105412973,
      "q" : "0.4700",
      "p" : "45.07",
      "s" : "buy",
      "i" : "LEASH_USD",
      "m" : "4611686018429058726"
    }, {
      "d" : "1756448177105410591",
      "t" : 1756448177105,
      "tn" : 1756448177105410591,
      "q" : "3.7881",
      "p" : "45.06",
      "s" : "buy",
      "i" : "LEASH_USD",
      "m" : "4611686018429058725"
    }, {
      "d" : "1756448173576500591",
      "t" : 1756448173576,
      "tn" : 1756448173576500591,
      "q" : "3.5992",
      "p" : "44.69",
      "s" : "buy",
      "i" : "LEASH_USD",
      "m" : "4611686018429058724"
    }, {
      "d" : "1756447818500494992",
      "t" : 1756447818500,
      "tn" : 1756447818500494992,
      "q" : "2.0049",
      "p" : "43.43",
      "s" : "sell",
      "i" : "LEASH_USD",
      "m" : "4611686018429058723"
    }, {
      "d" : "1756447818500494110",
      "t" : 1756447818500,
      "tn" : 1756447818500494110,
      "q" : "2.9951",
      "p" : "43.44",
      "s" : "sell",
      "i" : "LEASH_USD",
      "m" : "4611686018429058722"
    }, {
      "d" : "1756447302208081950",
      "t" : 1756447302208,
      "tn" : 1756447302208081950,
      "q" : "0.1320",
      "p" : "44.12",
      "s" : "sell",
      "i" : "LEASH_USD",
      "m" : "4611686018429058721"
    }, {
      "d" : "1756446703256228896",
      "t" : 1756446703256,
      "tn" : 1756446703256228896,
      "q" : "2.0879",
      "p" : "45.62",
      "s" : "buy",
      "i" : "LEASH_USD",
      "m" : "4611686018429058720"
    }, {
      "d" : "1756446281800721554",
      "t" : 1756446281800,
      "tn" : 1756446281800721554,
      "q" : "0.5546",
      "p" : "43.96",
      "s" : "sell",
      "i" : "LEASH_USD",
      "m" : "4611686018429058719"
    }, {
      "d" : "1756445775959894587",
      "t" : 1756445775959,
      "tn" : 1756445775959894587,
      "q" : "1.0000",
      "p" : "43.83",
      "s" : "sell",
      "i" : "LEASH_USD",
      "m" : "4611686018429058718"
    }, {
      "d" : "1756445267610113829",
      "t" : 1756445267610,
      "tn" : 1756445267610113829,
      "q" : "1.3718",
      "p" : "45.41",
      "s" : "buy",
      "i" : "LEASH_USD",
      "m" : "4611686018429058717"
    }, {
      "d" : "1756444941892004062",
      "t" : 1756444941892,
      "tn" : 1756444941892004062,
      "q" : "0.1309",
      "p" : "45.10",
      "s" : "buy",
      "i" : "LEASH_USD",
      "m" : "4611686018429058716"
    }, {
      "d" : "1756444781600055980",
      "t" : 1756444781600,
      "tn" : 1756444781600055980,
      "q" : "0.1220",
      "p" : "45.37",
      "s" : "buy",
      "i" : "LEASH_USD",
      "m" : "4611686018429058715"
    }, {
      "d" : "1756443382469828974",
      "t" : 1756443382469,
      "tn" : 1756443382469828974,
      "q" : "1.3062",
      "p" : "45.58",
      "s" : "buy",
      "i" : "LEASH_USD",
      "m" : "4611686018429058714"
    }, {
      "d" : "1756443055043609831",
      "t" : 1756443055043,
      "tn" : 1756443055043609831,
      "q" : "2.0587",
      "p" : "43.28",
      "s" : "sell",
      "i" : "LEASH_USD",
      "m" : "4611686018429058713"
    }, {
      "d" : "1756442786551523654",
      "t" : 1756442786551,
      "tn" : 1756442786551523654,
      "q" : "1.1830",
      "p" : "44.81",
      "s" : "sell",
      "i" : "LEASH_USD",
      "m" : "4611686018429058712"
    }, {
      "d" : "1756442786505376985",
      "t" : 1756442786505,
      "tn" : 1756442786505376985,
      "q" : "0.5526",
      "p" : "44.80",
      "s" : "sell",
      "i" : "LEASH_USD",
      "m" : "4611686018429058711"
    }, {
      "d" : "1756442575363070666",
      "t" : 1756442575363,
      "tn" : 1756442575363070666,
      "q" : "0.1052",
      "p" : "46.12",
      "s" : "buy",
      "i" : "LEASH_USD",
      "m" : "4611686018429058710"
    }, {
      "d" : "1756442473264999991",
      "t" : 1756442473264,
      "tn" : 1756442473264999991,
      "q" : "3.1548",
      "p" : "44.72",
      "s" : "sell",
      "i" : "LEASH_USD",
      "m" : "4611686018429058709"
    }, {
      "d" : "1756442473244345132",
      "t" : 1756442473244,
      "tn" : 1756442473244345132,
      "q" : "1.2699",
      "p" : "44.71",
      "s" : "sell",
      "i" : "LEASH_USD",
      "m" : "4611686018429058708"
    }, {
      "d" : "1756442341863422186",
      "t" : 1756442341863,
      "tn" : 1756442341863422186,
      "q" : "0.6644",
      "p" : "45.78",
      "s" : "sell",
      "i" : "LEASH_USD",
      "m" : "4611686018429058707"
    }, {
      "d" : "1756442341843593484",
      "t" : 1756442341843,
      "tn" : 1756442341843593484,
      "q" : "0.6684",
      "p" : "45.78",
      "s" : "sell",
      "i" : "LEASH_USD",
      "m" : "4611686018429058706"
    }, {
      "d" : "1756442341591717454",
      "t" : 1756442341591,
      "tn" : 1756442341591717454,
      "q" : "0.7121",
      "p" : "45.78",
      "s" : "sell",
      "i" : "LEASH_USD",
      "m" : "4611686018429058705"
    }, {
      "d" : "1756442341571754731",
      "t" : 1756442341571,
      "tn" : 1756442341571754731,
      "q" : "1.5553",
      "p" : "45.78",
      "s" : "sell",
      "i" : "LEASH_USD",
      "m" : "4611686018429058704"
    }, {
      "d" : "1756442333180095690",
      "t" : 1756442333180,
      "tn" : 1756442333180095690,
      "q" : "1.8292",
      "p" : "45.78",
      "s" : "sell",
      "i" : "LEASH_USD",
      "m" : "4611686018429058703"
    }, {
      "d" : "1756442333159323324",
      "t" : 1756442333159,
      "tn" : 1756442333159323324,
      "q" : "0.5461",
      "p" : "45.78",
      "s" : "sell",
      "i" : "LEASH_USD",
      "m" : "4611686018429058702"
    }, {
      "d" : "1756442166751066373",
      "t" : 1756442166751,
      "tn" : 1756442166751066373,
      "q" : "0.5474",
      "p" : "45.67",
      "s" : "sell",
      "i" : "LEASH_USD",
      "m" : "4611686018429058701"
    }, {
      "d" : "1756442151872135208",
      "t" : 1756442151872,
      "tn" : 1756442151872135208,
      "q" : "0.8758",
      "p" : "45.67",
      "s" : "sell",
      "i" : "LEASH_USD",
      "m" : "4611686018429058700"
    }, {
      "d" : "1756442143273148083",
      "t" : 1756442143273,
      "tn" : 1756442143273148083,
      "q" : "4.3792",
      "p" : "45.67",
      "s" : "sell",
      "i" : "LEASH_USD",
      "m" : "4611686018429058699"
    }, {
      "d" : "1756442118369600965",
      "t" : 1756442118369,
      "tn" : 1756442118369600965,
      "q" : "0.2555",
      "p" : "45.60",
      "s" : "buy",
      "i" : "LEASH_USD",
      "m" : "4611686018429058698"
    }, {
      "d" : "1756442118369599085",
      "t" : 1756442118369,
      "tn" : 1756442118369599085,
      "q" : "1.8672",
      "p" : "45.57",
      "s" : "buy",
      "i" : "LEASH_USD",
      "m" : "4611686018429058697"
    }, {
      "d" : "1756442040771827468",
      "t" : 1756442040771,
      "tn" : 1756442040771827468,
      "q" : "3.2499",
      "p" : "45.73",
      "s" : "sell",
      "i" : "LEASH_USD",
      "m" : "4611686018429058696"
    }, {
      "d" : "1756441996813492602",
      "t" : 1756441996813,
      "tn" : 1756441996813492602,
      "q" : "0.5110",
      "p" : "45.71",
      "s" : "buy",
      "i" : "LEASH_USD",
      "m" : "4611686018429058695"
    }, {
      "d" : "1756441996813488838",
      "t" : 1756441996813,
      "tn" : 1756441996813488838,
      "q" : "3.2845",
      "p" : "45.68",
      "s" : "buy",
      "i" : "LEASH_USD",
      "m" : "4611686018429058694"
    }, {
      "d" : "1756441686147298361",
      "t" : 1756441686147,
      "tn" : 1756441686147298361,
      "q" : "1.0159",
      "p" : "45.23",
      "s" : "sell",
      "i" : "LEASH_USD",
      "m" : "4611686018429058693"
    }, {
      "d" : "1756441676364439803",
      "t" : 1756441676364,
      "tn" : 1756441676364439803,
      "q" : "1.0000",
      "p" : "45.27",
      "s" : "sell",
      "i" : "LEASH_USD",
      "m" : "4611686018429058692"
    }, {
      "d" : "1756441674895566855",
      "t" : 1756441674895,
      "tn" : 1756441674895566855,
      "q" : "0.3400",
      "p" : "45.44",
      "s" : "sell",
      "i" : "LEASH_USD",
      "m" : "4611686018429058691"
    }, {
      "d" : "1756441674875906877",
      "t" : 1756441674875,
      "tn" : 1756441674875906877,
      "q" : "0.3400",
      "p" : "45.44",
      "s" : "sell",
      "i" : "LEASH_USD",
      "m" : "4611686018429058690"
    }, {
      "d" : "1756441665179875669",
      "t" : 1756441665179,
      "tn" : 1756441665179875669,
      "q" : "0.4800",
      "p" : "45.46",
      "s" : "sell",
      "i" : "LEASH_USD",
      "m" : "4611686018429058689"
    }, {
      "d" : "1756441665179852873",
      "t" : 1756441665179,
      "tn" : 1756441665179852873,
      "q" : "0.6400",
      "p" : "45.46",
      "s" : "sell",
      "i" : "LEASH_USD",
      "m" : "4611686018429058688"
    }, {
      "d" : "1756441665143880389",
      "t" : 1756441665143,
      "tn" : 1756441665143880389,
      "q" : "0.6310",
      "p" : "45.46",
      "s" : "sell",
      "i" : "LEASH_USD",
      "m" : "4611686018429058687"
    }, {
      "d" : "1756441638409080595",
      "t" : 1756441638409,
      "tn" : 1756441638409080595,
      "q" : "0.3400",
      "p" : "44.91",
      "s" : "sell",
      "i" : "LEASH_USD",
      "m" : "4611686018429058686"
    }, {
      "d" : "1756441638390106073",
      "t" : 1756441638390,
      "tn" : 1756441638390106073,
      "q" : "0.3500",
      "p" : "44.91",
      "s" : "sell",
      "i" : "LEASH_USD",
      "m" : "4611686018429058685"
    }, {
      "d" : "1756441638283845595",
      "t" : 1756441638283,
      "tn" : 1756441638283845595,
      "q" : "0.5760",
      "p" : "44.89",
      "s" : "sell",
      "i" : "LEASH_USD",
      "m" : "4611686018429058684"
    }, {
      "d" : "1756441638256861666",
      "t" : 1756441638256,
      "tn" : 1756441638256861666,
      "q" : "0.8640",
      "p" : "44.89",
      "s" : "sell",
      "i" : "LEASH_USD",
      "m" : "4611686018429058683"
    }, {
      "d" : "1756441638125772024",
      "t" : 1756441638125,
      "tn" : 1756441638125772024,
      "q" : "0.3400",
      "p" : "44.88",
      "s" : "sell",
      "i" : "LEASH_USD",
      "m" : "4611686018429058682"
    }, {
      "d" : "1756441533918929762",
      "t" : 1756441533918,
      "tn" : 1756441533918929762,
      "q" : "0.4270",
      "p" : "44.92",
      "s" : "sell",
      "i" : "LEASH_USD",
      "m" : "4611686018429058681"
    }, {
      "d" : "1756441533899648796",
      "t" : 1756441533899,
      "tn" : 1756441533899648796,
      "q" : "1.0220",
      "p" : "44.91",
      "s" : "sell",
      "i" : "LEASH_USD",
      "m" : "4611686018429058680"
    }, {
      "d" : "1756441533874524173",
      "t" : 1756441533874,
      "tn" : 1756441533874524173,
      "q" : "0.7360",
      "p" : "44.91",
      "s" : "sell",
      "i" : "LEASH_USD",
      "m" : "4611686018429058679"
    }, {
      "d" : "1756441533874460060",
      "t" : 1756441533874,
      "tn" : 1756441533874460060,
      "q" : "0.6650",
      "p" : "44.91",
      "s" : "sell",
      "i" : "LEASH_USD",
      "m" : "4611686018429058678"
    }, {
      "d" : "1756441487170514408",
      "t" : 1756441487170,
      "tn" : 1756441487170514408,
      "q" : "1.3800",
      "p" : "46.16",
      "s" : "buy",
      "i" : "LEASH_USD",
      "m" : "4611686018429058677"
    }, {
      "d" : "1756441487164680212",
      "t" : 1756441487164,
      "tn" : 1756441487164680211,
      "q" : "0.7197",
      "p" : "46.16",
      "s" : "buy",
      "i" : "LEASH_USD",
      "m" : "4611686018429058676"
    }, {
      "d" : "1756441487164680211",
      "t" : 1756441487164,
      "tn" : 1756441487164680211,
      "q" : "0.2803",
      "p" : "46.16",
      "s" : "buy",
      "i" : "LEASH_USD",
      "m" : "4611686018429058676"
    }, {
      "d" : "1756441487164662761",
      "t" : 1756441487164,
      "tn" : 1756441487164662761,
      "q" : "0.0001",
      "p" : "46.16",
      "s" : "buy",
      "i" : "LEASH_USD",
      "m" : "4611686018429058675"
    }, {
      "d" : "1756441487164660897",
      "t" : 1756441487164,
      "tn" : 1756441487164660897,
      "q" : "0.9999",
      "p" : "46.15",
      "s" : "buy",
      "i" : "LEASH_USD",
      "m" : "4611686018429058674"
    }, {
      "d" : "1756441487164656941",
      "t" : 1756441487164,
      "tn" : 1756441487164656941,
      "q" : "1.0000",
      "p" : "46.15",
      "s" : "buy",
      "i" : "LEASH_USD",
      "m" : "4611686018429058673"
    }, {
      "d" : "1756441487144843463",
      "t" : 1756441487144,
      "tn" : 1756441487144843463,
      "q" : "1.3800",
      "p" : "45.32",
      "s" : "sell",
      "i" : "LEASH_USD",
      "m" : "4611686018429058672"
    }, {
      "d" : "1756441487141741224",
      "t" : 1756441487141,
      "tn" : 1756441487141741224,
      "q" : "1.0000",
      "p" : "45.32",
      "s" : "sell",
      "i" : "LEASH_USD",
      "m" : "4611686018429058671"
    }, {
      "d" : "1756441487127705406",
      "t" : 1756441487127,
      "tn" : 1756441487127705406,
      "q" : "1.0000",
      "p" : "45.31",
      "s" : "sell",
      "i" : "LEASH_USD",
      "m" : "4611686018429058670"
    }, {
      "d" : "1756441487122090517",
      "t" : 1756441487122,
      "tn" : 1756441487122090517,
      "q" : "1.0000",
      "p" : "45.31",
      "s" : "sell",
      "i" : "LEASH_USD",
      "m" : "4611686018429058669"
    }, {
      "d" : "1756441374909076457",
      "t" : 1756441374909,
      "tn" : 1756441374909076457,
      "q" : "0.0894",
      "p" : "46.13",
      "s" : "buy",
      "i" : "LEASH_USD",
      "m" : "4611686018429058668"
    }, {
      "d" : "1756441374695315372",
      "t" : 1756441374695,
      "tn" : 1756441374695315372,
      "q" : "0.2803",
      "p" : "46.12",
      "s" : "buy",
      "i" : "LEASH_USD",
      "m" : "4611686018429058667"
    }, {
      "d" : "1756441348824749082",
      "t" : 1756441348824,
      "tn" : 1756441348824749082,
      "q" : "0.5607",
      "p" : "46.12",
      "s" : "buy",
      "i" : "LEASH_USD",
      "m" : "4611686018429058666"
    }, {
      "d" : "1756441163035218952",
      "t" : 1756441163035,
      "tn" : 1756441163035218952,
      "q" : "0.9095",
      "p" : "46.17",
      "s" : "buy",
      "i" : "LEASH_USD",
      "m" : "4611686018429058665"
    }, {
      "d" : "1756441078872471950",
      "t" : 1756441078872,
      "tn" : 1756441078872471950,
      "q" : "0.2361",
      "p" : "46.11",
      "s" : "buy",
      "i" : "LEASH_USD",
      "m" : "4611686018429058664"
    }, {
      "d" : "1756441033177627386",
      "t" : 1756441033177,
      "tn" : 1756441033177627386,
      "q" : "0.0774",
      "p" : "46.08",
      "s" : "buy",
      "i" : "LEASH_USD",
      "m" : "4611686018429058663"
    }, {
      "d" : "1756440998994379090",
      "t" : 1756440998994,
      "tn" : 1756440998994379090,
      "q" : "0.0649",
      "p" : "46.07",
      "s" : "buy",
      "i" : "LEASH_USD",
      "m" : "4611686018429058662"
    }, {
      "d" : "1756440840307636473",
      "t" : 1756440840307,
      "tn" : 1756440840307636473,
      "q" : "0.3800",
      "p" : "45.45",
      "s" : "sell",
      "i" : "LEASH_USD",
      "m" : "4611686018429058661"
    }, {
      "d" : "1756440840289935809",
      "t" : 1756440840289,
      "tn" : 1756440840289935809,
      "q" : "0.3400",
      "p" : "45.45",
      "s" : "sell",
      "i" : "LEASH_USD",
      "m" : "4611686018429058660"
    }, {
      "d" : "1756440840280818497",
      "t" : 1756440840280,
      "tn" : 1756440840280818497,
      "q" : "0.3710",
      "p" : "45.45",
      "s" : "sell",
      "i" : "LEASH_USD",
      "m" : "4611686018429058659"
    }, {
      "d" : "1756440840269512943",
      "t" : 1756440840269,
      "tn" : 1756440840269512943,
      "q" : "0.6770",
      "p" : "45.45",
      "s" : "sell",
      "i" : "LEASH_USD",
      "m" : "4611686018429058658"
    }, {
      "d" : "1756440840195703596",
      "t" : 1756440840195,
      "tn" : 1756440840195703596,
      "q" : "0.1991",
      "p" : "45.44",
      "s" : "sell",
      "i" : "LEASH_USD",
      "m" : "4611686018429058657"
    }, {
      "d" : "1756440840195701714",
      "t" : 1756440840195,
      "tn" : 1756440840195701714,
      "q" : "0.1409",
      "p" : "46.30",
      "s" : "sell",
      "i" : "LEASH_USD",
      "m" : "4611686018429058656"
    }, {
      "d" : "1756440838019304556",
      "t" : 1756440838019,
      "tn" : 1756440838019304556,
      "q" : "0.3400",
      "p" : "46.30",
      "s" : "sell",
      "i" : "LEASH_USD",
      "m" : "4611686018429058655"
    }, {
      "d" : "1756440837995952782",
      "t" : 1756440837995,
      "tn" : 1756440837995952782,
      "q" : "0.5350",
      "p" : "46.30",
      "s" : "buy",
      "i" : "LEASH_USD",
      "m" : "4611686018429058654"
    }, {
      "d" : "1756440782039809598",
      "t" : 1756440782039,
      "tn" : 1756440782039809598,
      "q" : "0.0413",
      "p" : "46.30",
      "s" : "buy",
      "i" : "LEASH_USD",
      "m" : "4611686018429058653"
    }, {
      "d" : "1756440677146080543",
      "t" : 1756440677146,
      "tn" : 1756440677146080543,
      "q" : "0.0650",
      "p" : "46.30",
      "s" : "buy",
      "i" : "LEASH_USD",
      "m" : "4611686018429058652"
    } ]
  }
}