{
  "id" : -1,
  "method" : "public/get-trades",
  "code" : 0,
  "result" : {
    "data" : [ {
      "d" : "1756461386216048953",
      "t" : 1756461386216,
      "tn" : 1756461386216048953,
      "q" : "0.08",
      "p" : "0.00021247",
      "s" : "sell",
      "i" : "LINK_BTC",
      "m" : "4611686018429360851"
    }, {
      "d" : "1756460736571101812",
      "t" : 1756460736571,
      "tn" : 1756460736571101812,
      "q" : "0.08",
      "p" : "0.00021236",
      "s" : "buy",
      "i" : "LINK_BTC",
      "m" : "4611686018429360850"
    }, {
      "d" : "1756460736571099543",
      "t" : 1756460736571,
      "tn" : 1756460736571099543,
      "q" : "0.08",
      "p" : "0.00021235",
      "s" : "buy",
      "i" : "LINK_BTC",
      "m" : "4611686018429360849"
    }, {
      "d" : "1756460624438920817",
      "t" : 1756460624438,
      "tn" : 1756460624438920817,
      "q" : "0.08",
      "p" : "0.00021203",
      "s" : "buy",
      "i" : "LINK_BTC",
      "m" : "4611686018429360848"
    }, {
      "d" : "1756460523077463822",
      "t" : 1756460523077,
      "tn" : 1756460523077463822,
      "q" : "9.91",
      "p" : "0.00021219",
      "s" : "buy",
      "i" : "LINK_BTC",
      "m" : "4611686018429360847"
    }, {
      "d" : "1756460523077462036",
      "t" : 1756460523077,
      "tn" : 1756460523077462036,
      "q" : "0.09",
      "p" : "0.00021212",
      "s" : "buy",
      "i" : "LINK_BTC",
      "m" : "4611686018429360846"
    }, {
      "d" : "1756459903907523449",
      "t" : 1756459903907,
      "tn" : 1756459903907523449,
      "q" : "0.08",
      "p" : "0.00021292",
      "s" : "sell",
      "i" : "LINK_BTC",
      "m" : "4611686018429360845"
    }, {
      "d" : "1756459475360115003",
      "t" : 1756459475360,
      "tn" : 1756459475360115003,
      "q" : "0.08",
      "p" : "0.00021295",
      "s" : "sell",
      "i" : "LINK_BTC",
      "m" : "4611686018429360844"
    }, {
      "d" : "1756459183605282887",
      "t" : 1756459183605,
      "tn" : 1756459183605282887,
      "q" : "0.09",
      "p" : "0.00021309",
      "s" : "buy",
      "i" : "LINK_BTC",
      "m" : "4611686018429360843"
    }, {
      "d" : "1756459183605280673",
      "t" : 1756459183605,
      "tn" : 1756459183605280673,
      "q" : "0.08",
      "p" : "0.00021308",
      "s" : "buy",
      "i" : "LINK_BTC",
      "m" : "4611686018429360842"
    }, {
      "d" : "1756458568293096805",
      "t" : 1756458568293,
      "tn" : 1756458568293096805,
      "q" : "0.08",
      "p" : "0.00021360",
      "s" : "sell",
      "i" : "LINK_BTC",
      "m" : "4611686018429360841"
    }, {
      "d" : "1756458302558858640",
      "t" : 1756458302558,
      "tn" : 1756458302558858640,
      "q" : "0.08",
      "p" : "0.00021348",
      "s" : "buy",
      "i" : "LINK_BTC",
      "m" : "4611686018429360840"
    }, {
      "d" : "1756458183835820271",
      "t" : 1756458183835,
      "tn" : 1756458183835820271,
      "q" : "0.09",
      "p" : "0.00021302",
      "s" : "sell",
      "i" : "LINK_BTC",
      "m" : "4611686018429360839"
    }, {
      "d" : "1756457884453259519",
      "t" : 1756457884453,
      "tn" : 1756457884453259519,
      "q" : "9.49",
      "p" : "0.00021323",
      "s" : "buy",
      "i" : "LINK_BTC",
      "m" : "4611686018429360838"
    }, {
      "d" : "1756457884384183174",
      "t" : 1756457884384,
      "tn" : 1756457884384183174,
      "q" : "1.72",
      "p" : "0.00021323",
      "s" : "buy",
      "i" : "LINK_BTC",
      "m" : "4611686018429360837"
    }, {
      "d" : "1756455962766552406",
      "t" : 1756455962766,
      "tn" : 1756455962766552406,
      "q" : "0.05",
      "p" : "0.00021200",
      "s" : "buy",
      "i" : "LINK_BTC",
      "m" : "4611686018429360836"
    }, {
      "d" : "1756455962704097234",
      "t" : 1756455962704,
      "tn" : 1756455962704097234,
      "q" : "3.74",
      "p" : "0.00021200",
      "s" : "buy",
      "i" : "LINK_BTC",
      "m" : "4611686018429360835"
    }, {
      "d" : "1756455962698923170",
      "t" : 1756455962698,
      "tn" : 1756455962698923170,
      "q" : "0.05",
      "p" : "0.00021200",
      "s" : "buy",
      "i" : "LINK_BTC",
      "m" : "4611686018429360834"
    }, {
      "d" : "1756455962689905547",
      "t" : 1756455962689,
      "tn" : 1756455962689905547,
      "q" : "9.68",
      "p" : "0.00021200",
      "s" : "buy",
      "i" : "LINK_BTC",
      "m" : "4611686018429360833"
    }, {
      "d" : "1756455962688023893",
      "t" : 1756455962688,
      "tn" : 1756455962688023893,
      "q" : "0.05",
      "p" : "0.00021200",
      "s" : "buy",
      "i" : "LINK_BTC",
      "m" : "4611686018429360832"
    }, {
      "d" : "1756455962686330096",
      "t" : 1756455962686,
      "tn" : 1756455962686330096,
      "q" : "0.05",
      "p" : "0.00021200",
      "s" : "buy",
      "i" : "LINK_BTC",
      "m" : "4611686018429360831"
    }, {
      "d" : "1756455962684145019",
      "t" : 1756455962684,
      "tn" : 1756455962684145019,
      "q" : "0.05",
      "p" : "0.00021200",
      "s" : "buy",
      "i" : "LINK_BTC",
      "m" : "4611686018429360830"
    }, {
      "d" : "1756455947625066217",
      "t" : 1756455947625,
      "tn" : 1756455947625066217,
      "q" : "0.17",
      "p" : "0.00021200",
      "s" : "buy",
      "i" : "LINK_BTC",
      "m" : "4611686018429360829"
    }, {
      "d" : "1756455937665292266",
      "t" : 1756455937665,
      "tn" : 1756455937665292266,
      "q" : "0.17",
      "p" : "0.00021200",
      "s" : "buy",
      "i" : "LINK_BTC",
      "m" : "4611686018429360828"
    }, {
      "d" : "1756455937149318759",
      "t" : 1756455937149,
      "tn" : 1756455937149318759,
      "q" : "0.17",
      "p" : "0.00021200",
      "s" : "buy",
      "i" : "LINK_BTC",
      "m" : "4611686018429360827"
    }, {
      "d" : "1756455936432566352",
      "t" : 1756455936432,
      "tn" : 1756455936432566352,
      "q" : "0.26",
      "p" : "0.00021200",
      "s" : "buy",
      "i" : "LINK_BTC",
      "m" : "4611686018429360826"
    }, {
      "d" : "1756455935844079498",
      "t" : 1756455935844,
      "tn" : 1756455935844079498,
      "q" : "0.52",
      "p" : "0.00021200",
      "s" : "buy",
      "i" : "LINK_BTC",
      "m" : "4611686018429360825"
    }, {
      "d" : "1756455935214590060",
      "t" : 1756455935214,
      "tn" : 1756455935214590060,
      "q" : "1.06",
      "p" : "0.00021200",
      "s" : "buy",
      "i" : "LINK_BTC",
      "m" : "4611686018429360824"
    }, {
      "d" : "1756455932074702897",
      "t" : 1756455932074,
      "tn" : 1756455932074702897,
      "q" : "2.00",
      "p" : "0.00021200",
      "s" : "buy",
      "i" : "LINK_BTC",
      "m" : "4611686018429360823"
    }, {
      "d" : "1756455931793944425",
      "t" : 1756455931793,
      "tn" : 1756455931793944425,
      "q" : "0.08",
      "p" : "0.00021200",
      "s" : "buy",
      "i" : "LINK_BTC",
      "m" : "4611686018429360822"
    }, {
      "d" : "1756455628139814054",
      "t" : 1756455628139,
      "tn" : 1756455628139814054,
      "q" : "0.07",
      "p" : "0.00021242",
      "s" : "sell",
      "i" : "LINK_BTC",
      "m" : "4611686018429360821"
    }, {
      "d" : "1756455627521787443",
      "t" : 1756455627521,
      "tn" : 1756455627521787443,
      "q" : "0.05",
      "p" : "0.00021242",
      "s" : "sell",
      "i" : "LINK_BTC",
      "m" : "4611686018429360820"
    }, {
      "d" : "1756451128622833092",
      "t" : 1756451128622,
      "tn" : 1756451128622833092,
      "q" : "5.46",
      "p" : "0.00021408",
      "s" : "sell",
      "i" : "LINK_BTC",
      "m" : "4611686018429360819"
    }, {
      "d" : "1756451128622831223",
      "t" : 1756451128622,
      "tn" : 1756451128622831223,
      "q" : "0.08",
      "p" : "0.00021422",
      "s" : "sell",
      "i" : "LINK_BTC",
      "m" : "4611686018429360818"
    }, {
      "d" : "1756451128622828592",
      "t" : 1756451128622,
      "tn" : 1756451128622828592,
      "q" : "0.08",
      "p" : "0.00021423",
      "s" : "sell",
      "i" : "LINK_BTC",
      "m" : "4611686018429360817"
    }, {
      "d" : "1756450583579460044",
      "t" : 1756450583579,
      "tn" : 1756450583579460044,
      "q" : "0.08",
      "p" : "0.00021435",
      "s" : "buy",
      "i" : "LINK_BTC",
      "m" : "4611686018429360816"
    }, {
      "d" : "1756450583579458082",
      "t" : 1756450583579,
      "tn" : 1756450583579458082,
      "q" : "0.08",
      "p" : "0.00021434",
      "s" : "buy",
      "i" : "LINK_BTC",
      "m" : "4611686018429360815"
    }, {
      "d" : "1756450204676267429",
      "t" : 1756450204676,
      "tn" : 1756450204676267429,
      "q" : "0.08",
      "p" : "0.00021468",
      "s" : "sell",
      "i" : "LINK_BTC",
      "m" : "4611686018429360814"
    }, {
      "d" : "1756450116401458073",
      "t" : 1756450116401,
      "tn" : 1756450116401458073,
      "q" : "0.08",
      "p" : "0.00021507",
      "s" : "sell",
      "i" : "LINK_BTC",
      "m" : "4611686018429360813"
    }, {
      "d" : "1756449952095815311",
      "t" : 1756449952095,
      "tn" : 1756449952095815311,
      "q" : "0.08",
      "p" : "0.00021431",
      "s" : "sell",
      "i" : "LINK_BTC",
      "m" : "4611686018429360812"
    }, {
      "d" : "1756449952072631129",
      "t" : 1756449952072,
      "tn" : 1756449952072631129,
      "q" : "0.24",
      "p" : "0.00021431",
      "s" : "sell",
      "i" : "LINK_BTC",
      "m" : "4611686018429360811"
    }, {
      "d" : "1756449933538417511",
      "t" : 1756449933538,
      "tn" : 1756449933538417511,
      "q" : "0.08",
      "p" : "0.00021462",
      "s" : "sell",
      "i" : "LINK_BTC",
      "m" : "4611686018429360810"
    }, {
      "d" : "1756449920838225236",
      "t" : 1756449920838,
      "tn" : 1756449920838225236,
      "q" : "0.08",
      "p" : "0.00021490",
      "s" : "sell",
      "i" : "LINK_BTC",
      "m" : "4611686018429360809"
    }, {
      "d" : "1756449916417934181",
      "t" : 1756449916417,
      "tn" : 1756449916417934181,
      "q" : "0.08",
      "p" : "0.00021520",
      "s" : "sell",
      "i" : "LINK_BTC",
      "m" : "4611686018429360808"
    }, {
      "d" : "1756449901232451792",
      "t" : 1756449901232,
      "tn" : 1756449901232451792,
      "q" : "0.08",
      "p" : "0.00021521",
      "s" : "buy",
      "i" : "LINK_BTC",
      "m" : "4611686018429360807"
    }, {
      "d" : "1756449901232449670",
      "t" : 1756449901232,
      "tn" : 1756449901232449670,
      "q" : "0.08",
      "p" : "0.00021520",
      "s" : "buy",
      "i" : "LINK_BTC",
      "m" : "4611686018429360806"
    }, {
      "d" : "1756449778799813067",
      "t" : 1756449778799,
      "tn" : 1756449778799813067,
      "q" : "0.12",
      "p" : "0.00021465",
      "s" : "sell",
      "i" : "LINK_BTC",
      "m" : "4611686018429360805"
    }, {
      "d" : "1756449763228763617",
      "t" : 1756449763228,
      "tn" : 1756449763228763617,
      "q" : "0.08",
      "p" : "0.00021490",
      "s" : "sell",
      "i" : "LINK_BTC",
      "m" : "4611686018429360804"
    }, {
      "d" : "1756449718167776827",
      "t" : 1756449718167,
      "tn" : 1756449718167776827,
      "q" : "14.58",
      "p" : "0.00021542",
      "s" : "buy",
      "i" : "LINK_BTC",
      "m" : "4611686018429360803"
    }, {
      "d" : "1756449718167775106",
      "t" : 1756449718167,
      "tn" : 1756449718167775106,
      "q" : "0.42",
      "p" : "0.00021541",
      "s" : "buy",
      "i" : "LINK_BTC",
      "m" : "4611686018429360802"
    }, {
      "d" : "1756449694125262984",
      "t" : 1756449694125,
      "tn" : 1756449694125262984,
      "q" : "0.10",
      "p" : "0.00021396",
      "s" : "sell",
      "i" : "LINK_BTC",
      "m" : "4611686018429360801"
    }, {
      "d" : "1756449682477665976",
      "t" : 1756449682477,
      "tn" : 1756449682477665976,
      "q" : "0.31",
      "p" : "0.00021377",
      "s" : "sell",
      "i" : "LINK_BTC",
      "m" : "4611686018429360800"
    }, {
      "d" : "1756449677306602129",
      "t" : 1756449677306,
      "tn" : 1756449677306602129,
      "q" : "1.68",
      "p" : "0.00021404",
      "s" : "buy",
      "i" : "LINK_BTC",
      "m" : "4611686018429360799"
    }, {
      "d" : "1756449666397662026",
      "t" : 1756449666397,
      "tn" : 1756449666397662026,
      "q" : "0.08",
      "p" : "0.00021364",
      "s" : "buy",
      "i" : "LINK_BTC",
      "m" : "4611686018429360798"
    }, {
      "d" : "1756449650044111074",
      "t" : 1756449650044,
      "tn" : 1756449650044111074,
      "q" : "3.12",
      "p" : "0.00021326",
      "s" : "sell",
      "i" : "LINK_BTC",
      "m" : "4611686018429360797"
    }, {
      "d" : "1756449646493866924",
      "t" : 1756449646493,
      "tn" : 1756449646493866924,
      "q" : "3.04",
      "p" : "0.00021291",
      "s" : "sell",
      "i" : "LINK_BTC",
      "m" : "4611686018429360796"
    }, {
      "d" : "1756449646493865045",
      "t" : 1756449646493,
      "tn" : 1756449646493865045,
      "q" : "0.08",
      "p" : "0.00021313",
      "s" : "sell",
      "i" : "LINK_BTC",
      "m" : "4611686018429360795"
    }, {
      "d" : "1756449635068249460",
      "t" : 1756449635068,
      "tn" : 1756449635068249460,
      "q" : "9.37",
      "p" : "0.00021318",
      "s" : "sell",
      "i" : "LINK_BTC",
      "m" : "4611686018429360794"
    }, {
      "d" : "1756449623443266164",
      "t" : 1756449623443,
      "tn" : 1756449623443266164,
      "q" : "0.08",
      "p" : "0.00021311",
      "s" : "buy",
      "i" : "LINK_BTC",
      "m" : "4611686018429360793"
    }, {
      "d" : "1756449618265078303",
      "t" : 1756449618265,
      "tn" : 1756449618265078303,
      "q" : "0.08",
      "p" : "0.00021294",
      "s" : "buy",
      "i" : "LINK_BTC",
      "m" : "4611686018429360792"
    }, {
      "d" : "1756449610565695676",
      "t" : 1756449610565,
      "tn" : 1756449610565695676,
      "q" : "3.47",
      "p" : "0.00021138",
      "s" : "buy",
      "i" : "LINK_BTC",
      "m" : "4611686018429360791"
    }, {
      "d" : "1756449610538251679",
      "t" : 1756449610538,
      "tn" : 1756449610538251679,
      "q" : "47.24",
      "p" : "0.00021138",
      "s" : "buy",
      "i" : "LINK_BTC",
      "m" : "4611686018429360790"
    }, {
      "d" : "1756449609912875295",
      "t" : 1756449609912,
      "tn" : 1756449609912875295,
      "q" : "0.05",
      "p" : "0.00021103",
      "s" : "sell",
      "i" : "LINK_BTC",
      "m" : "4611686018429360789"
    }, {
      "d" : "1756449609912873155",
      "t" : 1756449609912,
      "tn" : 1756449609912873155,
      "q" : "0.01",
      "p" : "0.00021169",
      "s" : "sell",
      "i" : "LINK_BTC",
      "m" : "4611686018429360788"
    }, {
      "d" : "1756449609722671704",
      "t" : 1756449609722,
      "tn" : 1756449609722671704,
      "q" : "1.67",
      "p" : "0.00021169",
      "s" : "sell",
      "i" : "LINK_BTC",
      "m" : "4611686018429360787"
    }, {
      "d" : "1756449609722670018",
      "t" : 1756449609722,
      "tn" : 1756449609722670018,
      "q" : "28.16",
      "p" : "0.00021170",
      "s" : "sell",
      "i" : "LINK_BTC",
      "m" : "4611686018429360786"
    }, {
      "d" : "1756449606324277095",
      "t" : 1756449606324,
      "tn" : 1756449606324277095,
      "q" : "0.17",
      "p" : "0.00021270",
      "s" : "sell",
      "i" : "LINK_BTC",
      "m" : "4611686018429360785"
    }, {
      "d" : "1756449606276006103",
      "t" : 1756449606276,
      "tn" : 1756449606276006103,
      "q" : "0.17",
      "p" : "0.00021273",
      "s" : "sell",
      "i" : "LINK_BTC",
      "m" : "4611686018429360784"
    }, {
      "d" : "1756449605980400760",
      "t" : 1756449605980,
      "tn" : 1756449605980400760,
      "q" : "0.08",
      "p" : "0.00021305",
      "s" : "sell",
      "i" : "LINK_BTC",
      "m" : "4611686018429360783"
    }, {
      "d" : "1756449603825330930",
      "t" : 1756449603825,
      "tn" : 1756449603825330930,
      "q" : "7.74",
      "p" : "0.00021304",
      "s" : "sell",
      "i" : "LINK_BTC",
      "m" : "4611686018429360782"
    }, {
      "d" : "1756449596111173475",
      "t" : 1756449596111,
      "tn" : 1756449596111173475,
      "q" : "1.64",
      "p" : "0.00021333",
      "s" : "sell",
      "i" : "LINK_BTC",
      "m" : "4611686018429360781"
    }, {
      "d" : "1756449596098174532",
      "t" : 1756449596098,
      "tn" : 1756449596098174532,
      "q" : "1.66",
      "p" : "0.00021404",
      "s" : "sell",
      "i" : "LINK_BTC",
      "m" : "4611686018429360780"
    }, {
      "d" : "1756449596097357970",
      "t" : 1756449596097,
      "tn" : 1756449596097357970,
      "q" : "0.01",
      "p" : "0.00021405",
      "s" : "sell",
      "i" : "LINK_BTC",
      "m" : "4611686018429360779"
    }, {
      "d" : "1756449596097119757",
      "t" : 1756449596097,
      "tn" : 1756449596097119757,
      "q" : "101.27",
      "p" : "0.00021405",
      "s" : "sell",
      "i" : "LINK_BTC",
      "m" : "4611686018429360778"
    }, {
      "d" : "1756449596073352601",
      "t" : 1756449596073,
      "tn" : 1756449596073352601,
      "q" : "0.43",
      "p" : "0.00021405",
      "s" : "sell",
      "i" : "LINK_BTC",
      "m" : "4611686018429360777"
    }, {
      "d" : "1756449595911274885",
      "t" : 1756449595911,
      "tn" : 1756449595911274885,
      "q" : "0.08",
      "p" : "0.00021415",
      "s" : "sell",
      "i" : "LINK_BTC",
      "m" : "4611686018429360776"
    }, {
      "d" : "1756449590334043843",
      "t" : 1756449590334,
      "tn" : 1756449590334043843,
      "q" : "0.08",
      "p" : "0.00021449",
      "s" : "sell",
      "i" : "LINK_BTC",
      "m" : "4611686018429360775"
    }, {
      "d" : "1756449578633456610",
      "t" : 1756449578633,
      "tn" : 1756449578633456610,
      "q" : "0.03",
      "p" : "0.00021521",
      "s" : "sell",
      "i" : "LINK_BTC",
      "m" : "4611686018429360774"
    }, {
      "d" : "1756449577555897609",
      "t" : 1756449577555,
      "tn" : 1756449577555897609,
      "q" : "0.05",
      "p" : "0.00021521",
      "s" : "sell",
      "i" : "LINK_BTC",
      "m" : "4611686018429360773"
    }, {
      "d" : "1756449545786865719",
      "t" : 1756449545786,
      "tn" : 1756449545786865719,
      "q" : "0.08",
      "p" : "0.00021567",
      "s" : "sell",
      "i" : "LINK_BTC",
      "m" : "4611686018429360772"
    }, {
      "d" : "1756449427002625435",
      "t" : 1756449427002,
      "tn" : 1756449427002625435,
      "q" : "0.08",
      "p" : "0.00021622",
      "s" : "buy",
      "i" : "LINK_BTC",
      "m" : "4611686018429360771"
    }, {
      "d" : "1756449427002624587",
      "t" : 1756449427002,
      "tn" : 1756449427002624587,
      "q" : "0.08",
      "p" : "0.00021621",
      "s" : "buy",
      "i" : "LINK_BTC",
      "m" : "4611686018429360770"
    }, {
      "d" : "1756444449691924893",
      "t" : 1756444449691,
      "tn" : 1756444449691924893,
      "q" : "0.08",
      "p" : "0.00021674",
      "s" : "buy",
      "i" : "LINK_BTC",
      "m" : "4611686018429360769"
    }, {
      "d" : "1756444447651368347",
      "t" : 1756444447651,
      "tn" : 1756444447651368347,
      "q" : "0.08",
      "p" : "0.00021673",
      "s" : "buy",
      "i" : "LINK_BTC",
      "m" : "4611686018429360768"
    }, {
      "d" : "1756443668643028837",
      "t" : 1756443668643,
      "tn" : 1756443668643028837,
      "q" : "0.08",
      "p" : "0.00021588",
      "s" : "buy",
      "i" : "LINK_BTC",
      "m" : "4611686018429360767"
    }, {
      "d" : "1756443668643026774",
      "t" : 1756443668643,
      "tn" : 1756443668643026774,
      "q" : "0.08",
      "p" : "0.00021587",
      "s" : "buy",
      "i" : "LINK_BTC",
      "m" : "4611686018429360766"
    }, {
      "d" : "1756443183038082239",
      "t" : 1756443183038,
      "tn" : 1756443183038082239,
      "q" : "0.08",
      "p" : "0.00021610",
      "s" : "sell",
      "i" : "LINK_BTC",
      "m" : "4611686018429360765"
    }, {
      "d" : "1756443183033894973",
      "t" : 1756443183033,
      "tn" : 1756443183033894973,
      "q" : "0.08",
      "p" : "0.00021611",
      "s" : "sell",
      "i" : "LINK_BTC",
      "m" : "4611686018429360764"
    }, {
      "d" : "1756443169035176740",
      "t" : 1756443169035,
      "tn" : 1756443169035176740,
      "q" : "0.08",
      "p" : "0.00021639",
      "s" : "sell",
      "i" : "LINK_BTC",
      "m" : "4611686018429360763"
    }, {
      "d" : "1756441652265836508",
      "t" : 1756441652265,
      "tn" : 1756441652265836508,
      "q" : "0.07",
      "p" : "0.00021708",
      "s" : "buy",
      "i" : "LINK_BTC",
      "m" : "4611686018429360762"
    }, {
      "d" : "1756441638495802792",
      "t" : 1756441638495,
      "tn" : 1756441638495802792,
      "q" : "0.08",
      "p" : "0.00021709",
      "s" : "buy",
      "i" : "LINK_BTC",
      "m" : "4611686018429360761"
    }, {
      "d" : "1756441566733738354",
      "t" : 1756441566733,
      "tn" : 1756441566733738354,
      "q" : "0.08",
      "p" : "0.00021684",
      "s" : "buy",
      "i" : "LINK_BTC",
      "m" : "4611686018429360760"
    }, {
      "d" : "1756441566732691804",
      "t" : 1756441566732,
      "tn" : 1756441566732691804,
      "q" : "0.08",
      "p" : "0.00021683",
      "s" : "buy",
      "i" : "LINK_BTC",
      "m" : "4611686018429360759"
    }, {
      "d" : "1756440123343710150",
      "t" : 1756440123343,
      "tn" : 1756440123343710150,
      "q" : "0.08",
      "p" : "0.00021717",
      "s" : "buy",
      "i" : "LINK_BTC",
      "m" : "4611686018429360758"
    }, {
      "d" : "1756440123248016088",
      "t" : 1756440123248,
      "tn" : 1756440123248016088,
      "q" : "0.08",
      "p" : "0.00021716",
      "s" : "buy",
      "i" : "LINK_BTC",
      "m" : "4611686018429360757"
    }, {
      "d" : "1756440071244823415",
      "t" : 1756440071244,
      "tn" : 1756440071244823415,
      "q" : "0.08",
      "p" : "0.00021688",
      "s" : "buy",
      "i" : "LINK_BTC",
      "m" : "4611686018429360756"
    }, {
      "d" : "1756439950261464083",
      "t" : 1756439950261,
      "tn" : 1756439950261464083,
      "q" : "0.08",
      "p" : "0.00021711",
      "s" : "buy",
      "i" : "LINK_BTC",
      "m" : "4611686018429360755"
    }, {
      "d" : "1756439950173703441",
      "t" : 1756439950173,
      "tn" : 1756439950173703441,
      "q" : "0.08",
      "p" : "0.00021710",
      "s" : "buy",
      "i" : "LINK_BTC",
      "m" : "4611686018429360754"
    }, {
      "d" : "1756438937623098160",
      "t" : 1756438937623,
      "tn" : 1756438937623098160,
      "q" : "0.08",
      "p" : "0.00021656",
      "s" : "sell",
      "i" : "LINK_BTC",
      "m" : "4611686018429360753"
    }, {
      "d" : "1756438860954762844",
      "t" : 1756438860954,
      "tn" : 1756438860954762844,
      "q" : "0.08",
      "p" : "0.00021697",
      "s" : "sell",
      "i" : "LINK_BTC",
      "m" : "4611686018429360752"
    }, {
      "d" : "1756438860954760891",
      "t" : 1756438860954,
      "tn" : 1756438860954760891,
      "q" : "0.08",
      "p" : "0.00021698",
      "s" : "sell",
      "i" : "LINK_BTC",
      "m" : "4611686018429360751"
    }, {
      "d" : "1756438519172198963",
      "t" : 1756438519172,
      "tn" : 1756438519172198963,
      "q" : "1.65",
      "p" : "0.00021638",
      "s" : "sell",
      "i" : "LINK_BTC",
      "m" : "4611686018429360750"
    }, {
      "d" : "1756438519172196266",
      "t" : 1756438519172,
      "tn" : 1756438519172196266,
      "q" : "0.08",
      "p" : "0.00021639",
      "s" : "sell",
      "i" : "LINK_BTC",
      "m" : "4611686018429360749"
    }, {
      "d" : "1756438519172192745",
      "t" : 1756438519172,
      "tn" : 1756438519172192745,
      "q" : "0.08",
      "p" : "0.00021640",
      "s" : "sell",
      "i" : "LINK_BTC",
      "m" : "4611686018429360748"
    }, {
      "d" : "1756438232389302191",
      "t" : 1756438232389,
      "tn" : 1756438232389302191,
      "q" : "0.08",
      "p" : "0.00021680",
      "s" : "buy",
      "i" : "LINK_BTC",
      "m" : "4611686018429360747"
    }, {
      "d" : "1756438232389300231",
      "t" : 1756438232389,
      "tn" : 1756438232389300231,
      "q" : "0.08",
      "p" : "0.00021679",
      "s" : "buy",
      "i" : "LINK_BTC",
      "m" : "4611686018429360746"
    }, {
      "d" : "1756437831495307335",
      "t" : 1756437831495,
      "tn" : 1756437831495307335,
      "q" : "0.08",
      "p" : "0.00021673",
      "s" : "buy",
      "i" : "LINK_BTC",
      "m" : "4611686018429360745"
    }, {
      "d" : "1756437451908701604",
      "t" : 1756437451908,
      "tn" : 1756437451908701604,
      "q" : "0.49",
      "p" : "0.00021686",
      "s" : "sell",
      "i" : "LINK_BTC",
      "m" : "4611686018429360744"
    }, {
      "d" : "1756437375813985447",
      "t" : 1756437375813,
      "tn" : 1756437375813985447,
      "q" : "0.02",
      "p" : "0.00021682",
      "s" : "sell",
      "i" : "LINK_BTC",
      "m" : "4611686018429360743"
    }, {
      "d" : "1756437296684532393",
      "t" : 1756437296684,
      "tn" : 1756437296684532393,
      "q" : "0.17",
      "p" : "0.00021682",
      "s" : "sell",
      "i" : "LINK_BTC",
      "m" : "4611686018429360742"
    }, {
      "d" : "1756437296317355406",
      "t" : 1756437296317,
      "tn" : 1756437296317355406,
      "q" : "0.17",
      "p" : "0.00021682",
      "s" : "sell",
      "i" : "LINK_BTC",
      "m" : "4611686018429360741"
    }, {
      "d" : "1756437295740157354",
      "t" : 1756437295740,
      "tn" : 1756437295740157354,
      "q" : "0.23",
      "p" : "0.00021682",
      "s" : "sell",
      "i" : "LINK_BTC",
      "m" : "4611686018429360740"
    }, {
      "d" : "1756437295280142602",
      "t" : 1756437295280,
      "tn" : 1756437295280142602,
      "q" : "0.46",
      "p" : "0.00021682",
      "s" : "sell",
      "i" : "LINK_BTC",
      "m" : "4611686018429360739"
    }, {
      "d" : "1756437294738643130",
      "t" : 1756437294738,
      "tn" : 1756437294738643130,
      "q" : "0.93",
      "p" : "0.00021682",
      "s" : "sell",
      "i" : "LINK_BTC",
      "m" : "4611686018429360738"
    }, {
      "d" : "1756437294289109009",
      "t" : 1756437294289,
      "tn" : 1756437294289109009,
      "q" : "1.84",
      "p" : "0.00021682",
      "s" : "sell",
      "i" : "LINK_BTC",
      "m" : "4611686018429360737"
    }, {
      "d" : "1756437282877050579",
      "t" : 1756437282877,
      "tn" : 1756437282877050579,
      "q" : "0.08",
      "p" : "0.00021683",
      "s" : "sell",
      "i" : "LINK_BTC",
      "m" : "4611686018429360736"
    }, {
      "d" : "1756437114787579263",
      "t" : 1756437114787,
      "tn" : 1756437114787579263,
      "q" : "0.08",
      "p" : "0.00021741",
      "s" : "sell",
      "i" : "LINK_BTC",
      "m" : "4611686018429360735"
    }, {
      "d" : "1756437031283916777",
      "t" : 1756437031283,
      "tn" : 1756437031283916777,
      "q" : "0.08",
      "p" : "0.00021737",
      "s" : "sell",
      "i" : "LINK_BTC",
      "m" : "4611686018429360734"
    }, {
      "d" : "1756436887950588465",
      "t" : 1756436887950,
      "tn" : 1756436887950588465,
      "q" : "0.08",
      "p" : "0.00021756",
      "s" : "buy",
      "i" : "LINK_BTC",
      "m" : "4611686018429360733"
    }, {
      "d" : "1756436887894102452",
      "t" : 1756436887894,
      "tn" : 1756436887894102452,
      "q" : "0.08",
      "p" : "0.00021755",
      "s" : "buy",
      "i" : "LINK_BTC",
      "m" : "4611686018429360732"
    }, {
      "d" : "1756435145049762442",
      "t" : 1756435145049,
      "tn" : 1756435145049762442,
      "q" : "0.08",
      "p" : "0.00021773",
      "s" : "sell",
      "i" : "LINK_BTC",
      "m" : "4611686018429360731"
    }, {
      "d" : "1756435080427573841",
      "t" : 1756435080427,
      "tn" : 1756435080427573841,
      "q" : "0.08",
      "p" : "0.00021792",
      "s" : "buy",
      "i" : "LINK_BTC",
      "m" : "4611686018429360730"
    }, {
      "d" : "1756434660456999504",
      "t" : 1756434660456,
      "tn" : 1756434660456999504,
      "q" : "0.08",
      "p" : "0.00021839",
      "s" : "sell",
      "i" : "LINK_BTC",
      "m" : "4611686018429360729"
    }, {
      "d" : "1756434258363859922",
      "t" : 1756434258363,
      "tn" : 1756434258363859922,
      "q" : "0.08",
      "p" : "0.00021884",
      "s" : "buy",
      "i" : "LINK_BTC",
      "m" : "4611686018429360728"
    }, {
      "d" : "1756433362489124136",
      "t" : 1756433362489,
      "tn" : 1756433362489124136,
      "q" : "0.01",
      "p" : "0.00021814",
      "s" : "sell",
      "i" : "LINK_BTC",
      "m" : "4611686018429360727"
    }, {
      "d" : "1756433361086403462",
      "t" : 1756433361086,
      "tn" : 1756433361086403462,
      "q" : "0.07",
      "p" : "0.00021814",
      "s" : "sell",
      "i" : "LINK_BTC",
      "m" : "4611686018429360726"
    }, {
      "d" : "1756433323492179323",
      "t" : 1756433323492,
      "tn" : 1756433323492179323,
      "q" : "0.08",
      "p" : "0.00021838",
      "s" : "sell",
      "i" : "LINK_BTC",
      "m" : "4611686018429360725"
    }, {
      "d" : "1756431312198712590",
      "t" : 1756431312198,
      "tn" : 1756431312198712590,
      "q" : "0.08",
      "p" : "0.00021835",
      "s" : "buy",
      "i" : "LINK_BTC",
      "m" : "4611686018429360724"
    }, {
      "d" : "1756431248576103392",
      "t" : 1756431248576,
      "tn" : 1756431248576103392,
      "q" : "0.08",
      "p" : "0.00021812",
      "s" : "buy",
      "i" : "LINK_BTC",
      "m" : "4611686018429360723"
    }, {
      "d" : "1756431046759987832",
      "t" : 1756431046759,
      "tn" : 1756431046759987832,
      "q" : "0.08",
      "p" : "0.00021810",
      "s" : "sell",
      "i" : "LINK_BTC",
      "m" : "4611686018429360722"
    }, {
      "d" : "1756431013075477924",
      "t" : 1756431013075,
      "tn" : 1756431013075477924,
      "q" : "0.08",
      "p" : "0.00021818",
      "s" : "buy",
      "i" : "LINK_BTC",
      "m" : "4611686018429360721"
    }, {
      "d" : "1756431013075476047",
      "t" : 1756431013075,
      "tn" : 1756431013075476047,
      "q" : "0.08",
      "p" : "0.00021817",
      "s" : "buy",
      "i" : "LINK_BTC",
      "m" : "4611686018429360720"
    }, {
      "d" : "1756430728436342346",
      "t" : 1756430728436,
      "tn" : 1756430728436342346,
      "q" : "0.08",
      "p" : "0.00021779",
      "s" : "sell",
      "i" : "LINK_BTC",
      "m" : "4611686018429360719"
    }, {
      "d" : "1756430421813776219",
      "t" : 1756430421813,
      "tn" : 1756430421813776219,
      "q" : "0.08",
      "p" : "0.00021773",
      "s" : "sell",
      "i" : "LINK_BTC",
      "m" : "4611686018429360718"
    }, {
      "d" : "1756430368409598125",
      "t" : 1756430368409,
      "tn" : 1756430368409598125,
      "q" : "0.01",
      "p" : "0.00021807",
      "s" : "sell",
      "i" : "LINK_BTC",
      "m" : "4611686018429360717"
    }, {
      "d" : "1756430366820768551",
      "t" : 1756430366820,
      "tn" : 1756430366820768551,
      "q" : "0.08",
      "p" : "0.00021807",
      "s" : "sell",
      "i" : "LINK_BTC",
      "m" : "4611686018429360716"
    }, {
      "d" : "1756430366820766934",
      "t" : 1756430366820,
      "tn" : 1756430366820766934,
      "q" : "0.08",
      "p" : "0.00021808",
      "s" : "sell",
      "i" : "LINK_BTC",
      "m" : "4611686018429360715"
    }, {
      "d" : "1756430290201073787",
      "t" : 1756430290201,
      "tn" : 1756430290201073787,
      "q" : "0.48",
      "p" : "0.00021871",
      "s" : "sell",
      "i" : "LINK_BTC",
      "m" : "4611686018429360714"
    }, {
      "d" : "1756430290199117421",
      "t" : 1756430290199,
      "tn" : 1756430290199117421,
      "q" : "0.41",
      "p" : "0.00021871",
      "s" : "sell",
      "i" : "LINK_BTC",
      "m" : "4611686018429360713"
    }, {
      "d" : "1756430290197358003",
      "t" : 1756430290197,
      "tn" : 1756430290197358003,
      "q" : "0.41",
      "p" : "0.00021871",
      "s" : "sell",
      "i" : "LINK_BTC",
      "m" : "4611686018429360712"
    }, {
      "d" : "1756430290195089823",
      "t" : 1756430290195,
      "tn" : 1756430290195089823,
      "q" : "0.33",
      "p" : "0.00021871",
      "s" : "sell",
      "i" : "LINK_BTC",
      "m" : "4611686018429360711"
    }, {
      "d" : "1756430290195088441",
      "t" : 1756430290195,
      "tn" : 1756430290195088441,
      "q" : "0.08",
      "p" : "0.00021872",
      "s" : "sell",
      "i" : "LINK_BTC",
      "m" : "4611686018429360710"
    }, {
      "d" : "1756429466420610719",
      "t" : 1756429466420,
      "tn" : 1756429466420610719,
      "q" : "0.08",
      "p" : "0.00021989",
      "s" : "buy",
      "i" : "LINK_BTC",
      "m" : "4611686018429360709"
    }, {
      "d" : "1756429295898846972",
      "t" : 1756429295898,
      "tn" : 1756429295898846972,
      "q" : "0.08",
      "p" : "0.00022044",
      "s" : "buy",
      "i" : "LINK_BTC",
      "m" : "4611686018429360708"
    }, {
      "d" : "1756429295898845134",
      "t" : 1756429295898,
      "tn" : 1756429295898845134,
      "q" : "0.08",
      "p" : "0.00022043",
      "s" : "buy",
      "i" : "LINK_BTC",
      "m" : "4611686018429360707"
    }, {
      "d" : "1756429263697216906",
      "t" : 1756429263697,
      "tn" : 1756429263697216906,
      "q" : "0.08",
      "p" : "0.00022007",
      "s" : "buy",
      "i" : "LINK_BTC",
      "m" : "4611686018429360706"
    }, {
      "d" : "1756429263674090502",
      "t" : 1756429263674,
      "tn" : 1756429263674090502,
      "q" : "0.08",
      "p" : "0.00022006",
      "s" : "buy",
      "i" : "LINK_BTC",
      "m" : "4611686018429360705"
    }, {
      "d" : "1756429164775110708",
      "t" : 1756429164775,
      "tn" : 1756429164775110708,
      "q" : "0.08",
      "p" : "0.00021961",
      "s" : "buy",
      "i" : "LINK_BTC",
      "m" : "4611686018429360704"
    }, {
      "d" : "1756429164775108816",
      "t" : 1756429164775,
      "tn" : 1756429164775108816,
      "q" : "0.08",
      "p" : "0.00021960",
      "s" : "buy",
      "i" : "LINK_BTC",
      "m" : "4611686018429360703"
    }, {
      "d" : "1756429144866829649",
      "t" : 1756429144866,
      "tn" : 1756429144866829649,
      "q" : "0.08",
      "p" : "0.00021935",
      "s" : "buy",
      "i" : "LINK_BTC",
      "m" : "4611686018429360702"
    } ]
  }
}