{
  "id" : -1,
  "method" : "public/get-trades",
  "code" : 0,
  "result" : {
    "data" : [ {
      "d" : "1756461540064026957",
      "t" : 1756461540064,
      "tn" : 1756461540064026957,
      "q" : "9.58",
      "p" : "23.385",
      "s" : "sell",
      "i" : "LINK_USD",
      "m" : "4611686018448369035"
    }, {
      "d" : "1756461540064025508",
      "t" : 1756461540064,
      "tn" : 1756461540064025508,
      "q" : "0.43",
      "p" : "23.386",
      "s" : "sell",
      "i" : "LINK_USD",
      "m" : "4611686018448369034"
    }, {
      "d" : "1756461540062145646",
      "t" : 1756461540062,
      "tn" : 1756461540062145646,
      "q" : "9.88",
      "p" : "23.385",
      "s" : "sell",
      "i" : "LINK_USD",
      "m" : "4611686018448369033"
    }, {
      "d" : "1756461540062143722",
      "t" : 1756461540062,
      "tn" : 1756461540062143721,
      "q" : "0.05",
      "p" : "23.387",
      "s" : "sell",
      "i" : "LINK_USD",
      "m" : "4611686018448369032"
    }, {
      "d" : "1756461540062143721",
      "t" : 1756461540062,
      "tn" : 1756461540062143721,
      "q" : "0.43",
      "p" : "23.387",
      "s" : "sell",
      "i" : "LINK_USD",
      "m" : "4611686018448369032"
    }, {
      "d" : "1756461532632039151",
      "t" : 1756461532632,
      "tn" : 1756461532632039151,
      "q" : "0.43",
      "p" : "23.372",
      "s" : "buy",
      "i" : "LINK_USD",
      "m" : "4611686018448369031"
    }, {
      "d" : "1756461532622432810",
      "t" : 1756461532622,
      "tn" : 1756461532622432810,
      "q" : "0.43",
      "p" : "23.372",
      "s" : "buy",
      "i" : "LINK_USD",
      "m" : "4611686018448369030"
    }, {
      "d" : "1756461529542196786",
      "t" : 1756461529542,
      "tn" : 1756461529542196786,
      "q" : "0.05",
      "p" : "23.368",
      "s" : "sell",
      "i" : "LINK_USD",
      "m" : "4611686018448369029"
    }, {
      "d" : "1756461529457567667",
      "t" : 1756461529457,
      "tn" : 1756461529457567667,
      "q" : "3.49",
      "p" : "23.371",
      "s" : "sell",
      "i" : "LINK_USD",
      "m" : "4611686018448369028"
    }, {
      "d" : "1756461529456621934",
      "t" : 1756461529456,
      "tn" : 1756461529456621934,
      "q" : "21.41",
      "p" : "23.371",
      "s" : "sell",
      "i" : "LINK_USD",
      "m" : "4611686018448369027"
    }, {
      "d" : "1756461528424012075",
      "t" : 1756461528424,
      "tn" : 1756461528424012075,
      "q" : "6.67",
      "p" : "23.364",
      "s" : "sell",
      "i" : "LINK_USD",
      "m" : "4611686018448369026"
    }, {
      "d" : "1756461528424010380",
      "t" : 1756461528424,
      "tn" : 1756461528424010380,
      "q" : "7.34",
      "p" : "23.367",
      "s" : "sell",
      "i" : "LINK_USD",
      "m" : "4611686018448369025"
    }, {
      "d" : "1756461528424008248",
      "t" : 1756461528424,
      "tn" : 1756461528424008248,
      "q" : "0.05",
      "p" : "23.368",
      "s" : "sell",
      "i" : "LINK_USD",
      "m" : "4611686018448369024"
    }, {
      "d" : "1756461528424006653",
      "t" : 1756461528424,
      "tn" : 1756461528424006653,
      "q" : "7.34",
      "p" : "23.370",
      "s" : "sell",
      "i" : "LINK_USD",
      "m" : "4611686018448369023"
    }, {
      "d" : "1756461528416252938",
      "t" : 1756461528416,
      "tn" : 1756461528416252938,
      "q" : "0.05",
      "p" : "23.378",
      "s" : "sell",
      "i" : "LINK_USD",
      "m" : "4611686018448369022"
    }, {
      "d" : "1756461527445082080",
      "t" : 1756461527445,
      "tn" : 1756461527445082079,
      "q" : "6.67",
      "p" : "23.373",
      "s" : "sell",
      "i" : "LINK_USD",
      "m" : "4611686018448369021"
    }, {
      "d" : "1756461527445082079",
      "t" : 1756461527445,
      "tn" : 1756461527445082079,
      "q" : "7.34",
      "p" : "23.373",
      "s" : "sell",
      "i" : "LINK_USD",
      "m" : "4611686018448369021"
    }, {
      "d" : "1756461527445079294",
      "t" : 1756461527445,
      "tn" : 1756461527445079294,
      "q" : "7.34",
      "p" : "23.376",
      "s" : "sell",
      "i" : "LINK_USD",
      "m" : "4611686018448369020"
    }, {
      "d" : "1756461527445077563",
      "t" : 1756461527445,
      "tn" : 1756461527445077563,
      "q" : "0.05",
      "p" : "23.378",
      "s" : "sell",
      "i" : "LINK_USD",
      "m" : "4611686018448369019"
    }, {
      "d" : "1756461526154224239",
      "t" : 1756461526154,
      "tn" : 1756461526154224239,
      "q" : "13.58",
      "p" : "23.375",
      "s" : "sell",
      "i" : "LINK_USD",
      "m" : "4611686018448369018"
    }, {
      "d" : "1756461526154222485",
      "t" : 1756461526154,
      "tn" : 1756461526154222484,
      "q" : "0.43",
      "p" : "23.376",
      "s" : "sell",
      "i" : "LINK_USD",
      "m" : "4611686018448369017"
    }, {
      "d" : "1756461526154222484",
      "t" : 1756461526154,
      "tn" : 1756461526154222484,
      "q" : "7.34",
      "p" : "23.376",
      "s" : "sell",
      "i" : "LINK_USD",
      "m" : "4611686018448369017"
    }, {
      "d" : "1756461526154219054",
      "t" : 1756461526154,
      "tn" : 1756461526154219054,
      "q" : "0.05",
      "p" : "23.378",
      "s" : "sell",
      "i" : "LINK_USD",
      "m" : "4611686018448369016"
    }, {
      "d" : "1756461524899615578",
      "t" : 1756461524899,
      "tn" : 1756461524899615578,
      "q" : "59.33",
      "p" : "23.385",
      "s" : "sell",
      "i" : "LINK_USD",
      "m" : "4611686018448369015"
    }, {
      "d" : "1756461524761726799",
      "t" : 1756461524761,
      "tn" : 1756461524761726799,
      "q" : "21.40",
      "p" : "23.385",
      "s" : "sell",
      "i" : "LINK_USD",
      "m" : "4611686018448369014"
    }, {
      "d" : "1756461524755876766",
      "t" : 1756461524755,
      "tn" : 1756461524755876766,
      "q" : "13.98",
      "p" : "23.385",
      "s" : "sell",
      "i" : "LINK_USD",
      "m" : "4611686018448369013"
    }, {
      "d" : "1756461524755163186",
      "t" : 1756461524755,
      "tn" : 1756461524755163186,
      "q" : "13.88",
      "p" : "23.385",
      "s" : "sell",
      "i" : "LINK_USD",
      "m" : "4611686018448369012"
    }, {
      "d" : "1756461519270732298",
      "t" : 1756461519270,
      "tn" : 1756461519270732298,
      "q" : "14.96",
      "p" : "23.382",
      "s" : "sell",
      "i" : "LINK_USD",
      "m" : "4611686018448369011"
    }, {
      "d" : "1756461519269945482",
      "t" : 1756461519269,
      "tn" : 1756461519269945482,
      "q" : "3.76",
      "p" : "23.382",
      "s" : "sell",
      "i" : "LINK_USD",
      "m" : "4611686018448369010"
    }, {
      "d" : "1756461519269943382",
      "t" : 1756461519269,
      "tn" : 1756461519269943382,
      "q" : "2.67",
      "p" : "23.384",
      "s" : "sell",
      "i" : "LINK_USD",
      "m" : "4611686018448369009"
    }, {
      "d" : "1756461516909186978",
      "t" : 1756461516909,
      "tn" : 1756461516909186978,
      "q" : "49.99",
      "p" : "23.385",
      "s" : "buy",
      "i" : "LINK_USD",
      "m" : "4611686018448369008"
    }, {
      "d" : "1756461516909086871",
      "t" : 1756461516909,
      "tn" : 1756461516909086869,
      "q" : "12.32",
      "p" : "23.385",
      "s" : "buy",
      "i" : "LINK_USD",
      "m" : "4611686018448369007"
    }, {
      "d" : "1756461516909086870",
      "t" : 1756461516909,
      "tn" : 1756461516909086869,
      "q" : "19.53",
      "p" : "23.385",
      "s" : "buy",
      "i" : "LINK_USD",
      "m" : "4611686018448369007"
    }, {
      "d" : "1756461516909086869",
      "t" : 1756461516909,
      "tn" : 1756461516909086869,
      "q" : "10.37",
      "p" : "23.385",
      "s" : "buy",
      "i" : "LINK_USD",
      "m" : "4611686018448369007"
    }, {
      "d" : "1756461516909083096",
      "t" : 1756461516909,
      "tn" : 1756461516909083096,
      "q" : "7.34",
      "p" : "23.384",
      "s" : "buy",
      "i" : "LINK_USD",
      "m" : "4611686018448369006"
    }, {
      "d" : "1756461516909080485",
      "t" : 1756461516909,
      "tn" : 1756461516909080485,
      "q" : "0.43",
      "p" : "23.381",
      "s" : "buy",
      "i" : "LINK_USD",
      "m" : "4611686018448369005"
    }, {
      "d" : "1756461516468047226",
      "t" : 1756461516468,
      "tn" : 1756461516468047226,
      "q" : "7.34",
      "p" : "23.380",
      "s" : "buy",
      "i" : "LINK_USD",
      "m" : "4611686018448369004"
    }, {
      "d" : "1756461511718937379",
      "t" : 1756461511718,
      "tn" : 1756461511718937379,
      "q" : "0.08",
      "p" : "23.377",
      "s" : "buy",
      "i" : "LINK_USD",
      "m" : "4611686018448369003"
    }, {
      "d" : "1756461509558407524",
      "t" : 1756461509558,
      "tn" : 1756461509558407522,
      "q" : "11.47",
      "p" : "23.376",
      "s" : "sell",
      "i" : "LINK_USD",
      "m" : "4611686018448369002"
    }, {
      "d" : "1756461509558407523",
      "t" : 1756461509558,
      "tn" : 1756461509558407522,
      "q" : "2.67",
      "p" : "23.376",
      "s" : "sell",
      "i" : "LINK_USD",
      "m" : "4611686018448369002"
    }, {
      "d" : "1756461509558407522",
      "t" : 1756461509558,
      "tn" : 1756461509558407522,
      "q" : "0.43",
      "p" : "23.376",
      "s" : "sell",
      "i" : "LINK_USD",
      "m" : "4611686018448369002"
    }, {
      "d" : "1756461499347524952",
      "t" : 1756461499347,
      "tn" : 1756461499347524952,
      "q" : "14.00",
      "p" : "23.372",
      "s" : "sell",
      "i" : "LINK_USD",
      "m" : "4611686018448369001"
    }, {
      "d" : "1756461498744465393",
      "t" : 1756461498744,
      "tn" : 1756461498744465393,
      "q" : "36.18",
      "p" : "23.372",
      "s" : "sell",
      "i" : "LINK_USD",
      "m" : "4611686018448369000"
    }, {
      "d" : "1756461498685867404",
      "t" : 1756461498685,
      "tn" : 1756461498685867404,
      "q" : "50.00",
      "p" : "23.372",
      "s" : "sell",
      "i" : "LINK_USD",
      "m" : "4611686018448368999"
    }, {
      "d" : "1756461498685863329",
      "t" : 1756461498685,
      "tn" : 1756461498685863329,
      "q" : "50.00",
      "p" : "23.372",
      "s" : "sell",
      "i" : "LINK_USD",
      "m" : "4611686018448368998"
    }, {
      "d" : "1756461498683232217",
      "t" : 1756461498683,
      "tn" : 1756461498683232217,
      "q" : "21.41",
      "p" : "23.372",
      "s" : "sell",
      "i" : "LINK_USD",
      "m" : "4611686018448368997"
    }, {
      "d" : "1756461497935125736",
      "t" : 1756461497935,
      "tn" : 1756461497935125736,
      "q" : "7.34",
      "p" : "23.372",
      "s" : "buy",
      "i" : "LINK_USD",
      "m" : "4611686018448368996"
    }, {
      "d" : "1756461493666726830",
      "t" : 1756461493666,
      "tn" : 1756461493666726830,
      "q" : "11.35",
      "p" : "23.366",
      "s" : "sell",
      "i" : "LINK_USD",
      "m" : "4611686018448368995"
    }, {
      "d" : "1756461493666725052",
      "t" : 1756461493666,
      "tn" : 1756461493666725052,
      "q" : "0.05",
      "p" : "23.368",
      "s" : "sell",
      "i" : "LINK_USD",
      "m" : "4611686018448368994"
    }, {
      "d" : "1756461493666723234",
      "t" : 1756461493666,
      "tn" : 1756461493666723233,
      "q" : "2.67",
      "p" : "23.369",
      "s" : "sell",
      "i" : "LINK_USD",
      "m" : "4611686018448368993"
    }, {
      "d" : "1756461491858714022",
      "t" : 1756461491858,
      "tn" : 1756461491858714022,
      "q" : "0.05",
      "p" : "23.378",
      "s" : "sell",
      "i" : "LINK_USD",
      "m" : "4611686018448368992"
    }, {
      "d" : "1756461491520321638",
      "t" : 1756461491520,
      "tn" : 1756461491520321638,
      "q" : "21.40",
      "p" : "23.379",
      "s" : "sell",
      "i" : "LINK_USD",
      "m" : "4611686018448368991"
    }, {
      "d" : "1756461491515707446",
      "t" : 1756461491515,
      "tn" : 1756461491515707446,
      "q" : "49.99",
      "p" : "23.379",
      "s" : "sell",
      "i" : "LINK_USD",
      "m" : "4611686018448368990"
    }, {
      "d" : "1756461491515011116",
      "t" : 1756461491515,
      "tn" : 1756461491515011116,
      "q" : "49.98",
      "p" : "23.379",
      "s" : "sell",
      "i" : "LINK_USD",
      "m" : "4611686018448368989"
    }, {
      "d" : "1756461490491132180",
      "t" : 1756461490491,
      "tn" : 1756461490491132180,
      "q" : "13.58",
      "p" : "23.373",
      "s" : "sell",
      "i" : "LINK_USD",
      "m" : "4611686018448368988"
    }, {
      "d" : "1756461490491129274",
      "t" : 1756461490491,
      "tn" : 1756461490491129274,
      "q" : "7.34",
      "p" : "23.375",
      "s" : "sell",
      "i" : "LINK_USD",
      "m" : "4611686018448368987"
    }, {
      "d" : "1756461490491127750",
      "t" : 1756461490491,
      "tn" : 1756461490491127750,
      "q" : "0.43",
      "p" : "23.376",
      "s" : "sell",
      "i" : "LINK_USD",
      "m" : "4611686018448368986"
    }, {
      "d" : "1756461490491126214",
      "t" : 1756461490491,
      "tn" : 1756461490491126214,
      "q" : "0.05",
      "p" : "23.378",
      "s" : "sell",
      "i" : "LINK_USD",
      "m" : "4611686018448368985"
    }, {
      "d" : "1756461488705455994",
      "t" : 1756461488705,
      "tn" : 1756461488705455994,
      "q" : "0.43",
      "p" : "23.373",
      "s" : "buy",
      "i" : "LINK_USD",
      "m" : "4611686018448368984"
    }, {
      "d" : "1756461488703626780",
      "t" : 1756461488703,
      "tn" : 1756461488703626780,
      "q" : "0.43",
      "p" : "23.373",
      "s" : "buy",
      "i" : "LINK_USD",
      "m" : "4611686018448368983"
    }, {
      "d" : "1756461486728780271",
      "t" : 1756461486728,
      "tn" : 1756461486728780271,
      "q" : "13.58",
      "p" : "23.373",
      "s" : "sell",
      "i" : "LINK_USD",
      "m" : "4611686018448368982"
    }, {
      "d" : "1756461486728778404",
      "t" : 1756461486728,
      "tn" : 1756461486728778404,
      "q" : "7.34",
      "p" : "23.375",
      "s" : "sell",
      "i" : "LINK_USD",
      "m" : "4611686018448368981"
    }, {
      "d" : "1756461486728775833",
      "t" : 1756461486728,
      "tn" : 1756461486728775833,
      "q" : "0.43",
      "p" : "23.376",
      "s" : "sell",
      "i" : "LINK_USD",
      "m" : "4611686018448368980"
    }, {
      "d" : "1756461486728773277",
      "t" : 1756461486728,
      "tn" : 1756461486728773277,
      "q" : "0.05",
      "p" : "23.378",
      "s" : "sell",
      "i" : "LINK_USD",
      "m" : "4611686018448368979"
    }, {
      "d" : "1756461480048051184",
      "t" : 1756461480048,
      "tn" : 1756461480048051184,
      "q" : "14.06",
      "p" : "23.371",
      "s" : "sell",
      "i" : "LINK_USD",
      "m" : "4611686018448368978"
    }, {
      "d" : "1756461480048048603",
      "t" : 1756461480048,
      "tn" : 1756461480048048603,
      "q" : "7.34",
      "p" : "23.373",
      "s" : "sell",
      "i" : "LINK_USD",
      "m" : "4611686018448368977"
    }, {
      "d" : "1756461480046250922",
      "t" : 1756461480046,
      "tn" : 1756461480046250922,
      "q" : "0.05",
      "p" : "23.378",
      "s" : "sell",
      "i" : "LINK_USD",
      "m" : "4611686018448368976"
    }, {
      "d" : "1756461477955146054",
      "t" : 1756461477955,
      "tn" : 1756461477955146054,
      "q" : "49.31",
      "p" : "23.382",
      "s" : "buy",
      "i" : "LINK_USD",
      "m" : "4611686018448368975"
    }, {
      "d" : "1756461477955144578",
      "t" : 1756461477955,
      "tn" : 1756461477955144578,
      "q" : "0.80",
      "p" : "23.381",
      "s" : "buy",
      "i" : "LINK_USD",
      "m" : "4611686018448368974"
    }, {
      "d" : "1756461477955136030",
      "t" : 1756461477955,
      "tn" : 1756461477955136029,
      "q" : "42.67",
      "p" : "23.381",
      "s" : "buy",
      "i" : "LINK_USD",
      "m" : "4611686018448368973"
    }, {
      "d" : "1756461477955136029",
      "t" : 1756461477955,
      "tn" : 1756461477955136029,
      "q" : "7.34",
      "p" : "23.381",
      "s" : "buy",
      "i" : "LINK_USD",
      "m" : "4611686018448368973"
    }, {
      "d" : "1756461476239377548",
      "t" : 1756461476239,
      "tn" : 1756461476239377548,
      "q" : "0.08",
      "p" : "23.374",
      "s" : "buy",
      "i" : "LINK_USD",
      "m" : "4611686018448368972"
    }, {
      "d" : "1756461475597118710",
      "t" : 1756461475597,
      "tn" : 1756461475597118710,
      "q" : "1.60",
      "p" : "23.378",
      "s" : "buy",
      "i" : "LINK_USD",
      "m" : "4611686018448368971"
    }, {
      "d" : "1756461475597117261",
      "t" : 1756461475597,
      "tn" : 1756461475597117261,
      "q" : "48.31",
      "p" : "23.376",
      "s" : "buy",
      "i" : "LINK_USD",
      "m" : "4611686018448368970"
    }, {
      "d" : "1756461475597113662",
      "t" : 1756461475597,
      "tn" : 1756461475597113662,
      "q" : "21.67",
      "p" : "23.376",
      "s" : "buy",
      "i" : "LINK_USD",
      "m" : "4611686018448368969"
    }, {
      "d" : "1756461475597112026",
      "t" : 1756461475597,
      "tn" : 1756461475597112025,
      "q" : "20.99",
      "p" : "23.375",
      "s" : "buy",
      "i" : "LINK_USD",
      "m" : "4611686018448368968"
    }, {
      "d" : "1756461475597112025",
      "t" : 1756461475597,
      "tn" : 1756461475597112025,
      "q" : "7.34",
      "p" : "23.375",
      "s" : "buy",
      "i" : "LINK_USD",
      "m" : "4611686018448368968"
    }, {
      "d" : "1756461474044877328",
      "t" : 1756461474044,
      "tn" : 1756461474044877328,
      "q" : "50.01",
      "p" : "23.368",
      "s" : "buy",
      "i" : "LINK_USD",
      "m" : "4611686018448368967"
    }, {
      "d" : "1756461474044843243",
      "t" : 1756461474044,
      "tn" : 1756461474044843243,
      "q" : "50.01",
      "p" : "23.368",
      "s" : "buy",
      "i" : "LINK_USD",
      "m" : "4611686018448368966"
    }, {
      "d" : "1756461468972107376",
      "t" : 1756461468972,
      "tn" : 1756461468972107376,
      "q" : "50.00",
      "p" : "23.366",
      "s" : "buy",
      "i" : "LINK_USD",
      "m" : "4611686018448368965"
    }, {
      "d" : "1756461468972104376",
      "t" : 1756461468972,
      "tn" : 1756461468972104376,
      "q" : "49.92",
      "p" : "23.366",
      "s" : "buy",
      "i" : "LINK_USD",
      "m" : "4611686018448368964"
    }, {
      "d" : "1756461468972102580",
      "t" : 1756461468972,
      "tn" : 1756461468972102580,
      "q" : "0.08",
      "p" : "23.362",
      "s" : "buy",
      "i" : "LINK_USD",
      "m" : "4611686018448368963"
    }, {
      "d" : "1756461463135618816",
      "t" : 1756461463135,
      "tn" : 1756461463135618816,
      "q" : "50.01",
      "p" : "23.356",
      "s" : "buy",
      "i" : "LINK_USD",
      "m" : "4611686018448368962"
    }, {
      "d" : "1756461463133611186",
      "t" : 1756461463133,
      "tn" : 1756461463133611186,
      "q" : "10.01",
      "p" : "23.356",
      "s" : "buy",
      "i" : "LINK_USD",
      "m" : "4611686018448368961"
    }, {
      "d" : "1756461456176777488",
      "t" : 1756461456176,
      "tn" : 1756461456176777488,
      "q" : "19.02",
      "p" : "23.349",
      "s" : "sell",
      "i" : "LINK_USD",
      "m" : "4611686018448368960"
    }, {
      "d" : "1756461456176775948",
      "t" : 1756461456176,
      "tn" : 1756461456176775948,
      "q" : "2.40",
      "p" : "23.350",
      "s" : "sell",
      "i" : "LINK_USD",
      "m" : "4611686018448368959"
    }, {
      "d" : "1756461455275617434",
      "t" : 1756461455275,
      "tn" : 1756461455275617434,
      "q" : "50.01",
      "p" : "23.351",
      "s" : "buy",
      "i" : "LINK_USD",
      "m" : "4611686018448368958"
    }, {
      "d" : "1756461455275612900",
      "t" : 1756461455275,
      "tn" : 1756461455275612900,
      "q" : "49.92",
      "p" : "23.351",
      "s" : "buy",
      "i" : "LINK_USD",
      "m" : "4611686018448368957"
    }, {
      "d" : "1756461455275610878",
      "t" : 1756461455275,
      "tn" : 1756461455275610878,
      "q" : "0.08",
      "p" : "23.350",
      "s" : "buy",
      "i" : "LINK_USD",
      "m" : "4611686018448368956"
    }, {
      "d" : "1756461453739144667",
      "t" : 1756461453739,
      "tn" : 1756461453739144667,
      "q" : "4.66",
      "p" : "23.345",
      "s" : "buy",
      "i" : "LINK_USD",
      "m" : "4611686018448368955"
    }, {
      "d" : "1756461448535638808",
      "t" : 1756461448535,
      "tn" : 1756461448535638808,
      "q" : "21.43",
      "p" : "23.344",
      "s" : "sell",
      "i" : "LINK_USD",
      "m" : "4611686018448368954"
    }, {
      "d" : "1756461440840173299",
      "t" : 1756461440840,
      "tn" : 1756461440840173299,
      "q" : "0.50",
      "p" : "23.337",
      "s" : "buy",
      "i" : "LINK_USD",
      "m" : "4611686018448368953"
    }, {
      "d" : "1756461440840170980",
      "t" : 1756461440840,
      "tn" : 1756461440840170980,
      "q" : "0.50",
      "p" : "23.337",
      "s" : "buy",
      "i" : "LINK_USD",
      "m" : "4611686018448368952"
    }, {
      "d" : "1756461440840168410",
      "t" : 1756461440840,
      "tn" : 1756461440840168410,
      "q" : "0.50",
      "p" : "23.337",
      "s" : "buy",
      "i" : "LINK_USD",
      "m" : "4611686018448368951"
    }, {
      "d" : "1756461440840021852",
      "t" : 1756461440840,
      "tn" : 1756461440840021852,
      "q" : "0.50",
      "p" : "23.337",
      "s" : "buy",
      "i" : "LINK_USD",
      "m" : "4611686018448368950"
    }, {
      "d" : "1756461440840013532",
      "t" : 1756461440840,
      "tn" : 1756461440840013532,
      "q" : "0.50",
      "p" : "23.335",
      "s" : "buy",
      "i" : "LINK_USD",
      "m" : "4611686018448368949"
    }, {
      "d" : "1756461440840011019",
      "t" : 1756461440840,
      "tn" : 1756461440840011019,
      "q" : "0.50",
      "p" : "23.335",
      "s" : "buy",
      "i" : "LINK_USD",
      "m" : "4611686018448368948"
    }, {
      "d" : "1756461440839920812",
      "t" : 1756461440839,
      "tn" : 1756461440839920812,
      "q" : "0.50",
      "p" : "23.335",
      "s" : "buy",
      "i" : "LINK_USD",
      "m" : "4611686018448368947"
    }, {
      "d" : "1756461440839782860",
      "t" : 1756461440839,
      "tn" : 1756461440839782860,
      "q" : "0.50",
      "p" : "23.335",
      "s" : "buy",
      "i" : "LINK_USD",
      "m" : "4611686018448368946"
    }, {
      "d" : "1756461440839770149",
      "t" : 1756461440839,
      "tn" : 1756461440839770149,
      "q" : "0.50",
      "p" : "23.335",
      "s" : "buy",
      "i" : "LINK_USD",
      "m" : "4611686018448368945"
    }, {
      "d" : "1756461440839664132",
      "t" : 1756461440839,
      "tn" : 1756461440839664132,
      "q" : "0.50",
      "p" : "23.335",
      "s" : "buy",
      "i" : "LINK_USD",
      "m" : "4611686018448368944"
    }, {
      "d" : "1756461440839573766",
      "t" : 1756461440839,
      "tn" : 1756461440839573766,
      "q" : "0.50",
      "p" : "23.335",
      "s" : "buy",
      "i" : "LINK_USD",
      "m" : "4611686018448368943"
    }, {
      "d" : "1756461440839571388",
      "t" : 1756461440839,
      "tn" : 1756461440839571388,
      "q" : "0.50",
      "p" : "23.335",
      "s" : "buy",
      "i" : "LINK_USD",
      "m" : "4611686018448368942"
    }, {
      "d" : "1756461440839568663",
      "t" : 1756461440839,
      "tn" : 1756461440839568663,
      "q" : "0.50",
      "p" : "23.335",
      "s" : "buy",
      "i" : "LINK_USD",
      "m" : "4611686018448368941"
    }, {
      "d" : "1756461440839407421",
      "t" : 1756461440839,
      "tn" : 1756461440839407421,
      "q" : "0.50",
      "p" : "23.332",
      "s" : "buy",
      "i" : "LINK_USD",
      "m" : "4611686018448368940"
    }, {
      "d" : "1756461440839398041",
      "t" : 1756461440839,
      "tn" : 1756461440839398041,
      "q" : "0.43",
      "p" : "23.332",
      "s" : "buy",
      "i" : "LINK_USD",
      "m" : "4611686018448368939"
    }, {
      "d" : "1756461440839396641",
      "t" : 1756461440839,
      "tn" : 1756461440839396641,
      "q" : "0.08",
      "p" : "23.330",
      "s" : "buy",
      "i" : "LINK_USD",
      "m" : "4611686018448368938"
    }, {
      "d" : "1756461440833850782",
      "t" : 1756461440833,
      "tn" : 1756461440833850782,
      "q" : "50.01",
      "p" : "23.328",
      "s" : "buy",
      "i" : "LINK_USD",
      "m" : "4611686018448368937"
    }, {
      "d" : "1756461440833841794",
      "t" : 1756461440833,
      "tn" : 1756461440833841794,
      "q" : "50.01",
      "p" : "23.328",
      "s" : "buy",
      "i" : "LINK_USD",
      "m" : "4611686018448368936"
    }, {
      "d" : "1756461429092131961",
      "t" : 1756461429092,
      "tn" : 1756461429092131961,
      "q" : "0.05",
      "p" : "23.312",
      "s" : "buy",
      "i" : "LINK_USD",
      "m" : "4611686018448368935"
    }, {
      "d" : "1756461429090744761",
      "t" : 1756461429090,
      "tn" : 1756461429090744761,
      "q" : "0.05",
      "p" : "23.312",
      "s" : "buy",
      "i" : "LINK_USD",
      "m" : "4611686018448368934"
    }, {
      "d" : "1756461429088087547",
      "t" : 1756461429088,
      "tn" : 1756461429088087547,
      "q" : "0.05",
      "p" : "23.312",
      "s" : "buy",
      "i" : "LINK_USD",
      "m" : "4611686018448368933"
    }, {
      "d" : "1756461429086145042",
      "t" : 1756461429086,
      "tn" : 1756461429086145042,
      "q" : "0.05",
      "p" : "23.312",
      "s" : "buy",
      "i" : "LINK_USD",
      "m" : "4611686018448368932"
    }, {
      "d" : "1756461429078885161",
      "t" : 1756461429078,
      "tn" : 1756461429078885161,
      "q" : "50.01",
      "p" : "23.317",
      "s" : "buy",
      "i" : "LINK_USD",
      "m" : "4611686018448368931"
    }, {
      "d" : "1756461429078829659",
      "t" : 1756461429078,
      "tn" : 1756461429078829658,
      "q" : "19.93",
      "p" : "23.317",
      "s" : "buy",
      "i" : "LINK_USD",
      "m" : "4611686018448368930"
    }, {
      "d" : "1756461429078829658",
      "t" : 1756461429078,
      "tn" : 1756461429078829658,
      "q" : "30.02",
      "p" : "23.317",
      "s" : "buy",
      "i" : "LINK_USD",
      "m" : "4611686018448368930"
    }, {
      "d" : "1756461429078826438",
      "t" : 1756461429078,
      "tn" : 1756461429078826438,
      "q" : "0.05",
      "p" : "23.312",
      "s" : "buy",
      "i" : "LINK_USD",
      "m" : "4611686018448368929"
    }, {
      "d" : "1756461428933465872",
      "t" : 1756461428933,
      "tn" : 1756461428933465872,
      "q" : "0.05",
      "p" : "23.309",
      "s" : "buy",
      "i" : "LINK_USD",
      "m" : "4611686018448368928"
    }, {
      "d" : "1756461428930958760",
      "t" : 1756461428930,
      "tn" : 1756461428930958760,
      "q" : "0.05",
      "p" : "23.309",
      "s" : "buy",
      "i" : "LINK_USD",
      "m" : "4611686018448368927"
    }, {
      "d" : "1756461428915946376",
      "t" : 1756461428915,
      "tn" : 1756461428915946376,
      "q" : "0.05",
      "p" : "23.309",
      "s" : "buy",
      "i" : "LINK_USD",
      "m" : "4611686018448368926"
    }, {
      "d" : "1756461428905946051",
      "t" : 1756461428905,
      "tn" : 1756461428905946051,
      "q" : "0.05",
      "p" : "23.309",
      "s" : "buy",
      "i" : "LINK_USD",
      "m" : "4611686018448368925"
    }, {
      "d" : "1756461428885915341",
      "t" : 1756461428885,
      "tn" : 1756461428885915341,
      "q" : "0.05",
      "p" : "23.309",
      "s" : "buy",
      "i" : "LINK_USD",
      "m" : "4611686018448368924"
    }, {
      "d" : "1756461428650510275",
      "t" : 1756461428650,
      "tn" : 1756461428650510275,
      "q" : "0.05",
      "p" : "23.309",
      "s" : "buy",
      "i" : "LINK_USD",
      "m" : "4611686018448368923"
    }, {
      "d" : "1756461428589807514",
      "t" : 1756461428589,
      "tn" : 1756461428589807514,
      "q" : "0.05",
      "p" : "23.309",
      "s" : "buy",
      "i" : "LINK_USD",
      "m" : "4611686018448368922"
    }, {
      "d" : "1756461428524797817",
      "t" : 1756461428524,
      "tn" : 1756461428524797817,
      "q" : "0.05",
      "p" : "23.309",
      "s" : "buy",
      "i" : "LINK_USD",
      "m" : "4611686018448368921"
    }, {
      "d" : "1756461428449762291",
      "t" : 1756461428449,
      "tn" : 1756461428449762291,
      "q" : "0.05",
      "p" : "23.309",
      "s" : "buy",
      "i" : "LINK_USD",
      "m" : "4611686018448368920"
    }, {
      "d" : "1756461428349528972",
      "t" : 1756461428349,
      "tn" : 1756461428349528972,
      "q" : "0.05",
      "p" : "23.309",
      "s" : "buy",
      "i" : "LINK_USD",
      "m" : "4611686018448368919"
    }, {
      "d" : "1756461428274472023",
      "t" : 1756461428274,
      "tn" : 1756461428274472023,
      "q" : "0.05",
      "p" : "23.309",
      "s" : "buy",
      "i" : "LINK_USD",
      "m" : "4611686018448368918"
    }, {
      "d" : "1756461428249459414",
      "t" : 1756461428249,
      "tn" : 1756461428249459414,
      "q" : "0.05",
      "p" : "23.309",
      "s" : "buy",
      "i" : "LINK_USD",
      "m" : "4611686018448368917"
    }, {
      "d" : "1756461428189404015",
      "t" : 1756461428189,
      "tn" : 1756461428189404015,
      "q" : "0.05",
      "p" : "23.309",
      "s" : "buy",
      "i" : "LINK_USD",
      "m" : "4611686018448368916"
    }, {
      "d" : "1756461428149358167",
      "t" : 1756461428149,
      "tn" : 1756461428149358167,
      "q" : "0.05",
      "p" : "23.309",
      "s" : "buy",
      "i" : "LINK_USD",
      "m" : "4611686018448368915"
    }, {
      "d" : "1756461428139411378",
      "t" : 1756461428139,
      "tn" : 1756461428139411378,
      "q" : "0.05",
      "p" : "23.309",
      "s" : "buy",
      "i" : "LINK_USD",
      "m" : "4611686018448368914"
    }, {
      "d" : "1756461428105546795",
      "t" : 1756461428105,
      "tn" : 1756461428105546795,
      "q" : "0.05",
      "p" : "23.309",
      "s" : "buy",
      "i" : "LINK_USD",
      "m" : "4611686018448368913"
    }, {
      "d" : "1756461428084314835",
      "t" : 1756461428084,
      "tn" : 1756461428084314835,
      "q" : "0.05",
      "p" : "23.309",
      "s" : "buy",
      "i" : "LINK_USD",
      "m" : "4611686018448368912"
    }, {
      "d" : "1756461428069045361",
      "t" : 1756461428069,
      "tn" : 1756461428069045361,
      "q" : "0.05",
      "p" : "23.309",
      "s" : "buy",
      "i" : "LINK_USD",
      "m" : "4611686018448368911"
    }, {
      "d" : "1756461428049260237",
      "t" : 1756461428049,
      "tn" : 1756461428049260237,
      "q" : "0.05",
      "p" : "23.309",
      "s" : "buy",
      "i" : "LINK_USD",
      "m" : "4611686018448368910"
    }, {
      "d" : "1756461428034285474",
      "t" : 1756461428034,
      "tn" : 1756461428034285474,
      "q" : "0.05",
      "p" : "23.309",
      "s" : "buy",
      "i" : "LINK_USD",
      "m" : "4611686018448368909"
    }, {
      "d" : "1756461428004275338",
      "t" : 1756461428004,
      "tn" : 1756461428004275338,
      "q" : "0.05",
      "p" : "23.309",
      "s" : "buy",
      "i" : "LINK_USD",
      "m" : "4611686018448368908"
    }, {
      "d" : "1756461427994221532",
      "t" : 1756461427994,
      "tn" : 1756461427994221532,
      "q" : "0.05",
      "p" : "23.309",
      "s" : "buy",
      "i" : "LINK_USD",
      "m" : "4611686018448368907"
    }, {
      "d" : "1756461427949146645",
      "t" : 1756461427949,
      "tn" : 1756461427949146645,
      "q" : "0.05",
      "p" : "23.309",
      "s" : "buy",
      "i" : "LINK_USD",
      "m" : "4611686018448368906"
    }, {
      "d" : "1756461427936601782",
      "t" : 1756461427936,
      "tn" : 1756461427936601782,
      "q" : "0.05",
      "p" : "23.309",
      "s" : "buy",
      "i" : "LINK_USD",
      "m" : "4611686018448368905"
    }, {
      "d" : "1756461427934165360",
      "t" : 1756461427934,
      "tn" : 1756461427934165360,
      "q" : "0.05",
      "p" : "23.309",
      "s" : "buy",
      "i" : "LINK_USD",
      "m" : "4611686018448368904"
    }, {
      "d" : "1756461427894111865",
      "t" : 1756461427894,
      "tn" : 1756461427894111865,
      "q" : "0.05",
      "p" : "23.309",
      "s" : "buy",
      "i" : "LINK_USD",
      "m" : "4611686018448368903"
    }, {
      "d" : "1756461427748822411",
      "t" : 1756461427748,
      "tn" : 1756461427748822411,
      "q" : "0.05",
      "p" : "23.309",
      "s" : "buy",
      "i" : "LINK_USD",
      "m" : "4611686018448368902"
    }, {
      "d" : "1756461427552815173",
      "t" : 1756461427552,
      "tn" : 1756461427552815173,
      "q" : "0.05",
      "p" : "23.309",
      "s" : "buy",
      "i" : "LINK_USD",
      "m" : "4611686018448368901"
    }, {
      "d" : "1756461427533691286",
      "t" : 1756461427533,
      "tn" : 1756461427533691286,
      "q" : "0.05",
      "p" : "23.309",
      "s" : "buy",
      "i" : "LINK_USD",
      "m" : "4611686018448368900"
    }, {
      "d" : "1756461427047234588",
      "t" : 1756461427047,
      "tn" : 1756461427047234588,
      "q" : "0.05",
      "p" : "23.309",
      "s" : "buy",
      "i" : "LINK_USD",
      "m" : "4611686018448368899"
    }, {
      "d" : "1756461427042306935",
      "t" : 1756461427042,
      "tn" : 1756461427042306935,
      "q" : "0.05",
      "p" : "23.309",
      "s" : "buy",
      "i" : "LINK_USD",
      "m" : "4611686018448368898"
    }, {
      "d" : "1756461426992376816",
      "t" : 1756461426992,
      "tn" : 1756461426992376816,
      "q" : "0.05",
      "p" : "23.309",
      "s" : "buy",
      "i" : "LINK_USD",
      "m" : "4611686018448368897"
    }, {
      "d" : "1756461426952188272",
      "t" : 1756461426952,
      "tn" : 1756461426952188272,
      "q" : "0.05",
      "p" : "23.309",
      "s" : "buy",
      "i" : "LINK_USD",
      "m" : "4611686018448368896"
    } ]
  }
}