{
  "id" : -1,
  "method" : "public/get-trades",
  "code" : 0,
  "result" : {
    "data" : [ {
      "d" : "1756461555788862373",
      "t" : 1756461555788,
      "tn" : 1756461555788862373,
      "q" : "0.1",
      "p" : "23.391",
      "s" : "sell",
      "i" : "LINKUSD-PERP",
      "m" : "4611686018439075772"
    }, {
      "d" : "1756461555780870581",
      "t" : 1756461555780,
      "tn" : 1756461555780870581,
      "q" : "9.4",
      "p" : "23.392",
      "s" : "sell",
      "i" : "LINKUSD-PERP",
      "m" : "4611686018439075771"
    }, {
      "d" : "1756461555411353456",
      "t" : 1756461555411,
      "tn" : 1756461555411353456,
      "q" : "90.9",
      "p" : "23.394",
      "s" : "sell",
      "i" : "LINKUSD-PERP",
      "m" : "4611686018439075770"
    }, {
      "d" : "1756461555411349793",
      "t" : 1756461555411,
      "tn" : 1756461555411349793,
      "q" : "0.1",
      "p" : "23.395",
      "s" : "sell",
      "i" : "LINKUSD-PERP",
      "m" : "4611686018439075769"
    }, {
      "d" : "1756461551878703739",
      "t" : 1756461551878,
      "tn" : 1756461551878703739,
      "q" : "0.1",
      "p" : "23.396",
      "s" : "sell",
      "i" : "LINKUSD-PERP",
      "m" : "4611686018439075768"
    }, {
      "d" : "1756461550556769381",
      "t" : 1756461550556,
      "tn" : 1756461550556769381,
      "q" : "0.1",
      "p" : "23.392",
      "s" : "buy",
      "i" : "LINKUSD-PERP",
      "m" : "4611686018439075767"
    }, {
      "d" : "1756461541222502457",
      "t" : 1756461541222,
      "tn" : 1756461541222502457,
      "q" : "0.1",
      "p" : "23.386",
      "s" : "buy",
      "i" : "LINKUSD-PERP",
      "m" : "4611686018439075766"
    }, {
      "d" : "1756461538872377378",
      "t" : 1756461538872,
      "tn" : 1756461538872377378,
      "q" : "0.1",
      "p" : "23.388",
      "s" : "buy",
      "i" : "LINKUSD-PERP",
      "m" : "4611686018439075765"
    }, {
      "d" : "1756461533857851808",
      "t" : 1756461533857,
      "tn" : 1756461533857851808,
      "q" : "0.1",
      "p" : "23.378",
      "s" : "buy",
      "i" : "LINKUSD-PERP",
      "m" : "4611686018439075764"
    }, {
      "d" : "1756461532611288587",
      "t" : 1756461532611,
      "tn" : 1756461532611288587,
      "q" : "0.1",
      "p" : "23.374",
      "s" : "buy",
      "i" : "LINKUSD-PERP",
      "m" : "4611686018439075763"
    }, {
      "d" : "1756461529731674747",
      "t" : 1756461529731,
      "tn" : 1756461529731674747,
      "q" : "0.1",
      "p" : "23.365",
      "s" : "buy",
      "i" : "LINKUSD-PERP",
      "m" : "4611686018439075762"
    }, {
      "d" : "1756461529520462787",
      "t" : 1756461529520,
      "tn" : 1756461529520462787,
      "q" : "0.1",
      "p" : "23.367",
      "s" : "sell",
      "i" : "LINKUSD-PERP",
      "m" : "4611686018439075761"
    }, {
      "d" : "1756461529453454720",
      "t" : 1756461529453,
      "tn" : 1756461529453454720,
      "q" : "0.1",
      "p" : "23.370",
      "s" : "sell",
      "i" : "LINKUSD-PERP",
      "m" : "4611686018439075760"
    }, {
      "d" : "1756461528411309752",
      "t" : 1756461528411,
      "tn" : 1756461528411309752,
      "q" : "0.1",
      "p" : "23.375",
      "s" : "sell",
      "i" : "LINKUSD-PERP",
      "m" : "4611686018439075759"
    }, {
      "d" : "1756461527510801378",
      "t" : 1756461527510,
      "tn" : 1756461527510801378,
      "q" : "0.1",
      "p" : "23.377",
      "s" : "sell",
      "i" : "LINKUSD-PERP",
      "m" : "4611686018439075758"
    }, {
      "d" : "1756461527445848734",
      "t" : 1756461527445,
      "tn" : 1756461527445848734,
      "q" : "0.1",
      "p" : "23.380",
      "s" : "sell",
      "i" : "LINKUSD-PERP",
      "m" : "4611686018439075757"
    }, {
      "d" : "1756461526170499003",
      "t" : 1756461526170,
      "tn" : 1756461526170499003,
      "q" : "0.1",
      "p" : "23.382",
      "s" : "sell",
      "i" : "LINKUSD-PERP",
      "m" : "4611686018439075756"
    }, {
      "d" : "1756461524755373950",
      "t" : 1756461524755,
      "tn" : 1756461524755373950,
      "q" : "14.0",
      "p" : "23.384",
      "s" : "sell",
      "i" : "LINKUSD-PERP",
      "m" : "4611686018439075755"
    }, {
      "d" : "1756461524754444303",
      "t" : 1756461524754,
      "tn" : 1756461524754444302,
      "q" : "13.9",
      "p" : "23.384",
      "s" : "sell",
      "i" : "LINKUSD-PERP",
      "m" : "4611686018439075754"
    }, {
      "d" : "1756461524754444302",
      "t" : 1756461524754,
      "tn" : 1756461524754444302,
      "q" : "0.1",
      "p" : "23.384",
      "s" : "sell",
      "i" : "LINKUSD-PERP",
      "m" : "4611686018439075754"
    }, {
      "d" : "1756461519283437609",
      "t" : 1756461519283,
      "tn" : 1756461519283437609,
      "q" : "0.1",
      "p" : "23.385",
      "s" : "sell",
      "i" : "LINKUSD-PERP",
      "m" : "4611686018439075753"
    }, {
      "d" : "1756461516908337918",
      "t" : 1756461516908,
      "tn" : 1756461516908337918,
      "q" : "0.1",
      "p" : "23.385",
      "s" : "buy",
      "i" : "LINKUSD-PERP",
      "m" : "4611686018439075752"
    }, {
      "d" : "1756461516908335026",
      "t" : 1756461516908,
      "tn" : 1756461516908335024,
      "q" : "11.8",
      "p" : "23.385",
      "s" : "buy",
      "i" : "LINKUSD-PERP",
      "m" : "4611686018439075751"
    }, {
      "d" : "1756461516908335025",
      "t" : 1756461516908,
      "tn" : 1756461516908335024,
      "q" : "50.0",
      "p" : "23.385",
      "s" : "buy",
      "i" : "LINKUSD-PERP",
      "m" : "4611686018439075751"
    }, {
      "d" : "1756461516908335024",
      "t" : 1756461516908,
      "tn" : 1756461516908335024,
      "q" : "50.0",
      "p" : "23.385",
      "s" : "buy",
      "i" : "LINKUSD-PERP",
      "m" : "4611686018439075751"
    }, {
      "d" : "1756461516907967305",
      "t" : 1756461516907,
      "tn" : 1756461516907967304,
      "q" : "30.0",
      "p" : "23.384",
      "s" : "buy",
      "i" : "LINKUSD-PERP",
      "m" : "4611686018439075750"
    }, {
      "d" : "1756461516907967304",
      "t" : 1756461516907,
      "tn" : 1756461516907967304,
      "q" : "0.1",
      "p" : "23.384",
      "s" : "buy",
      "i" : "LINKUSD-PERP",
      "m" : "4611686018439075750"
    }, {
      "d" : "1756461516906562792",
      "t" : 1756461516906,
      "tn" : 1756461516906562791,
      "q" : "1.6",
      "p" : "23.382",
      "s" : "buy",
      "i" : "LINKUSD-PERP",
      "m" : "4611686018439075749"
    }, {
      "d" : "1756461516906562791",
      "t" : 1756461516906,
      "tn" : 1756461516906562791,
      "q" : "0.1",
      "p" : "23.382",
      "s" : "buy",
      "i" : "LINKUSD-PERP",
      "m" : "4611686018439075749"
    }, {
      "d" : "1756461510966791576",
      "t" : 1756461510966,
      "tn" : 1756461510966791576,
      "q" : "0.1",
      "p" : "23.379",
      "s" : "buy",
      "i" : "LINKUSD-PERP",
      "m" : "4611686018439075748"
    }, {
      "d" : "1756461505316857686",
      "t" : 1756461505316,
      "tn" : 1756461505316857686,
      "q" : "1.8",
      "p" : "23.377",
      "s" : "buy",
      "i" : "LINKUSD-PERP",
      "m" : "4611686018439075747"
    }, {
      "d" : "1756461505316852409",
      "t" : 1756461505316,
      "tn" : 1756461505316852409,
      "q" : "0.1",
      "p" : "23.377",
      "s" : "buy",
      "i" : "LINKUSD-PERP",
      "m" : "4611686018439075746"
    }, {
      "d" : "1756461499881478441",
      "t" : 1756461499881,
      "tn" : 1756461499881478441,
      "q" : "0.1",
      "p" : "23.375",
      "s" : "buy",
      "i" : "LINKUSD-PERP",
      "m" : "4611686018439075745"
    }, {
      "d" : "1756461499815702431",
      "t" : 1756461499815,
      "tn" : 1756461499815702431,
      "q" : "30.6",
      "p" : "23.375",
      "s" : "buy",
      "i" : "LINKUSD-PERP",
      "m" : "4611686018439075744"
    }, {
      "d" : "1756461499815700363",
      "t" : 1756461499815,
      "tn" : 1756461499815700363,
      "q" : "0.1",
      "p" : "23.374",
      "s" : "buy",
      "i" : "LINKUSD-PERP",
      "m" : "4611686018439075743"
    }, {
      "d" : "1756461499800847152",
      "t" : 1756461499800,
      "tn" : 1756461499800847152,
      "q" : "0.1",
      "p" : "23.369",
      "s" : "buy",
      "i" : "LINKUSD-PERP",
      "m" : "4611686018439075742"
    }, {
      "d" : "1756461499346787850",
      "t" : 1756461499346,
      "tn" : 1756461499346787850,
      "q" : "14.0",
      "p" : "23.371",
      "s" : "sell",
      "i" : "LINKUSD-PERP",
      "m" : "4611686018439075741"
    }, {
      "d" : "1756461498684885333",
      "t" : 1756461498684,
      "tn" : 1756461498684885331,
      "q" : "50.0",
      "p" : "23.369",
      "s" : "sell",
      "i" : "LINKUSD-PERP",
      "m" : "4611686018439075740"
    }, {
      "d" : "1756461498684885332",
      "t" : 1756461498684,
      "tn" : 1756461498684885331,
      "q" : "50.0",
      "p" : "23.369",
      "s" : "sell",
      "i" : "LINKUSD-PERP",
      "m" : "4611686018439075740"
    }, {
      "d" : "1756461498684885331",
      "t" : 1756461498684,
      "tn" : 1756461498684885331,
      "q" : "0.1",
      "p" : "23.369",
      "s" : "sell",
      "i" : "LINKUSD-PERP",
      "m" : "4611686018439075740"
    }, {
      "d" : "1756461492408141315",
      "t" : 1756461492408,
      "tn" : 1756461492408141315,
      "q" : "0.1",
      "p" : "23.372",
      "s" : "buy",
      "i" : "LINKUSD-PERP",
      "m" : "4611686018439075739"
    }, {
      "d" : "1756461492248103784",
      "t" : 1756461492248,
      "tn" : 1756461492248103784,
      "q" : "0.1",
      "p" : "23.374",
      "s" : "sell",
      "i" : "LINKUSD-PERP",
      "m" : "4611686018439075738"
    }, {
      "d" : "1756461491530398826",
      "t" : 1756461491530,
      "tn" : 1756461491530398826,
      "q" : "0.1",
      "p" : "23.377",
      "s" : "sell",
      "i" : "LINKUSD-PERP",
      "m" : "4611686018439075737"
    }, {
      "d" : "1756461491515007741",
      "t" : 1756461491515,
      "tn" : 1756461491515007741,
      "q" : "50.0",
      "p" : "23.378",
      "s" : "sell",
      "i" : "LINKUSD-PERP",
      "m" : "4611686018439075736"
    }, {
      "d" : "1756461491514185118",
      "t" : 1756461491514,
      "tn" : 1756461491514185118,
      "q" : "50.0",
      "p" : "23.379",
      "s" : "sell",
      "i" : "LINKUSD-PERP",
      "m" : "4611686018439075735"
    }, {
      "d" : "1756461488732114071",
      "t" : 1756461488732,
      "tn" : 1756461488732114071,
      "q" : "0.1",
      "p" : "23.377",
      "s" : "buy",
      "i" : "LINKUSD-PERP",
      "m" : "4611686018439075734"
    }, {
      "d" : "1756461487950267720",
      "t" : 1756461487950,
      "tn" : 1756461487950267720,
      "q" : "0.1",
      "p" : "23.372",
      "s" : "buy",
      "i" : "LINKUSD-PERP",
      "m" : "4611686018439075733"
    }, {
      "d" : "1756461487458725743",
      "t" : 1756461487458,
      "tn" : 1756461487458725743,
      "q" : "0.1",
      "p" : "23.375",
      "s" : "sell",
      "i" : "LINKUSD-PERP",
      "m" : "4611686018439075732"
    }, {
      "d" : "1756461484158029092",
      "t" : 1756461484158,
      "tn" : 1756461484158029092,
      "q" : "0.1",
      "p" : "23.380",
      "s" : "sell",
      "i" : "LINKUSD-PERP",
      "m" : "4611686018439075731"
    }, {
      "d" : "1756461480150954633",
      "t" : 1756461480150,
      "tn" : 1756461480150954633,
      "q" : "0.1",
      "p" : "23.374",
      "s" : "sell",
      "i" : "LINKUSD-PERP",
      "m" : "4611686018439075730"
    }, {
      "d" : "1756461480066455838",
      "t" : 1756461480066,
      "tn" : 1756461480066455838,
      "q" : "0.1",
      "p" : "23.378",
      "s" : "sell",
      "i" : "LINKUSD-PERP",
      "m" : "4611686018439075729"
    }, {
      "d" : "1756461478309226897",
      "t" : 1756461478309,
      "tn" : 1756461478309226897,
      "q" : "0.1",
      "p" : "23.381",
      "s" : "sell",
      "i" : "LINKUSD-PERP",
      "m" : "4611686018439075728"
    }, {
      "d" : "1756461477956052426",
      "t" : 1756461477956,
      "tn" : 1756461477956052426,
      "q" : "0.1",
      "p" : "23.384",
      "s" : "buy",
      "i" : "LINKUSD-PERP",
      "m" : "4611686018439075727"
    }, {
      "d" : "1756461477955951151",
      "t" : 1756461477955,
      "tn" : 1756461477955951151,
      "q" : "42.7",
      "p" : "23.384",
      "s" : "buy",
      "i" : "LINKUSD-PERP",
      "m" : "4611686018439075726"
    }, {
      "d" : "1756461477955221816",
      "t" : 1756461477955,
      "tn" : 1756461477955221814,
      "q" : "100.0",
      "p" : "23.383",
      "s" : "buy",
      "i" : "LINKUSD-PERP",
      "m" : "4611686018439075725"
    }, {
      "d" : "1756461477955221815",
      "t" : 1756461477955,
      "tn" : 1756461477955221814,
      "q" : "30.0",
      "p" : "23.383",
      "s" : "buy",
      "i" : "LINKUSD-PERP",
      "m" : "4611686018439075725"
    }, {
      "d" : "1756461477955221814",
      "t" : 1756461477955,
      "tn" : 1756461477955221814,
      "q" : "12.8",
      "p" : "23.383",
      "s" : "buy",
      "i" : "LINKUSD-PERP",
      "m" : "4611686018439075725"
    }, {
      "d" : "1756461477954585694",
      "t" : 1756461477954,
      "tn" : 1756461477954585694,
      "q" : "0.1",
      "p" : "23.382",
      "s" : "buy",
      "i" : "LINKUSD-PERP",
      "m" : "4611686018439075724"
    }, {
      "d" : "1756461477954435924",
      "t" : 1756461477954,
      "tn" : 1756461477954435922,
      "q" : "38.9",
      "p" : "23.382",
      "s" : "buy",
      "i" : "LINKUSD-PERP",
      "m" : "4611686018439075723"
    }, {
      "d" : "1756461477954435923",
      "t" : 1756461477954,
      "tn" : 1756461477954435922,
      "q" : "50.0",
      "p" : "23.382",
      "s" : "buy",
      "i" : "LINKUSD-PERP",
      "m" : "4611686018439075723"
    }, {
      "d" : "1756461477954435922",
      "t" : 1756461477954,
      "tn" : 1756461477954435922,
      "q" : "50.0",
      "p" : "23.382",
      "s" : "buy",
      "i" : "LINKUSD-PERP",
      "m" : "4611686018439075723"
    }, {
      "d" : "1756461477954431964",
      "t" : 1756461477954,
      "tn" : 1756461477954431963,
      "q" : "0.1",
      "p" : "23.381",
      "s" : "buy",
      "i" : "LINKUSD-PERP",
      "m" : "4611686018439075722"
    }, {
      "d" : "1756461477954431963",
      "t" : 1756461477954,
      "tn" : 1756461477954431963,
      "q" : "30.0",
      "p" : "23.381",
      "s" : "buy",
      "i" : "LINKUSD-PERP",
      "m" : "4611686018439075722"
    }, {
      "d" : "1756461477862875028",
      "t" : 1756461477862,
      "tn" : 1756461477862875027,
      "q" : "1.2",
      "p" : "23.381",
      "s" : "buy",
      "i" : "LINKUSD-PERP",
      "m" : "4611686018439075721"
    }, {
      "d" : "1756461477862875027",
      "t" : 1756461477862,
      "tn" : 1756461477862875027,
      "q" : "0.1",
      "p" : "23.381",
      "s" : "buy",
      "i" : "LINKUSD-PERP",
      "m" : "4611686018439075721"
    }, {
      "d" : "1756461476561121023",
      "t" : 1756461476561,
      "tn" : 1756461476561121023,
      "q" : "0.1",
      "p" : "23.380",
      "s" : "sell",
      "i" : "LINKUSD-PERP",
      "m" : "4611686018439075720"
    }, {
      "d" : "1756461475596561946",
      "t" : 1756461475596,
      "tn" : 1756461475596561946,
      "q" : "0.1",
      "p" : "23.376",
      "s" : "buy",
      "i" : "LINKUSD-PERP",
      "m" : "4611686018439075719"
    }, {
      "d" : "1756461475596556367",
      "t" : 1756461475596,
      "tn" : 1756461475596556365,
      "q" : "49.9",
      "p" : "23.376",
      "s" : "buy",
      "i" : "LINKUSD-PERP",
      "m" : "4611686018439075718"
    }, {
      "d" : "1756461475596556366",
      "t" : 1756461475596,
      "tn" : 1756461475596556365,
      "q" : "50.0",
      "p" : "23.376",
      "s" : "buy",
      "i" : "LINKUSD-PERP",
      "m" : "4611686018439075718"
    }, {
      "d" : "1756461475596556365",
      "t" : 1756461475596,
      "tn" : 1756461475596556365,
      "q" : "1.2",
      "p" : "23.376",
      "s" : "buy",
      "i" : "LINKUSD-PERP",
      "m" : "4611686018439075718"
    }, {
      "d" : "1756461475596547193",
      "t" : 1756461475596,
      "tn" : 1756461475596547193,
      "q" : "0.1",
      "p" : "23.376",
      "s" : "buy",
      "i" : "LINKUSD-PERP",
      "m" : "4611686018439075717"
    }, {
      "d" : "1756461475594683700",
      "t" : 1756461475594,
      "tn" : 1756461475594683700,
      "q" : "0.1",
      "p" : "23.375",
      "s" : "buy",
      "i" : "LINKUSD-PERP",
      "m" : "4611686018439075716"
    }, {
      "d" : "1756461475594655500",
      "t" : 1756461475594,
      "tn" : 1756461475594655498,
      "q" : "29.9",
      "p" : "23.375",
      "s" : "buy",
      "i" : "LINKUSD-PERP",
      "m" : "4611686018439075715"
    }, {
      "d" : "1756461475594655499",
      "t" : 1756461475594,
      "tn" : 1756461475594655498,
      "q" : "30.4",
      "p" : "23.375",
      "s" : "buy",
      "i" : "LINKUSD-PERP",
      "m" : "4611686018439075715"
    }, {
      "d" : "1756461475594655498",
      "t" : 1756461475594,
      "tn" : 1756461475594655498,
      "q" : "100.0",
      "p" : "23.375",
      "s" : "buy",
      "i" : "LINKUSD-PERP",
      "m" : "4611686018439075715"
    }, {
      "d" : "1756461475592670901",
      "t" : 1756461475592,
      "tn" : 1756461475592670901,
      "q" : "30.0",
      "p" : "23.374",
      "s" : "buy",
      "i" : "LINKUSD-PERP",
      "m" : "4611686018439075714"
    }, {
      "d" : "1756461474103879403",
      "t" : 1756461474103,
      "tn" : 1756461474103879402,
      "q" : "0.1",
      "p" : "23.371",
      "s" : "buy",
      "i" : "LINKUSD-PERP",
      "m" : "4611686018439075713"
    }, {
      "d" : "1756461474103879402",
      "t" : 1756461474103,
      "tn" : 1756461474103879402,
      "q" : "12.2",
      "p" : "23.371",
      "s" : "buy",
      "i" : "LINKUSD-PERP",
      "m" : "4611686018439075713"
    }, {
      "d" : "1756461474043926671",
      "t" : 1756461474043,
      "tn" : 1756461474043926670,
      "q" : "50.0",
      "p" : "23.368",
      "s" : "buy",
      "i" : "LINKUSD-PERP",
      "m" : "4611686018439075712"
    }, {
      "d" : "1756461474043926670",
      "t" : 1756461474043,
      "tn" : 1756461474043926670,
      "q" : "50.0",
      "p" : "23.368",
      "s" : "buy",
      "i" : "LINKUSD-PERP",
      "m" : "4611686018439075712"
    }, {
      "d" : "1756461474043922793",
      "t" : 1756461474043,
      "tn" : 1756461474043922793,
      "q" : "0.1",
      "p" : "23.367",
      "s" : "buy",
      "i" : "LINKUSD-PERP",
      "m" : "4611686018439075711"
    }, {
      "d" : "1756461471035474270",
      "t" : 1756461471035,
      "tn" : 1756461471035474270,
      "q" : "0.1",
      "p" : "23.364",
      "s" : "buy",
      "i" : "LINKUSD-PERP",
      "m" : "4611686018439075710"
    }, {
      "d" : "1756461469803522286",
      "t" : 1756461469803,
      "tn" : 1756461469803522286,
      "q" : "0.1",
      "p" : "23.365",
      "s" : "sell",
      "i" : "LINKUSD-PERP",
      "m" : "4611686018439075709"
    }, {
      "d" : "1756461468971376400",
      "t" : 1756461468971,
      "tn" : 1756461468971376399,
      "q" : "50.0",
      "p" : "23.366",
      "s" : "buy",
      "i" : "LINKUSD-PERP",
      "m" : "4611686018439075708"
    }, {
      "d" : "1756461468971376399",
      "t" : 1756461468971,
      "tn" : 1756461468971376399,
      "q" : "50.0",
      "p" : "23.366",
      "s" : "buy",
      "i" : "LINKUSD-PERP",
      "m" : "4611686018439075708"
    }, {
      "d" : "1756461468971373192",
      "t" : 1756461468971,
      "tn" : 1756461468971373192,
      "q" : "0.1",
      "p" : "23.365",
      "s" : "buy",
      "i" : "LINKUSD-PERP",
      "m" : "4611686018439075707"
    }, {
      "d" : "1756461467394248896",
      "t" : 1756461467394,
      "tn" : 1756461467394248894,
      "q" : "10.7",
      "p" : "23.363",
      "s" : "buy",
      "i" : "LINKUSD-PERP",
      "m" : "4611686018439075706"
    }, {
      "d" : "1756461467394248895",
      "t" : 1756461467394,
      "tn" : 1756461467394248894,
      "q" : "1.6",
      "p" : "23.363",
      "s" : "buy",
      "i" : "LINKUSD-PERP",
      "m" : "4611686018439075706"
    }, {
      "d" : "1756461467394248894",
      "t" : 1756461467394,
      "tn" : 1756461467394248894,
      "q" : "30.0",
      "p" : "23.363",
      "s" : "buy",
      "i" : "LINKUSD-PERP",
      "m" : "4611686018439075706"
    }, {
      "d" : "1756461467394244399",
      "t" : 1756461467394,
      "tn" : 1756461467394244399,
      "q" : "0.1",
      "p" : "23.360",
      "s" : "buy",
      "i" : "LINKUSD-PERP",
      "m" : "4611686018439075705"
    }, {
      "d" : "1756461463199176301",
      "t" : 1756461463199,
      "tn" : 1756461463199176301,
      "q" : "30.0",
      "p" : "23.360",
      "s" : "buy",
      "i" : "LINKUSD-PERP",
      "m" : "4611686018439075704"
    }, {
      "d" : "1756461463135149745",
      "t" : 1756461463135,
      "tn" : 1756461463135149745,
      "q" : "50.0",
      "p" : "23.356",
      "s" : "buy",
      "i" : "LINKUSD-PERP",
      "m" : "4611686018439075703"
    }, {
      "d" : "1756461463132912262",
      "t" : 1756461463132,
      "tn" : 1756461463132912262,
      "q" : "10.0",
      "p" : "23.356",
      "s" : "buy",
      "i" : "LINKUSD-PERP",
      "m" : "4611686018439075702"
    }, {
      "d" : "1756461463130089230",
      "t" : 1756461463130,
      "tn" : 1756461463130089230,
      "q" : "29.9",
      "p" : "23.355",
      "s" : "buy",
      "i" : "LINKUSD-PERP",
      "m" : "4611686018439075701"
    }, {
      "d" : "1756461463128255853",
      "t" : 1756461463128,
      "tn" : 1756461463128255853,
      "q" : "0.1",
      "p" : "23.355",
      "s" : "buy",
      "i" : "LINKUSD-PERP",
      "m" : "4611686018439075700"
    }, {
      "d" : "1756461463128115847",
      "t" : 1756461463128,
      "tn" : 1756461463128115847,
      "q" : "29.9",
      "p" : "23.355",
      "s" : "buy",
      "i" : "LINKUSD-PERP",
      "m" : "4611686018439075699"
    }, {
      "d" : "1756461462104427355",
      "t" : 1756461462104,
      "tn" : 1756461462104427354,
      "q" : "1.6",
      "p" : "23.354",
      "s" : "buy",
      "i" : "LINKUSD-PERP",
      "m" : "4611686018439075698"
    }, {
      "d" : "1756461462104427354",
      "t" : 1756461462104,
      "tn" : 1756461462104427354,
      "q" : "0.1",
      "p" : "23.354",
      "s" : "buy",
      "i" : "LINKUSD-PERP",
      "m" : "4611686018439075698"
    }, {
      "d" : "1756461455821596659",
      "t" : 1756461455821,
      "tn" : 1756461455821596659,
      "q" : "0.1",
      "p" : "23.352",
      "s" : "sell",
      "i" : "LINKUSD-PERP",
      "m" : "4611686018439075697"
    }, {
      "d" : "1756461455275438662",
      "t" : 1756461455275,
      "tn" : 1756461455275438660,
      "q" : "30.0",
      "p" : "23.352",
      "s" : "buy",
      "i" : "LINKUSD-PERP",
      "m" : "4611686018439075696"
    }, {
      "d" : "1756461455275438661",
      "t" : 1756461455275,
      "tn" : 1756461455275438660,
      "q" : "0.1",
      "p" : "23.352",
      "s" : "buy",
      "i" : "LINKUSD-PERP",
      "m" : "4611686018439075696"
    }, {
      "d" : "1756461455275438660",
      "t" : 1756461455275,
      "tn" : 1756461455275438660,
      "q" : "100.0",
      "p" : "23.352",
      "s" : "buy",
      "i" : "LINKUSD-PERP",
      "m" : "4611686018439075696"
    }, {
      "d" : "1756461455274754516",
      "t" : 1756461455274,
      "tn" : 1756461455274754516,
      "q" : "0.1",
      "p" : "23.351",
      "s" : "buy",
      "i" : "LINKUSD-PERP",
      "m" : "4611686018439075695"
    }, {
      "d" : "1756461455274666304",
      "t" : 1756461455274,
      "tn" : 1756461455274666302,
      "q" : "38.9",
      "p" : "23.351",
      "s" : "buy",
      "i" : "LINKUSD-PERP",
      "m" : "4611686018439075694"
    }, {
      "d" : "1756461455274666303",
      "t" : 1756461455274,
      "tn" : 1756461455274666302,
      "q" : "50.0",
      "p" : "23.351",
      "s" : "buy",
      "i" : "LINKUSD-PERP",
      "m" : "4611686018439075694"
    }, {
      "d" : "1756461455274666302",
      "t" : 1756461455274,
      "tn" : 1756461455274666302,
      "q" : "50.0",
      "p" : "23.351",
      "s" : "buy",
      "i" : "LINKUSD-PERP",
      "m" : "4611686018439075694"
    }, {
      "d" : "1756461448536353870",
      "t" : 1756461448536,
      "tn" : 1756461448536353870,
      "q" : "0.1",
      "p" : "23.347",
      "s" : "sell",
      "i" : "LINKUSD-PERP",
      "m" : "4611686018439075693"
    }, {
      "d" : "1756461440979533681",
      "t" : 1756461440979,
      "tn" : 1756461440979533681,
      "q" : "0.1",
      "p" : "23.340",
      "s" : "buy",
      "i" : "LINKUSD-PERP",
      "m" : "4611686018439075692"
    }, {
      "d" : "1756461440960606552",
      "t" : 1756461440960,
      "tn" : 1756461440960606552,
      "q" : "30.0",
      "p" : "23.342",
      "s" : "buy",
      "i" : "LINKUSD-PERP",
      "m" : "4611686018439075691"
    }, {
      "d" : "1756461440960604902",
      "t" : 1756461440960,
      "tn" : 1756461440960604902,
      "q" : "0.1",
      "p" : "23.340",
      "s" : "buy",
      "i" : "LINKUSD-PERP",
      "m" : "4611686018439075690"
    }, {
      "d" : "1756461440839234611",
      "t" : 1756461440839,
      "tn" : 1756461440839234611,
      "q" : "0.5",
      "p" : "23.336",
      "s" : "buy",
      "i" : "LINKUSD-PERP",
      "m" : "4611686018439075689"
    }, {
      "d" : "1756461440839115141",
      "t" : 1756461440839,
      "tn" : 1756461440839115141,
      "q" : "0.5",
      "p" : "23.336",
      "s" : "buy",
      "i" : "LINKUSD-PERP",
      "m" : "4611686018439075688"
    }, {
      "d" : "1756461440839110298",
      "t" : 1756461440839,
      "tn" : 1756461440839110298,
      "q" : "0.5",
      "p" : "23.336",
      "s" : "buy",
      "i" : "LINKUSD-PERP",
      "m" : "4611686018439075687"
    }, {
      "d" : "1756461440839108087",
      "t" : 1756461440839,
      "tn" : 1756461440839108087,
      "q" : "0.5",
      "p" : "23.336",
      "s" : "buy",
      "i" : "LINKUSD-PERP",
      "m" : "4611686018439075686"
    }, {
      "d" : "1756461440839097150",
      "t" : 1756461440839,
      "tn" : 1756461440839097150,
      "q" : "0.5",
      "p" : "23.336",
      "s" : "buy",
      "i" : "LINKUSD-PERP",
      "m" : "4611686018439075685"
    }, {
      "d" : "1756461440838988859",
      "t" : 1756461440838,
      "tn" : 1756461440838988859,
      "q" : "0.5",
      "p" : "23.336",
      "s" : "buy",
      "i" : "LINKUSD-PERP",
      "m" : "4611686018439075684"
    }, {
      "d" : "1756461440838986686",
      "t" : 1756461440838,
      "tn" : 1756461440838986686,
      "q" : "0.5",
      "p" : "23.336",
      "s" : "buy",
      "i" : "LINKUSD-PERP",
      "m" : "4611686018439075683"
    }, {
      "d" : "1756461440838984339",
      "t" : 1756461440838,
      "tn" : 1756461440838984339,
      "q" : "0.5",
      "p" : "23.336",
      "s" : "buy",
      "i" : "LINKUSD-PERP",
      "m" : "4611686018439075682"
    }, {
      "d" : "1756461440838901920",
      "t" : 1756461440838,
      "tn" : 1756461440838901920,
      "q" : "0.5",
      "p" : "23.336",
      "s" : "buy",
      "i" : "LINKUSD-PERP",
      "m" : "4611686018439075681"
    }, {
      "d" : "1756461440838899952",
      "t" : 1756461440838,
      "tn" : 1756461440838899952,
      "q" : "0.5",
      "p" : "23.336",
      "s" : "buy",
      "i" : "LINKUSD-PERP",
      "m" : "4611686018439075680"
    }, {
      "d" : "1756461440838897291",
      "t" : 1756461440838,
      "tn" : 1756461440838897291,
      "q" : "0.5",
      "p" : "23.336",
      "s" : "buy",
      "i" : "LINKUSD-PERP",
      "m" : "4611686018439075679"
    }, {
      "d" : "1756461440838895164",
      "t" : 1756461440838,
      "tn" : 1756461440838895164,
      "q" : "0.5",
      "p" : "23.336",
      "s" : "buy",
      "i" : "LINKUSD-PERP",
      "m" : "4611686018439075678"
    }, {
      "d" : "1756461440838893343",
      "t" : 1756461440838,
      "tn" : 1756461440838893343,
      "q" : "0.5",
      "p" : "23.336",
      "s" : "buy",
      "i" : "LINKUSD-PERP",
      "m" : "4611686018439075677"
    }, {
      "d" : "1756461440838794767",
      "t" : 1756461440838,
      "tn" : 1756461440838794767,
      "q" : "0.5",
      "p" : "23.336",
      "s" : "buy",
      "i" : "LINKUSD-PERP",
      "m" : "4611686018439075676"
    }, {
      "d" : "1756461440838789808",
      "t" : 1756461440838,
      "tn" : 1756461440838789808,
      "q" : "0.5",
      "p" : "23.336",
      "s" : "buy",
      "i" : "LINKUSD-PERP",
      "m" : "4611686018439075675"
    }, {
      "d" : "1756461440835398017",
      "t" : 1756461440835,
      "tn" : 1756461440835398017,
      "q" : "10.7",
      "p" : "23.333",
      "s" : "buy",
      "i" : "LINKUSD-PERP",
      "m" : "4611686018439075674"
    }, {
      "d" : "1756461440834870402",
      "t" : 1756461440834,
      "tn" : 1756461440834870402,
      "q" : "0.1",
      "p" : "23.332",
      "s" : "buy",
      "i" : "LINKUSD-PERP",
      "m" : "4611686018439075673"
    }, {
      "d" : "1756461440834868349",
      "t" : 1756461440834,
      "tn" : 1756461440834868348,
      "q" : "100.0",
      "p" : "23.331",
      "s" : "buy",
      "i" : "LINKUSD-PERP",
      "m" : "4611686018439075672"
    }, {
      "d" : "1756461440834868348",
      "t" : 1756461440834,
      "tn" : 1756461440834868348,
      "q" : "1.9",
      "p" : "23.331",
      "s" : "buy",
      "i" : "LINKUSD-PERP",
      "m" : "4611686018439075672"
    }, {
      "d" : "1756461440834864137",
      "t" : 1756461440834,
      "tn" : 1756461440834864137,
      "q" : "30.0",
      "p" : "23.330",
      "s" : "buy",
      "i" : "LINKUSD-PERP",
      "m" : "4611686018439075671"
    }, {
      "d" : "1756461440833091332",
      "t" : 1756461440833,
      "tn" : 1756461440833091330,
      "q" : "50.0",
      "p" : "23.328",
      "s" : "buy",
      "i" : "LINKUSD-PERP",
      "m" : "4611686018439075670"
    }, {
      "d" : "1756461440833091331",
      "t" : 1756461440833,
      "tn" : 1756461440833091330,
      "q" : "50.0",
      "p" : "23.328",
      "s" : "buy",
      "i" : "LINKUSD-PERP",
      "m" : "4611686018439075670"
    }, {
      "d" : "1756461440833091330",
      "t" : 1756461440833,
      "tn" : 1756461440833091330,
      "q" : "0.1",
      "p" : "23.328",
      "s" : "buy",
      "i" : "LINKUSD-PERP",
      "m" : "4611686018439075670"
    }, {
      "d" : "1756461432971455334",
      "t" : 1756461432971,
      "tn" : 1756461432971455334,
      "q" : "0.1",
      "p" : "23.327",
      "s" : "sell",
      "i" : "LINKUSD-PERP",
      "m" : "4611686018439075669"
    }, {
      "d" : "1756461430224354419",
      "t" : 1756461430224,
      "tn" : 1756461430224354419,
      "q" : "5.0",
      "p" : "23.325",
      "s" : "sell",
      "i" : "LINKUSD-PERP",
      "m" : "4611686018439075668"
    }, {
      "d" : "1756461430224352667",
      "t" : 1756461430224,
      "tn" : 1756461430224352667,
      "q" : "0.1",
      "p" : "23.326",
      "s" : "sell",
      "i" : "LINKUSD-PERP",
      "m" : "4611686018439075667"
    }, {
      "d" : "1756461430167625810",
      "t" : 1756461430167,
      "tn" : 1756461430167625810,
      "q" : "0.1",
      "p" : "23.325",
      "s" : "buy",
      "i" : "LINKUSD-PERP",
      "m" : "4611686018439075666"
    }, {
      "d" : "1756461429177944382",
      "t" : 1756461429177,
      "tn" : 1756461429177944382,
      "q" : "0.1",
      "p" : "23.320",
      "s" : "sell",
      "i" : "LINKUSD-PERP",
      "m" : "4611686018439075665"
    }, {
      "d" : "1756461429088809386",
      "t" : 1756461429088,
      "tn" : 1756461429088809386,
      "q" : "0.1",
      "p" : "23.317",
      "s" : "buy",
      "i" : "LINKUSD-PERP",
      "m" : "4611686018439075664"
    }, {
      "d" : "1756461429077988326",
      "t" : 1756461429077,
      "tn" : 1756461429077988325,
      "q" : "50.0",
      "p" : "23.317",
      "s" : "buy",
      "i" : "LINKUSD-PERP",
      "m" : "4611686018439075663"
    }, {
      "d" : "1756461429077988325",
      "t" : 1756461429077,
      "tn" : 1756461429077988325,
      "q" : "50.0",
      "p" : "23.317",
      "s" : "buy",
      "i" : "LINKUSD-PERP",
      "m" : "4611686018439075663"
    }, {
      "d" : "1756461428902128528",
      "t" : 1756461428902,
      "tn" : 1756461428902128528,
      "q" : "0.1",
      "p" : "23.314",
      "s" : "buy",
      "i" : "LINKUSD-PERP",
      "m" : "4611686018439075662"
    }, {
      "d" : "1756461425826750389",
      "t" : 1756461425826,
      "tn" : 1756461425826750389,
      "q" : "0.1",
      "p" : "23.314",
      "s" : "sell",
      "i" : "LINKUSD-PERP",
      "m" : "4611686018439075661"
    }, {
      "d" : "1756461423529302007",
      "t" : 1756461423529,
      "tn" : 1756461423529302007,
      "q" : "0.1",
      "p" : "23.312",
      "s" : "sell",
      "i" : "LINKUSD-PERP",
      "m" : "4611686018439075660"
    }, {
      "d" : "1756461423435768117",
      "t" : 1756461423435,
      "tn" : 1756461423435768117,
      "q" : "0.1",
      "p" : "23.315",
      "s" : "sell",
      "i" : "LINKUSD-PERP",
      "m" : "4611686018439075659"
    }, {
      "d" : "1756461420548706301",
      "t" : 1756461420548,
      "tn" : 1756461420548706301,
      "q" : "0.1",
      "p" : "23.318",
      "s" : "sell",
      "i" : "LINKUSD-PERP",
      "m" : "4611686018439075658"
    }, {
      "d" : "1756461420467369101",
      "t" : 1756461420467,
      "tn" : 1756461420467369101,
      "q" : "0.1",
      "p" : "23.320",
      "s" : "sell",
      "i" : "LINKUSD-PERP",
      "m" : "4611686018439075657"
    }, {
      "d" : "1756461417304861142",
      "t" : 1756461417304,
      "tn" : 1756461417304861141,
      "q" : "10.6",
      "p" : "23.322",
      "s" : "buy",
      "i" : "LINKUSD-PERP",
      "m" : "4611686018439075656"
    }, {
      "d" : "1756461417304861141",
      "t" : 1756461417304,
      "tn" : 1756461417304861141,
      "q" : "0.1",
      "p" : "23.322",
      "s" : "buy",
      "i" : "LINKUSD-PERP",
      "m" : "4611686018439075656"
    }, {
      "d" : "1756461411509040984",
      "t" : 1756461411509,
      "tn" : 1756461411509040983,
      "q" : "3.2",
      "p" : "23.321",
      "s" : "buy",
      "i" : "LINKUSD-PERP",
      "m" : "4611686018439075655"
    } ]
  }
}