{
  "id" : -1,
  "method" : "public/get-trades",
  "code" : 0,
  "result" : {
    "data" : [ {
      "d" : "1756461541733390293",
      "t" : 1756461541733,
      "tn" : 1756461541733390293,
      "q" : "0.08",
      "p" : "23.382",
      "s" : "buy",
      "i" : "LINK_USDT",
      "m" : "4611686018444015710"
    }, {
      "d" : "1756461529326560072",
      "t" : 1756461529326,
      "tn" : 1756461529326560072,
      "q" : "1.77",
      "p" : "23.366",
      "s" : "sell",
      "i" : "LINK_USDT",
      "m" : "4611686018444015709"
    }, {
      "d" : "1756461517109353865",
      "t" : 1756461517109,
      "tn" : 1756461517109353865,
      "q" : "0.08",
      "p" : "23.374",
      "s" : "buy",
      "i" : "LINK_USDT",
      "m" : "4611686018444015708"
    }, {
      "d" : "1756461491858710078",
      "t" : 1756461491858,
      "tn" : 1756461491858710078,
      "q" : "0.05",
      "p" : "23.374",
      "s" : "sell",
      "i" : "LINK_USDT",
      "m" : "4611686018444015707"
    }, {
      "d" : "1756461477955948155",
      "t" : 1756461477955,
      "tn" : 1756461477955948155,
      "q" : "100.01",
      "p" : "23.381",
      "s" : "buy",
      "i" : "LINK_USDT",
      "m" : "4611686018444015706"
    }, {
      "d" : "1756461477955707990",
      "t" : 1756461477955,
      "tn" : 1756461477955707989,
      "q" : "30.02",
      "p" : "23.381",
      "s" : "buy",
      "i" : "LINK_USDT",
      "m" : "4611686018444015705"
    }, {
      "d" : "1756461477955707989",
      "t" : 1756461477955,
      "tn" : 1756461477955707989,
      "q" : "0.08",
      "p" : "23.381",
      "s" : "buy",
      "i" : "LINK_USDT",
      "m" : "4611686018444015705"
    }, {
      "d" : "1756461475595245277",
      "t" : 1756461475595,
      "tn" : 1756461475595245277,
      "q" : "29.91",
      "p" : "23.374",
      "s" : "buy",
      "i" : "LINK_USDT",
      "m" : "4611686018444015704"
    }, {
      "d" : "1756461475595239981",
      "t" : 1756461475595,
      "tn" : 1756461475595239981,
      "q" : "90.24",
      "p" : "23.374",
      "s" : "buy",
      "i" : "LINK_USDT",
      "m" : "4611686018444015703"
    }, {
      "d" : "1756461475595238640",
      "t" : 1756461475595,
      "tn" : 1756461475595238640,
      "q" : "9.78",
      "p" : "23.373",
      "s" : "buy",
      "i" : "LINK_USDT",
      "m" : "4611686018444015702"
    }, {
      "d" : "1756461463199716470",
      "t" : 1756461463199,
      "tn" : 1756461463199716470,
      "q" : "29.92",
      "p" : "23.359",
      "s" : "buy",
      "i" : "LINK_USDT",
      "m" : "4611686018444015701"
    }, {
      "d" : "1756461463199714755",
      "t" : 1756461463199,
      "tn" : 1756461463199714755,
      "q" : "0.08",
      "p" : "23.355",
      "s" : "buy",
      "i" : "LINK_USDT",
      "m" : "4611686018444015700"
    }, {
      "d" : "1756461455276263377",
      "t" : 1756461455276,
      "tn" : 1756461455276263376,
      "q" : "20.23",
      "p" : "23.351",
      "s" : "buy",
      "i" : "LINK_USDT",
      "m" : "4611686018444015699"
    }, {
      "d" : "1756461455276263376",
      "t" : 1756461455276,
      "tn" : 1756461455276263376,
      "q" : "9.78",
      "p" : "23.351",
      "s" : "buy",
      "i" : "LINK_USDT",
      "m" : "4611686018444015699"
    }, {
      "d" : "1756461455276151182",
      "t" : 1756461455276,
      "tn" : 1756461455276151182,
      "q" : "99.93",
      "p" : "23.350",
      "s" : "buy",
      "i" : "LINK_USDT",
      "m" : "4611686018444015698"
    }, {
      "d" : "1756461455276149338",
      "t" : 1756461455276,
      "tn" : 1756461455276149338,
      "q" : "0.08",
      "p" : "23.346",
      "s" : "buy",
      "i" : "LINK_USDT",
      "m" : "4611686018444015697"
    }, {
      "d" : "1756461448550027261",
      "t" : 1756461448550,
      "tn" : 1756461448550027261,
      "q" : "16.19",
      "p" : "23.344",
      "s" : "sell",
      "i" : "LINK_USDT",
      "m" : "4611686018444015696"
    }, {
      "d" : "1756461440961378437",
      "t" : 1756461440961,
      "tn" : 1756461440961378437,
      "q" : "30.00",
      "p" : "23.338",
      "s" : "buy",
      "i" : "LINK_USDT",
      "m" : "4611686018444015695"
    }, {
      "d" : "1756461440835753640",
      "t" : 1756461440835,
      "tn" : 1756461440835753638,
      "q" : "87.53",
      "p" : "23.328",
      "s" : "buy",
      "i" : "LINK_USDT",
      "m" : "4611686018444015694"
    }, {
      "d" : "1756461440835753639",
      "t" : 1756461440835,
      "tn" : 1756461440835753638,
      "q" : "2.57",
      "p" : "23.328",
      "s" : "buy",
      "i" : "LINK_USDT",
      "m" : "4611686018444015694"
    }, {
      "d" : "1756461440835753638",
      "t" : 1756461440835,
      "tn" : 1756461440835753638,
      "q" : "9.91",
      "p" : "23.328",
      "s" : "buy",
      "i" : "LINK_USDT",
      "m" : "4611686018444015694"
    }, {
      "d" : "1756461440835675545",
      "t" : 1756461440835,
      "tn" : 1756461440835675545,
      "q" : "29.92",
      "p" : "23.328",
      "s" : "buy",
      "i" : "LINK_USDT",
      "m" : "4611686018444015693"
    }, {
      "d" : "1756461440835673823",
      "t" : 1756461440835,
      "tn" : 1756461440835673823,
      "q" : "0.08",
      "p" : "23.327",
      "s" : "buy",
      "i" : "LINK_USDT",
      "m" : "4611686018444015692"
    }, {
      "d" : "1756461426444612575",
      "t" : 1756461426444,
      "tn" : 1756461426444612575,
      "q" : "2.57",
      "p" : "23.311",
      "s" : "buy",
      "i" : "LINK_USDT",
      "m" : "4611686018444015691"
    }, {
      "d" : "1756461420521445370",
      "t" : 1756461420521,
      "tn" : 1756461420521445370,
      "q" : "9.78",
      "p" : "23.314",
      "s" : "sell",
      "i" : "LINK_USDT",
      "m" : "4611686018444015690"
    }, {
      "d" : "1756461411509114390",
      "t" : 1756461411509,
      "tn" : 1756461411509114390,
      "q" : "4.28",
      "p" : "23.318",
      "s" : "buy",
      "i" : "LINK_USDT",
      "m" : "4611686018444015689"
    }, {
      "d" : "1756461408625832201",
      "t" : 1756461408625,
      "tn" : 1756461408625832201,
      "q" : "30.18",
      "p" : "23.315",
      "s" : "sell",
      "i" : "LINK_USDT",
      "m" : "4611686018444015688"
    }, {
      "d" : "1756461407298616766",
      "t" : 1756461407298,
      "tn" : 1756461407298616766,
      "q" : "14.00",
      "p" : "23.318",
      "s" : "buy",
      "i" : "LINK_USDT",
      "m" : "4611686018444015687"
    }, {
      "d" : "1756461407298445424",
      "t" : 1756461407298,
      "tn" : 1756461407298445423,
      "q" : "3.28",
      "p" : "23.318",
      "s" : "buy",
      "i" : "LINK_USDT",
      "m" : "4611686018444015686"
    }, {
      "d" : "1756461407298445423",
      "t" : 1756461407298,
      "tn" : 1756461407298445423,
      "q" : "19.61",
      "p" : "23.318",
      "s" : "buy",
      "i" : "LINK_USDT",
      "m" : "4611686018444015686"
    }, {
      "d" : "1756461407298379849",
      "t" : 1756461407298,
      "tn" : 1756461407298379849,
      "q" : "19.10",
      "p" : "23.318",
      "s" : "buy",
      "i" : "LINK_USDT",
      "m" : "4611686018444015685"
    }, {
      "d" : "1756461407298311805",
      "t" : 1756461407298,
      "tn" : 1756461407298311805,
      "q" : "10.91",
      "p" : "23.318",
      "s" : "buy",
      "i" : "LINK_USDT",
      "m" : "4611686018444015684"
    }, {
      "d" : "1756461407223168169",
      "t" : 1756461407223,
      "tn" : 1756461407223168169,
      "q" : "2.16",
      "p" : "23.314",
      "s" : "buy",
      "i" : "LINK_USDT",
      "m" : "4611686018444015683"
    }, {
      "d" : "1756461403893312627",
      "t" : 1756461403893,
      "tn" : 1756461403893312627,
      "q" : "20.00",
      "p" : "23.308",
      "s" : "buy",
      "i" : "LINK_USDT",
      "m" : "4611686018444015682"
    }, {
      "d" : "1756461403892195274",
      "t" : 1756461403892,
      "tn" : 1756461403892195274,
      "q" : "20.00",
      "p" : "23.308",
      "s" : "buy",
      "i" : "LINK_USDT",
      "m" : "4611686018444015681"
    }, {
      "d" : "1756461403890761561",
      "t" : 1756461403890,
      "tn" : 1756461403890761561,
      "q" : "10.22",
      "p" : "23.308",
      "s" : "buy",
      "i" : "LINK_USDT",
      "m" : "4611686018444015680"
    }, {
      "d" : "1756461403890256910",
      "t" : 1756461403890,
      "tn" : 1756461403890256910,
      "q" : "29.99",
      "p" : "23.308",
      "s" : "buy",
      "i" : "LINK_USDT",
      "m" : "4611686018444015679"
    }, {
      "d" : "1756461402989680944",
      "t" : 1756461402989,
      "tn" : 1756461402989680944,
      "q" : "0.43",
      "p" : "23.299",
      "s" : "buy",
      "i" : "LINK_USDT",
      "m" : "4611686018444015678"
    }, {
      "d" : "1756461400797787695",
      "t" : 1756461400797,
      "tn" : 1756461400797787695,
      "q" : "10.31",
      "p" : "23.298",
      "s" : "sell",
      "i" : "LINK_USDT",
      "m" : "4611686018444015677"
    }, {
      "d" : "1756461400547194148",
      "t" : 1756461400547,
      "tn" : 1756461400547194148,
      "q" : "13.79",
      "p" : "23.298",
      "s" : "sell",
      "i" : "LINK_USDT",
      "m" : "4611686018444015676"
    }, {
      "d" : "1756461400054424191",
      "t" : 1756461400054,
      "tn" : 1756461400054424191,
      "q" : "12.03",
      "p" : "23.298",
      "s" : "sell",
      "i" : "LINK_USDT",
      "m" : "4611686018444015675"
    }, {
      "d" : "1756461399911121388",
      "t" : 1756461399911,
      "tn" : 1756461399911121388,
      "q" : "9.38",
      "p" : "23.298",
      "s" : "sell",
      "i" : "LINK_USDT",
      "m" : "4611686018444015674"
    }, {
      "d" : "1756461390220580522",
      "t" : 1756461390220,
      "tn" : 1756461390220580522,
      "q" : "4.29",
      "p" : "23.294",
      "s" : "buy",
      "i" : "LINK_USDT",
      "m" : "4611686018444015673"
    }, {
      "d" : "1756461386486842312",
      "t" : 1756461386486,
      "tn" : 1756461386486842312,
      "q" : "9.78",
      "p" : "23.271",
      "s" : "buy",
      "i" : "LINK_USDT",
      "m" : "4611686018444015672"
    }, {
      "d" : "1756461385967870928",
      "t" : 1756461385967,
      "tn" : 1756461385967870928,
      "q" : "37.97",
      "p" : "23.338",
      "s" : "buy",
      "i" : "LINK_USDT",
      "m" : "4611686018444015671"
    }, {
      "d" : "1756461385967869432",
      "t" : 1756461385967,
      "tn" : 1756461385967869432,
      "q" : "9.78",
      "p" : "23.329",
      "s" : "buy",
      "i" : "LINK_USDT",
      "m" : "4611686018444015670"
    }, {
      "d" : "1756461385967867944",
      "t" : 1756461385967,
      "tn" : 1756461385967867942,
      "q" : "0.43",
      "p" : "23.328",
      "s" : "buy",
      "i" : "LINK_USDT",
      "m" : "4611686018444015669"
    }, {
      "d" : "1756461385967867943",
      "t" : 1756461385967,
      "tn" : 1756461385967867942,
      "q" : "42.95",
      "p" : "23.328",
      "s" : "buy",
      "i" : "LINK_USDT",
      "m" : "4611686018444015669"
    }, {
      "d" : "1756461385967867942",
      "t" : 1756461385967,
      "tn" : 1756461385967867942,
      "q" : "59.31",
      "p" : "23.328",
      "s" : "buy",
      "i" : "LINK_USDT",
      "m" : "4611686018444015669"
    }, {
      "d" : "1756461385955074889",
      "t" : 1756461385955,
      "tn" : 1756461385955074889,
      "q" : "9.78",
      "p" : "23.328",
      "s" : "buy",
      "i" : "LINK_USDT",
      "m" : "4611686018444015668"
    }, {
      "d" : "1756461385955073469",
      "t" : 1756461385955,
      "tn" : 1756461385955073469,
      "q" : "59.31",
      "p" : "23.325",
      "s" : "buy",
      "i" : "LINK_USDT",
      "m" : "4611686018444015667"
    }, {
      "d" : "1756461385955072901",
      "t" : 1756461385955,
      "tn" : 1756461385955072900,
      "q" : "9.78",
      "p" : "23.319",
      "s" : "buy",
      "i" : "LINK_USDT",
      "m" : "4611686018444015666"
    }, {
      "d" : "1756461385955072900",
      "t" : 1756461385955,
      "tn" : 1756461385955072900,
      "q" : "0.43",
      "p" : "23.319",
      "s" : "buy",
      "i" : "LINK_USDT",
      "m" : "4611686018444015666"
    }, {
      "d" : "1756461385945092683",
      "t" : 1756461385945,
      "tn" : 1756461385945092683,
      "q" : "4.13",
      "p" : "23.339",
      "s" : "buy",
      "i" : "LINK_USDT",
      "m" : "4611686018444015665"
    }, {
      "d" : "1756461385945091153",
      "t" : 1756461385945,
      "tn" : 1756461385945091153,
      "q" : "17.79",
      "p" : "23.338",
      "s" : "buy",
      "i" : "LINK_USDT",
      "m" : "4611686018444015664"
    }, {
      "d" : "1756461385945089642",
      "t" : 1756461385945,
      "tn" : 1756461385945089642,
      "q" : "9.78",
      "p" : "23.337",
      "s" : "buy",
      "i" : "LINK_USDT",
      "m" : "4611686018444015663"
    }, {
      "d" : "1756461385945088867",
      "t" : 1756461385945,
      "tn" : 1756461385945088866,
      "q" : "21.97",
      "p" : "23.331",
      "s" : "buy",
      "i" : "LINK_USDT",
      "m" : "4611686018444015662"
    }, {
      "d" : "1756461385945088866",
      "t" : 1756461385945,
      "tn" : 1756461385945088866,
      "q" : "59.31",
      "p" : "23.331",
      "s" : "buy",
      "i" : "LINK_USDT",
      "m" : "4611686018444015662"
    }, {
      "d" : "1756461385945085713",
      "t" : 1756461385945,
      "tn" : 1756461385945085713,
      "q" : "9.78",
      "p" : "23.329",
      "s" : "buy",
      "i" : "LINK_USDT",
      "m" : "4611686018444015661"
    }, {
      "d" : "1756461385945085133",
      "t" : 1756461385945,
      "tn" : 1756461385945085133,
      "q" : "0.43",
      "p" : "23.321",
      "s" : "buy",
      "i" : "LINK_USDT",
      "m" : "4611686018444015660"
    }, {
      "d" : "1756461385945084612",
      "t" : 1756461385945,
      "tn" : 1756461385945084612,
      "q" : "9.78",
      "p" : "23.320",
      "s" : "buy",
      "i" : "LINK_USDT",
      "m" : "4611686018444015659"
    }, {
      "d" : "1756461385929542648",
      "t" : 1756461385929,
      "tn" : 1756461385929542648,
      "q" : "29.40",
      "p" : "23.293",
      "s" : "sell",
      "i" : "LINK_USDT",
      "m" : "4611686018444015658"
    }, {
      "d" : "1756461385929471472",
      "t" : 1756461385929,
      "tn" : 1756461385929471472,
      "q" : "16.82",
      "p" : "23.293",
      "s" : "sell",
      "i" : "LINK_USDT",
      "m" : "4611686018444015657"
    }, {
      "d" : "1756461385929470705",
      "t" : 1756461385929,
      "tn" : 1756461385929470705,
      "q" : "9.78",
      "p" : "23.294",
      "s" : "sell",
      "i" : "LINK_USDT",
      "m" : "4611686018444015656"
    }, {
      "d" : "1756461385928998768",
      "t" : 1756461385928,
      "tn" : 1756461385928998768,
      "q" : "0.05",
      "p" : "23.330",
      "s" : "sell",
      "i" : "LINK_USDT",
      "m" : "4611686018444015655"
    }, {
      "d" : "1756461385927956106",
      "t" : 1756461385927,
      "tn" : 1756461385927956106,
      "q" : "12.16",
      "p" : "23.328",
      "s" : "sell",
      "i" : "LINK_USDT",
      "m" : "4611686018444015654"
    }, {
      "d" : "1756461385927833548",
      "t" : 1756461385927,
      "tn" : 1756461385927833548,
      "q" : "9.78",
      "p" : "23.328",
      "s" : "sell",
      "i" : "LINK_USDT",
      "m" : "4611686018444015653"
    }, {
      "d" : "1756461385926745891",
      "t" : 1756461385926,
      "tn" : 1756461385926745891,
      "q" : "6.84",
      "p" : "23.323",
      "s" : "sell",
      "i" : "LINK_USDT",
      "m" : "4611686018444015652"
    }, {
      "d" : "1756461385926610596",
      "t" : 1756461385926,
      "tn" : 1756461385926610596,
      "q" : "2.68",
      "p" : "23.330",
      "s" : "sell",
      "i" : "LINK_USDT",
      "m" : "4611686018444015651"
    }, {
      "d" : "1756461385926517519",
      "t" : 1756461385926,
      "tn" : 1756461385926517519,
      "q" : "19.52",
      "p" : "23.330",
      "s" : "sell",
      "i" : "LINK_USDT",
      "m" : "4611686018444015650"
    }, {
      "d" : "1756461385926410662",
      "t" : 1756461385926,
      "tn" : 1756461385926410662,
      "q" : "9.79",
      "p" : "23.330",
      "s" : "sell",
      "i" : "LINK_USDT",
      "m" : "4611686018444015649"
    }, {
      "d" : "1756461385926211530",
      "t" : 1756461385926,
      "tn" : 1756461385926211529,
      "q" : "2.01",
      "p" : "23.330",
      "s" : "sell",
      "i" : "LINK_USDT",
      "m" : "4611686018444015648"
    }, {
      "d" : "1756461385926211529",
      "t" : 1756461385926,
      "tn" : 1756461385926211529,
      "q" : "34.42",
      "p" : "23.330",
      "s" : "sell",
      "i" : "LINK_USDT",
      "m" : "4611686018444015648"
    }, {
      "d" : "1756461385925766114",
      "t" : 1756461385925,
      "tn" : 1756461385925766114,
      "q" : "38.57",
      "p" : "23.329",
      "s" : "sell",
      "i" : "LINK_USDT",
      "m" : "4611686018444015647"
    }, {
      "d" : "1756461385925759589",
      "t" : 1756461385925,
      "tn" : 1756461385925759589,
      "q" : "0.05",
      "p" : "23.340",
      "s" : "sell",
      "i" : "LINK_USDT",
      "m" : "4611686018444015646"
    }, {
      "d" : "1756461385923533148",
      "t" : 1756461385923,
      "tn" : 1756461385923533146,
      "q" : "56.38",
      "p" : "23.330",
      "s" : "sell",
      "i" : "LINK_USDT",
      "m" : "4611686018444015645"
    }, {
      "d" : "1756461385923533147",
      "t" : 1756461385923,
      "tn" : 1756461385923533146,
      "q" : "8.77",
      "p" : "23.330",
      "s" : "sell",
      "i" : "LINK_USDT",
      "m" : "4611686018444015645"
    }, {
      "d" : "1756461385923533146",
      "t" : 1756461385923,
      "tn" : 1756461385923533146,
      "q" : "25.07",
      "p" : "23.330",
      "s" : "sell",
      "i" : "LINK_USDT",
      "m" : "4611686018444015645"
    }, {
      "d" : "1756461385923530033",
      "t" : 1756461385923,
      "tn" : 1756461385923530033,
      "q" : "9.78",
      "p" : "23.332",
      "s" : "sell",
      "i" : "LINK_USDT",
      "m" : "4611686018444015644"
    }, {
      "d" : "1756461385923244912",
      "t" : 1756461385923,
      "tn" : 1756461385923244912,
      "q" : "17.79",
      "p" : "23.337",
      "s" : "sell",
      "i" : "LINK_USDT",
      "m" : "4611686018444015643"
    }, {
      "d" : "1756461385923241719",
      "t" : 1756461385923,
      "tn" : 1756461385923241719,
      "q" : "9.78",
      "p" : "23.338",
      "s" : "sell",
      "i" : "LINK_USDT",
      "m" : "4611686018444015642"
    }, {
      "d" : "1756461385923239481",
      "t" : 1756461385923,
      "tn" : 1756461385923239481,
      "q" : "20.94",
      "p" : "23.339",
      "s" : "sell",
      "i" : "LINK_USDT",
      "m" : "4611686018444015641"
    }, {
      "d" : "1756461385923236890",
      "t" : 1756461385923,
      "tn" : 1756461385923236890,
      "q" : "115.56",
      "p" : "23.341",
      "s" : "sell",
      "i" : "LINK_USDT",
      "m" : "4611686018444015640"
    }, {
      "d" : "1756461385923231586",
      "t" : 1756461385923,
      "tn" : 1756461385923231586,
      "q" : "9.78",
      "p" : "23.343",
      "s" : "sell",
      "i" : "LINK_USDT",
      "m" : "4611686018444015639"
    }, {
      "d" : "1756461385923229123",
      "t" : 1756461385923,
      "tn" : 1756461385923229121,
      "q" : "12.84",
      "p" : "23.346",
      "s" : "sell",
      "i" : "LINK_USDT",
      "m" : "4611686018444015638"
    }, {
      "d" : "1756461385923229122",
      "t" : 1756461385923,
      "tn" : 1756461385923229121,
      "q" : "33.52",
      "p" : "23.346",
      "s" : "sell",
      "i" : "LINK_USDT",
      "m" : "4611686018444015638"
    }, {
      "d" : "1756461385923229121",
      "t" : 1756461385923,
      "tn" : 1756461385923229121,
      "q" : "9.78",
      "p" : "23.346",
      "s" : "sell",
      "i" : "LINK_USDT",
      "m" : "4611686018444015638"
    }, {
      "d" : "1756461385923223855",
      "t" : 1756461385923,
      "tn" : 1756461385923223855,
      "q" : "12.99",
      "p" : "23.347",
      "s" : "sell",
      "i" : "LINK_USDT",
      "m" : "4611686018444015637"
    }, {
      "d" : "1756461385923220978",
      "t" : 1756461385923,
      "tn" : 1756461385923220977,
      "q" : "9.78",
      "p" : "23.349",
      "s" : "sell",
      "i" : "LINK_USDT",
      "m" : "4611686018444015636"
    }, {
      "d" : "1756461385923220977",
      "t" : 1756461385923,
      "tn" : 1756461385923220977,
      "q" : "14.60",
      "p" : "23.349",
      "s" : "sell",
      "i" : "LINK_USDT",
      "m" : "4611686018444015636"
    }, {
      "d" : "1756461385922760498",
      "t" : 1756461385922,
      "tn" : 1756461385922760497,
      "q" : "4.28",
      "p" : "23.351",
      "s" : "sell",
      "i" : "LINK_USDT",
      "m" : "4611686018444015635"
    }, {
      "d" : "1756461385922760497",
      "t" : 1756461385922,
      "tn" : 1756461385922760497,
      "q" : "139.62",
      "p" : "23.351",
      "s" : "sell",
      "i" : "LINK_USDT",
      "m" : "4611686018444015635"
    }, {
      "d" : "1756461385922759782",
      "t" : 1756461385922,
      "tn" : 1756461385922759782,
      "q" : "44.82",
      "p" : "23.352",
      "s" : "sell",
      "i" : "LINK_USDT",
      "m" : "4611686018444015634"
    }, {
      "d" : "1756461385922759209",
      "t" : 1756461385922,
      "tn" : 1756461385922759209,
      "q" : "0.05",
      "p" : "23.354",
      "s" : "sell",
      "i" : "LINK_USDT",
      "m" : "4611686018444015633"
    }, {
      "d" : "1756461382499958278",
      "t" : 1756461382499,
      "tn" : 1756461382499958278,
      "q" : "0.05",
      "p" : "23.358",
      "s" : "sell",
      "i" : "LINK_USDT",
      "m" : "4611686018444015632"
    }, {
      "d" : "1756461382499954426",
      "t" : 1756461382499,
      "tn" : 1756461382499954426,
      "q" : "0.05",
      "p" : "23.358",
      "s" : "sell",
      "i" : "LINK_USDT",
      "m" : "4611686018444015631"
    }, {
      "d" : "1756461382499739062",
      "t" : 1756461382499,
      "tn" : 1756461382499739062,
      "q" : "0.05",
      "p" : "23.358",
      "s" : "sell",
      "i" : "LINK_USDT",
      "m" : "4611686018444015630"
    }, {
      "d" : "1756461382499588064",
      "t" : 1756461382499,
      "tn" : 1756461382499588064,
      "q" : "0.05",
      "p" : "23.358",
      "s" : "sell",
      "i" : "LINK_USDT",
      "m" : "4611686018444015629"
    }, {
      "d" : "1756461382499585843",
      "t" : 1756461382499,
      "tn" : 1756461382499585843,
      "q" : "0.05",
      "p" : "23.358",
      "s" : "sell",
      "i" : "LINK_USDT",
      "m" : "4611686018444015628"
    }, {
      "d" : "1756461382499583472",
      "t" : 1756461382499,
      "tn" : 1756461382499583472,
      "q" : "0.05",
      "p" : "23.358",
      "s" : "sell",
      "i" : "LINK_USDT",
      "m" : "4611686018444015627"
    }, {
      "d" : "1756461382499424040",
      "t" : 1756461382499,
      "tn" : 1756461382499424040,
      "q" : "0.05",
      "p" : "23.358",
      "s" : "sell",
      "i" : "LINK_USDT",
      "m" : "4611686018444015626"
    }, {
      "d" : "1756461382499423357",
      "t" : 1756461382499,
      "tn" : 1756461382499423357,
      "q" : "0.05",
      "p" : "23.358",
      "s" : "sell",
      "i" : "LINK_USDT",
      "m" : "4611686018444015625"
    }, {
      "d" : "1756461382499386863",
      "t" : 1756461382499,
      "tn" : 1756461382499386863,
      "q" : "0.05",
      "p" : "23.358",
      "s" : "sell",
      "i" : "LINK_USDT",
      "m" : "4611686018444015624"
    }, {
      "d" : "1756461382499386202",
      "t" : 1756461382499,
      "tn" : 1756461382499386202,
      "q" : "0.05",
      "p" : "23.358",
      "s" : "sell",
      "i" : "LINK_USDT",
      "m" : "4611686018444015623"
    }, {
      "d" : "1756461382499381120",
      "t" : 1756461382499,
      "tn" : 1756461382499381120,
      "q" : "0.05",
      "p" : "23.358",
      "s" : "sell",
      "i" : "LINK_USDT",
      "m" : "4611686018444015622"
    }, {
      "d" : "1756461382499380591",
      "t" : 1756461382499,
      "tn" : 1756461382499380591,
      "q" : "0.05",
      "p" : "23.358",
      "s" : "sell",
      "i" : "LINK_USDT",
      "m" : "4611686018444015621"
    }, {
      "d" : "1756461382499151156",
      "t" : 1756461382499,
      "tn" : 1756461382499151156,
      "q" : "0.05",
      "p" : "23.358",
      "s" : "sell",
      "i" : "LINK_USDT",
      "m" : "4611686018444015620"
    }, {
      "d" : "1756461382499146517",
      "t" : 1756461382499,
      "tn" : 1756461382499146517,
      "q" : "0.05",
      "p" : "23.358",
      "s" : "sell",
      "i" : "LINK_USDT",
      "m" : "4611686018444015619"
    }, {
      "d" : "1756461382499143777",
      "t" : 1756461382499,
      "tn" : 1756461382499143777,
      "q" : "0.05",
      "p" : "23.358",
      "s" : "sell",
      "i" : "LINK_USDT",
      "m" : "4611686018444015618"
    }, {
      "d" : "1756461363404197848",
      "t" : 1756461363404,
      "tn" : 1756461363404197848,
      "q" : "0.08",
      "p" : "23.359",
      "s" : "buy",
      "i" : "LINK_USDT",
      "m" : "4611686018444015617"
    }, {
      "d" : "1756461362402438798",
      "t" : 1756461362402,
      "tn" : 1756461362402438798,
      "q" : "0.43",
      "p" : "23.357",
      "s" : "buy",
      "i" : "LINK_USDT",
      "m" : "4611686018444015616"
    }, {
      "d" : "1756461359257406852",
      "t" : 1756461359257,
      "tn" : 1756461359257406852,
      "q" : "2.14",
      "p" : "23.354",
      "s" : "buy",
      "i" : "LINK_USDT",
      "m" : "4611686018444015615"
    }, {
      "d" : "1756461339329334408",
      "t" : 1756461339329,
      "tn" : 1756461339329334408,
      "q" : "0.08",
      "p" : "23.352",
      "s" : "buy",
      "i" : "LINK_USDT",
      "m" : "4611686018444015614"
    }, {
      "d" : "1756461337698887153",
      "t" : 1756461337698,
      "tn" : 1756461337698887153,
      "q" : "0.43",
      "p" : "23.350",
      "s" : "buy",
      "i" : "LINK_USDT",
      "m" : "4611686018444015613"
    }, {
      "d" : "1756461337692759151",
      "t" : 1756461337692,
      "tn" : 1756461337692759151,
      "q" : "0.43",
      "p" : "23.348",
      "s" : "buy",
      "i" : "LINK_USDT",
      "m" : "4611686018444015612"
    }, {
      "d" : "1756461331925019363",
      "t" : 1756461331925,
      "tn" : 1756461331925019363,
      "q" : "0.08",
      "p" : "23.345",
      "s" : "buy",
      "i" : "LINK_USDT",
      "m" : "4611686018444015611"
    }, {
      "d" : "1756461310219141886",
      "t" : 1756461310219,
      "tn" : 1756461310219141886,
      "q" : "20.00",
      "p" : "23.345",
      "s" : "sell",
      "i" : "LINK_USDT",
      "m" : "4611686018444015610"
    }, {
      "d" : "1756461310218701212",
      "t" : 1756461310218,
      "tn" : 1756461310218701212,
      "q" : "9.78",
      "p" : "23.345",
      "s" : "sell",
      "i" : "LINK_USDT",
      "m" : "4611686018444015609"
    }, {
      "d" : "1756461310218656446",
      "t" : 1756461310218,
      "tn" : 1756461310218656446,
      "q" : "9.79",
      "p" : "23.345",
      "s" : "sell",
      "i" : "LINK_USDT",
      "m" : "4611686018444015608"
    }, {
      "d" : "1756461310218654138",
      "t" : 1756461310218,
      "tn" : 1756461310218654138,
      "q" : "9.79",
      "p" : "23.345",
      "s" : "sell",
      "i" : "LINK_USDT",
      "m" : "4611686018444015607"
    }, {
      "d" : "1756461310218611795",
      "t" : 1756461310218,
      "tn" : 1756461310218611795,
      "q" : "8.41",
      "p" : "23.345",
      "s" : "sell",
      "i" : "LINK_USDT",
      "m" : "4611686018444015606"
    }, {
      "d" : "1756461310218164543",
      "t" : 1756461310218,
      "tn" : 1756461310218164543,
      "q" : "19.89",
      "p" : "23.345",
      "s" : "sell",
      "i" : "LINK_USDT",
      "m" : "4611686018444015605"
    }, {
      "d" : "1756461310218163070",
      "t" : 1756461310218,
      "tn" : 1756461310218163070,
      "q" : "0.43",
      "p" : "23.346",
      "s" : "sell",
      "i" : "LINK_USDT",
      "m" : "4611686018444015604"
    }, {
      "d" : "1756461310202117030",
      "t" : 1756461310202,
      "tn" : 1756461310202117030,
      "q" : "0.43",
      "p" : "23.346",
      "s" : "sell",
      "i" : "LINK_USDT",
      "m" : "4611686018444015603"
    }, {
      "d" : "1756461296260643149",
      "t" : 1756461296260,
      "tn" : 1756461296260643149,
      "q" : "0.08",
      "p" : "23.341",
      "s" : "buy",
      "i" : "LINK_USDT",
      "m" : "4611686018444015602"
    }, {
      "d" : "1756461279904712011",
      "t" : 1756461279904,
      "tn" : 1756461279904712011,
      "q" : "0.08",
      "p" : "23.327",
      "s" : "buy",
      "i" : "LINK_USDT",
      "m" : "4611686018444015601"
    }, {
      "d" : "1756461266143514542",
      "t" : 1756461266143,
      "tn" : 1756461266143514542,
      "q" : "0.02",
      "p" : "23.317",
      "s" : "buy",
      "i" : "LINK_USDT",
      "m" : "4611686018444015600"
    }, {
      "d" : "1756461265576430874",
      "t" : 1756461265576,
      "tn" : 1756461265576430874,
      "q" : "0.06",
      "p" : "23.317",
      "s" : "buy",
      "i" : "LINK_USDT",
      "m" : "4611686018444015599"
    }, {
      "d" : "1756461255483521924",
      "t" : 1756461255483,
      "tn" : 1756461255483521924,
      "q" : "0.43",
      "p" : "23.306",
      "s" : "buy",
      "i" : "LINK_USDT",
      "m" : "4611686018444015598"
    }, {
      "d" : "1756461254545172051",
      "t" : 1756461254545,
      "tn" : 1756461254545172051,
      "q" : "0.08",
      "p" : "23.315",
      "s" : "sell",
      "i" : "LINK_USDT",
      "m" : "4611686018444015597"
    }, {
      "d" : "1756461250879506310",
      "t" : 1756461250879,
      "tn" : 1756461250879506310,
      "q" : "0.08",
      "p" : "23.317",
      "s" : "sell",
      "i" : "LINK_USDT",
      "m" : "4611686018444015596"
    }, {
      "d" : "1756461235026449535",
      "t" : 1756461235026,
      "tn" : 1756461235026449535,
      "q" : "0.08",
      "p" : "23.314",
      "s" : "buy",
      "i" : "LINK_USDT",
      "m" : "4611686018444015595"
    }, {
      "d" : "1756461221033609101",
      "t" : 1756461221033,
      "tn" : 1756461221033609101,
      "q" : "0.08",
      "p" : "23.302",
      "s" : "buy",
      "i" : "LINK_USDT",
      "m" : "4611686018444015594"
    }, {
      "d" : "1756461193773346747",
      "t" : 1756461193773,
      "tn" : 1756461193773346747,
      "q" : "0.43",
      "p" : "23.290",
      "s" : "buy",
      "i" : "LINK_USDT",
      "m" : "4611686018444015593"
    }, {
      "d" : "1756461190350319457",
      "t" : 1756461190350,
      "tn" : 1756461190350319457,
      "q" : "0.08",
      "p" : "23.295",
      "s" : "sell",
      "i" : "LINK_USDT",
      "m" : "4611686018444015592"
    }, {
      "d" : "1756461149805706195",
      "t" : 1756461149805,
      "tn" : 1756461149805706195,
      "q" : "0.05",
      "p" : "23.304",
      "s" : "sell",
      "i" : "LINK_USDT",
      "m" : "4611686018444015591"
    }, {
      "d" : "1756461149374162135",
      "t" : 1756461149374,
      "tn" : 1756461149374162135,
      "q" : "0.43",
      "p" : "23.298",
      "s" : "buy",
      "i" : "LINK_USDT",
      "m" : "4611686018444015590"
    }, {
      "d" : "1756461142306094160",
      "t" : 1756461142306,
      "tn" : 1756461142306094159,
      "q" : "0.43",
      "p" : "23.304",
      "s" : "sell",
      "i" : "LINK_USDT",
      "m" : "4611686018444015589"
    }, {
      "d" : "1756461142306094159",
      "t" : 1756461142306,
      "tn" : 1756461142306094159,
      "q" : "0.05",
      "p" : "23.304",
      "s" : "sell",
      "i" : "LINK_USDT",
      "m" : "4611686018444015589"
    }, {
      "d" : "1756461141180731010",
      "t" : 1756461141180,
      "tn" : 1756461141180731010,
      "q" : "0.08",
      "p" : "23.311",
      "s" : "sell",
      "i" : "LINK_USDT",
      "m" : "4611686018444015588"
    }, {
      "d" : "1756461115752704348",
      "t" : 1756461115752,
      "tn" : 1756461115752704348,
      "q" : "0.43",
      "p" : "23.306",
      "s" : "buy",
      "i" : "LINK_USDT",
      "m" : "4611686018444015587"
    }, {
      "d" : "1756461111825870094",
      "t" : 1756461111825,
      "tn" : 1756461111825870093,
      "q" : "23.99",
      "p" : "23.305",
      "s" : "sell",
      "i" : "LINK_USDT",
      "m" : "4611686018444015586"
    }, {
      "d" : "1756461111825870093",
      "t" : 1756461111825,
      "tn" : 1756461111825870093,
      "q" : "0.43",
      "p" : "23.305",
      "s" : "sell",
      "i" : "LINK_USDT",
      "m" : "4611686018444015586"
    }, {
      "d" : "1756461111825867597",
      "t" : 1756461111825,
      "tn" : 1756461111825867597,
      "q" : "0.08",
      "p" : "23.308",
      "s" : "sell",
      "i" : "LINK_USDT",
      "m" : "4611686018444015585"
    }, {
      "d" : "1756461087834192823",
      "t" : 1756461087834,
      "tn" : 1756461087834192823,
      "q" : "0.43",
      "p" : "23.316",
      "s" : "buy",
      "i" : "LINK_USDT",
      "m" : "4611686018444015584"
    }, {
      "d" : "1756461087738321714",
      "t" : 1756461087738,
      "tn" : 1756461087738321714,
      "q" : "0.43",
      "p" : "23.316",
      "s" : "buy",
      "i" : "LINK_USDT",
      "m" : "4611686018444015583"
    }, {
      "d" : "1756461069578841541",
      "t" : 1756461069578,
      "tn" : 1756461069578841541,
      "q" : "0.43",
      "p" : "23.324",
      "s" : "sell",
      "i" : "LINK_USDT",
      "m" : "4611686018444015582"
    }, {
      "d" : "1756461058788514673",
      "t" : 1756461058788,
      "tn" : 1756461058788514673,
      "q" : "2.56",
      "p" : "23.326",
      "s" : "buy",
      "i" : "LINK_USDT",
      "m" : "4611686018444015581"
    }, {
      "d" : "1756461050219617125",
      "t" : 1756461050219,
      "tn" : 1756461050219617125,
      "q" : "0.43",
      "p" : "23.320",
      "s" : "buy",
      "i" : "LINK_USDT",
      "m" : "4611686018444015580"
    }, {
      "d" : "1756461050111798689",
      "t" : 1756461050111,
      "tn" : 1756461050111798689,
      "q" : "0.43",
      "p" : "23.318",
      "s" : "buy",
      "i" : "LINK_USDT",
      "m" : "4611686018444015579"
    } ]
  }
}