{
  "id" : -1,
  "method" : "public/get-trades",
  "code" : 0,
  "result" : {
    "data" : [ {
      "d" : "1756455820852290709",
      "t" : 1756455820852,
      "tn" : 1756455820852290709,
      "q" : "100",
      "p" : "0.022652",
      "s" : "sell",
      "i" : "LIONUSD-PERP",
      "m" : "4611686018427388255"
    }, {
      "d" : "1756425789483224926",
      "t" : 1756425789483,
      "tn" : 1756425789483224926,
      "q" : "100",
      "p" : "0.025123",
      "s" : "sell",
      "i" : "LIONUSD-PERP",
      "m" : "4611686018427388254"
    }, {
      "d" : "1756388748653197782",
      "t" : 1756388748653,
      "tn" : 1756388748653197782,
      "q" : "100",
      "p" : "0.026510",
      "s" : "sell",
      "i" : "LIONUSD-PERP",
      "m" : "4611686018427388253"
    }, {
      "d" : "1756388090000666303",
      "t" : 1756388090000,
      "tn" : 1756388090000666303,
      "q" : "100",
      "p" : "0.027660",
      "s" : "sell",
      "i" : "LIONUSD-PERP",
      "m" : "4611686018427388252"
    }, {
      "d" : "1756385793303291116",
      "t" : 1756385793303,
      "tn" : 1756385793303291116,
      "q" : "100",
      "p" : "0.027885",
      "s" : "sell",
      "i" : "LIONUSD-PERP",
      "m" : "4611686018427388251"
    }, {
      "d" : "1756383619023194482",
      "t" : 1756383619023,
      "tn" : 1756383619023194482,
      "q" : "100",
      "p" : "0.027677",
      "s" : "sell",
      "i" : "LIONUSD-PERP",
      "m" : "4611686018427388250"
    }, {
      "d" : "1756382056583261805",
      "t" : 1756382056583,
      "tn" : 1756382056583261805,
      "q" : "100",
      "p" : "0.026999",
      "s" : "sell",
      "i" : "LIONUSD-PERP",
      "m" : "4611686018427388249"
    }, {
      "d" : "1756382052713206252",
      "t" : 1756382052713,
      "tn" : 1756382052713206252,
      "q" : "100",
      "p" : "0.027128",
      "s" : "sell",
      "i" : "LIONUSD-PERP",
      "m" : "4611686018427388248"
    }, {
      "d" : "1756379776873352367",
      "t" : 1756379776873,
      "tn" : 1756379776873352367,
      "q" : "100",
      "p" : "0.026654",
      "s" : "sell",
      "i" : "LIONUSD-PERP",
      "m" : "4611686018427388247"
    }, {
      "d" : "1756379027993215777",
      "t" : 1756379027993,
      "tn" : 1756379027993215777,
      "q" : "100",
      "p" : "0.026603",
      "s" : "sell",
      "i" : "LIONUSD-PERP",
      "m" : "4611686018427388246"
    }, {
      "d" : "1756378018613194631",
      "t" : 1756378018613,
      "tn" : 1756378018613194631,
      "q" : "100",
      "p" : "0.026399",
      "s" : "sell",
      "i" : "LIONUSD-PERP",
      "m" : "4611686018427388245"
    }, {
      "d" : "1756375447343772449",
      "t" : 1756375447343,
      "tn" : 1756375447343772449,
      "q" : "100",
      "p" : "0.026464",
      "s" : "sell",
      "i" : "LIONUSD-PERP",
      "m" : "4611686018427388244"
    }, {
      "d" : "1756375215193350662",
      "t" : 1756375215193,
      "tn" : 1756375215193350662,
      "q" : "100",
      "p" : "0.026060",
      "s" : "sell",
      "i" : "LIONUSD-PERP",
      "m" : "4611686018427388243"
    } ]
  }
}