{
  "id" : -1,
  "method" : "public/get-trades",
  "code" : 0,
  "result" : {
    "data" : [ {
      "d" : "1756460746730128083",
      "t" : 1756460746730,
      "tn" : 1756460746730128083,
      "q" : "3330",
      "p" : "0.07693",
      "s" : "sell",
      "i" : "LION_CRO",
      "m" : "4611686018427470506"
    }, {
      "d" : "1756460746540848691",
      "t" : 1756460746540,
      "tn" : 1756460746540848691,
      "q" : "530",
      "p" : "0.07693",
      "s" : "sell",
      "i" : "LION_CRO",
      "m" : "4611686018427470505"
    }, {
      "d" : "1756460746533022641",
      "t" : 1756460746533,
      "tn" : 1756460746533022641,
      "q" : "530",
      "p" : "0.07693",
      "s" : "sell",
      "i" : "LION_CRO",
      "m" : "4611686018427470504"
    }, {
      "d" : "1756460746524953566",
      "t" : 1756460746524,
      "tn" : 1756460746524953566,
      "q" : "530",
      "p" : "0.07693",
      "s" : "sell",
      "i" : "LION_CRO",
      "m" : "4611686018427470503"
    }, {
      "d" : "1756460746135806510",
      "t" : 1756460746135,
      "tn" : 1756460746135806510,
      "q" : "530",
      "p" : "0.07693",
      "s" : "sell",
      "i" : "LION_CRO",
      "m" : "4611686018427470502"
    }, {
      "d" : "1756460746128368239",
      "t" : 1756460746128,
      "tn" : 1756460746128368239,
      "q" : "230",
      "p" : "0.07693",
      "s" : "sell",
      "i" : "LION_CRO",
      "m" : "4611686018427470501"
    }, {
      "d" : "1756460746128366003",
      "t" : 1756460746128,
      "tn" : 1756460746128366003,
      "q" : "50",
      "p" : "0.07694",
      "s" : "sell",
      "i" : "LION_CRO",
      "m" : "4611686018427470500"
    }, {
      "d" : "1756460683835145355",
      "t" : 1756460683835,
      "tn" : 1756460683835145355,
      "q" : "530",
      "p" : "0.07694",
      "s" : "sell",
      "i" : "LION_CRO",
      "m" : "4611686018427470499"
    }, {
      "d" : "1756460683831778960",
      "t" : 1756460683831,
      "tn" : 1756460683831778960,
      "q" : "50",
      "p" : "0.07694",
      "s" : "sell",
      "i" : "LION_CRO",
      "m" : "4611686018427470498"
    }, {
      "d" : "1756460683828990830",
      "t" : 1756460683828,
      "tn" : 1756460683828990830,
      "q" : "530",
      "p" : "0.07694",
      "s" : "sell",
      "i" : "LION_CRO",
      "m" : "4611686018427470497"
    }, {
      "d" : "1756460532484109079",
      "t" : 1756460532484,
      "tn" : 1756460532484109079,
      "q" : "110",
      "p" : "0.07694",
      "s" : "sell",
      "i" : "LION_CRO",
      "m" : "4611686018427470496"
    }, {
      "d" : "1756460488384418425",
      "t" : 1756460488384,
      "tn" : 1756460488384418425,
      "q" : "530",
      "p" : "0.07694",
      "s" : "sell",
      "i" : "LION_CRO",
      "m" : "4611686018427470495"
    }, {
      "d" : "1756460488339435527",
      "t" : 1756460488339,
      "tn" : 1756460488339435527,
      "q" : "100",
      "p" : "0.07694",
      "s" : "sell",
      "i" : "LION_CRO",
      "m" : "4611686018427470494"
    }, {
      "d" : "1756460479213656892",
      "t" : 1756460479213,
      "tn" : 1756460479213656892,
      "q" : "50",
      "p" : "0.07694",
      "s" : "sell",
      "i" : "LION_CRO",
      "m" : "4611686018427470493"
    }, {
      "d" : "1756460478748966197",
      "t" : 1756460478748,
      "tn" : 1756460478748966197,
      "q" : "50",
      "p" : "0.07694",
      "s" : "sell",
      "i" : "LION_CRO",
      "m" : "4611686018427470492"
    }, {
      "d" : "1756460478641534222",
      "t" : 1756460478641,
      "tn" : 1756460478641534222,
      "q" : "50",
      "p" : "0.07694",
      "s" : "sell",
      "i" : "LION_CRO",
      "m" : "4611686018427470491"
    }, {
      "d" : "1756460478621503782",
      "t" : 1756460478621,
      "tn" : 1756460478621503782,
      "q" : "50",
      "p" : "0.07694",
      "s" : "sell",
      "i" : "LION_CRO",
      "m" : "4611686018427470490"
    }, {
      "d" : "1756460478611651686",
      "t" : 1756460478611,
      "tn" : 1756460478611651686,
      "q" : "50",
      "p" : "0.07694",
      "s" : "sell",
      "i" : "LION_CRO",
      "m" : "4611686018427470489"
    }, {
      "d" : "1756460477540284050",
      "t" : 1756460477540,
      "tn" : 1756460477540284050,
      "q" : "2630",
      "p" : "0.07696",
      "s" : "sell",
      "i" : "LION_CRO",
      "m" : "4611686018427470488"
    }, {
      "d" : "1756460477539435482",
      "t" : 1756460477539,
      "tn" : 1756460477539435482,
      "q" : "9950",
      "p" : "0.07696",
      "s" : "sell",
      "i" : "LION_CRO",
      "m" : "4611686018427470487"
    }, {
      "d" : "1756460205346562629",
      "t" : 1756460205346,
      "tn" : 1756460205346562629,
      "q" : "80",
      "p" : "0.07741",
      "s" : "buy",
      "i" : "LION_CRO",
      "m" : "4611686018427470486"
    }, {
      "d" : "1756460205039939693",
      "t" : 1756460205039,
      "tn" : 1756460205039939693,
      "q" : "50",
      "p" : "0.07741",
      "s" : "buy",
      "i" : "LION_CRO",
      "m" : "4611686018427470485"
    }, {
      "d" : "1756459919771746202",
      "t" : 1756459919771,
      "tn" : 1756459919771746202,
      "q" : "530",
      "p" : "0.07696",
      "s" : "sell",
      "i" : "LION_CRO",
      "m" : "4611686018427470484"
    }, {
      "d" : "1756459919762934701",
      "t" : 1756459919762,
      "tn" : 1756459919762934701,
      "q" : "530",
      "p" : "0.07696",
      "s" : "sell",
      "i" : "LION_CRO",
      "m" : "4611686018427470483"
    }, {
      "d" : "1756459914745760189",
      "t" : 1756459914745,
      "tn" : 1756459914745760189,
      "q" : "530",
      "p" : "0.07696",
      "s" : "sell",
      "i" : "LION_CRO",
      "m" : "4611686018427470482"
    }, {
      "d" : "1756459914357587261",
      "t" : 1756459914357,
      "tn" : 1756459914357587261,
      "q" : "50",
      "p" : "0.07696",
      "s" : "sell",
      "i" : "LION_CRO",
      "m" : "4611686018427470481"
    }, {
      "d" : "1756459914357433520",
      "t" : 1756459914357,
      "tn" : 1756459914357433520,
      "q" : "280",
      "p" : "0.07696",
      "s" : "sell",
      "i" : "LION_CRO",
      "m" : "4611686018427470480"
    }, {
      "d" : "1756459914342551875",
      "t" : 1756459914342,
      "tn" : 1756459914342551875,
      "q" : "50",
      "p" : "0.07696",
      "s" : "sell",
      "i" : "LION_CRO",
      "m" : "4611686018427470479"
    }, {
      "d" : "1756459914327573062",
      "t" : 1756459914327,
      "tn" : 1756459914327573062,
      "q" : "50",
      "p" : "0.07696",
      "s" : "sell",
      "i" : "LION_CRO",
      "m" : "4611686018427470478"
    }, {
      "d" : "1756459914287495340",
      "t" : 1756459914287,
      "tn" : 1756459914287495340,
      "q" : "50",
      "p" : "0.07696",
      "s" : "sell",
      "i" : "LION_CRO",
      "m" : "4611686018427470477"
    }, {
      "d" : "1756459914267457641",
      "t" : 1756459914267,
      "tn" : 1756459914267457641,
      "q" : "50",
      "p" : "0.07696",
      "s" : "sell",
      "i" : "LION_CRO",
      "m" : "4611686018427470476"
    }, {
      "d" : "1756459914257511734",
      "t" : 1756459914257,
      "tn" : 1756459914257511734,
      "q" : "50",
      "p" : "0.07696",
      "s" : "sell",
      "i" : "LION_CRO",
      "m" : "4611686018427470475"
    }, {
      "d" : "1756459914237479451",
      "t" : 1756459914237,
      "tn" : 1756459914237479451,
      "q" : "50",
      "p" : "0.07696",
      "s" : "sell",
      "i" : "LION_CRO",
      "m" : "4611686018427470474"
    }, {
      "d" : "1756459914142341114",
      "t" : 1756459914142,
      "tn" : 1756459914142341114,
      "q" : "50",
      "p" : "0.07696",
      "s" : "sell",
      "i" : "LION_CRO",
      "m" : "4611686018427470473"
    }, {
      "d" : "1756459914107302202",
      "t" : 1756459914107,
      "tn" : 1756459914107302202,
      "q" : "50",
      "p" : "0.07696",
      "s" : "sell",
      "i" : "LION_CRO",
      "m" : "4611686018427470472"
    }, {
      "d" : "1756459914087291111",
      "t" : 1756459914087,
      "tn" : 1756459914087291111,
      "q" : "50",
      "p" : "0.07696",
      "s" : "sell",
      "i" : "LION_CRO",
      "m" : "4611686018427470471"
    }, {
      "d" : "1756459914043057304",
      "t" : 1756459914043,
      "tn" : 1756459914043057304,
      "q" : "50",
      "p" : "0.07696",
      "s" : "sell",
      "i" : "LION_CRO",
      "m" : "4611686018427470470"
    }, {
      "d" : "1756459913926317227",
      "t" : 1756459913926,
      "tn" : 1756459913926317227,
      "q" : "50",
      "p" : "0.07696",
      "s" : "sell",
      "i" : "LION_CRO",
      "m" : "4611686018427470469"
    }, {
      "d" : "1756459913779849730",
      "t" : 1756459913779,
      "tn" : 1756459913779849730,
      "q" : "530",
      "p" : "0.07696",
      "s" : "sell",
      "i" : "LION_CRO",
      "m" : "4611686018427470468"
    }, {
      "d" : "1756459913774806428",
      "t" : 1756459913774,
      "tn" : 1756459913774806428,
      "q" : "260",
      "p" : "0.07696",
      "s" : "sell",
      "i" : "LION_CRO",
      "m" : "4611686018427470467"
    }, {
      "d" : "1756459913770422027",
      "t" : 1756459913770,
      "tn" : 1756459913770422027,
      "q" : "260",
      "p" : "0.07696",
      "s" : "sell",
      "i" : "LION_CRO",
      "m" : "4611686018427470466"
    }, {
      "d" : "1756459904796114467",
      "t" : 1756459904796,
      "tn" : 1756459904796114467,
      "q" : "530",
      "p" : "0.07696",
      "s" : "sell",
      "i" : "LION_CRO",
      "m" : "4611686018427470465"
    }, {
      "d" : "1756459904778213228",
      "t" : 1756459904778,
      "tn" : 1756459904778213228,
      "q" : "530",
      "p" : "0.07696",
      "s" : "sell",
      "i" : "LION_CRO",
      "m" : "4611686018427470464"
    }, {
      "d" : "1756459904764913526",
      "t" : 1756459904764,
      "tn" : 1756459904764913526,
      "q" : "530",
      "p" : "0.07696",
      "s" : "sell",
      "i" : "LION_CRO",
      "m" : "4611686018427470463"
    }, {
      "d" : "1756459633444127226",
      "t" : 1756459633444,
      "tn" : 1756459633444127226,
      "q" : "100",
      "p" : "0.07754",
      "s" : "sell",
      "i" : "LION_CRO",
      "m" : "4611686018427470462"
    }, {
      "d" : "1756459633442296029",
      "t" : 1756459633442,
      "tn" : 1756459633442296029,
      "q" : "2690",
      "p" : "0.07754",
      "s" : "sell",
      "i" : "LION_CRO",
      "m" : "4611686018427470461"
    }, {
      "d" : "1756459544951929619",
      "t" : 1756459544951,
      "tn" : 1756459544951929619,
      "q" : "260",
      "p" : "0.07754",
      "s" : "sell",
      "i" : "LION_CRO",
      "m" : "4611686018427470460"
    }, {
      "d" : "1756459544944634238",
      "t" : 1756459544944,
      "tn" : 1756459544944634238,
      "q" : "260",
      "p" : "0.07754",
      "s" : "sell",
      "i" : "LION_CRO",
      "m" : "4611686018427470459"
    }, {
      "d" : "1756459544939460754",
      "t" : 1756459544939,
      "tn" : 1756459544939460754,
      "q" : "260",
      "p" : "0.07754",
      "s" : "sell",
      "i" : "LION_CRO",
      "m" : "4611686018427470458"
    }, {
      "d" : "1756459544934021559",
      "t" : 1756459544934,
      "tn" : 1756459544934021559,
      "q" : "530",
      "p" : "0.07754",
      "s" : "sell",
      "i" : "LION_CRO",
      "m" : "4611686018427470457"
    }, {
      "d" : "1756459148903152060",
      "t" : 1756459148903,
      "tn" : 1756459148903152060,
      "q" : "33170",
      "p" : "0.07755",
      "s" : "buy",
      "i" : "LION_CRO",
      "m" : "4611686018427470456"
    }, {
      "d" : "1756459148846026427",
      "t" : 1756459148846,
      "tn" : 1756459148846026427,
      "q" : "530",
      "p" : "0.07754",
      "s" : "buy",
      "i" : "LION_CRO",
      "m" : "4611686018427470455"
    }, {
      "d" : "1756459148836684088",
      "t" : 1756459148836,
      "tn" : 1756459148836684088,
      "q" : "530",
      "p" : "0.07754",
      "s" : "buy",
      "i" : "LION_CRO",
      "m" : "4611686018427470454"
    }, {
      "d" : "1756459148826086795",
      "t" : 1756459148826,
      "tn" : 1756459148826086795,
      "q" : "530",
      "p" : "0.07754",
      "s" : "buy",
      "i" : "LION_CRO",
      "m" : "4611686018427470453"
    }, {
      "d" : "1756459148820038340",
      "t" : 1756459148820,
      "tn" : 1756459148820038340,
      "q" : "530",
      "p" : "0.07754",
      "s" : "buy",
      "i" : "LION_CRO",
      "m" : "4611686018427470452"
    }, {
      "d" : "1756459148816199892",
      "t" : 1756459148816,
      "tn" : 1756459148816199892,
      "q" : "530",
      "p" : "0.07754",
      "s" : "buy",
      "i" : "LION_CRO",
      "m" : "4611686018427470451"
    }, {
      "d" : "1756459090684172611",
      "t" : 1756459090684,
      "tn" : 1756459090684172611,
      "q" : "140",
      "p" : "0.07710",
      "s" : "buy",
      "i" : "LION_CRO",
      "m" : "4611686018427470450"
    }, {
      "d" : "1756459090684170029",
      "t" : 1756459090684,
      "tn" : 1756459090684170029,
      "q" : "150",
      "p" : "0.07709",
      "s" : "buy",
      "i" : "LION_CRO",
      "m" : "4611686018427470449"
    }, {
      "d" : "1756459087980448343",
      "t" : 1756459087980,
      "tn" : 1756459087980448343,
      "q" : "10",
      "p" : "0.07730",
      "s" : "sell",
      "i" : "LION_CRO",
      "m" : "4611686018427470448"
    }, {
      "d" : "1756458734786524757",
      "t" : 1756458734786,
      "tn" : 1756458734786524757,
      "q" : "260",
      "p" : "0.07754",
      "s" : "buy",
      "i" : "LION_CRO",
      "m" : "4611686018427470447"
    }, {
      "d" : "1756458734776542911",
      "t" : 1756458734776,
      "tn" : 1756458734776542911,
      "q" : "270",
      "p" : "0.07754",
      "s" : "buy",
      "i" : "LION_CRO",
      "m" : "4611686018427470446"
    }, {
      "d" : "1756458734765597945",
      "t" : 1756458734765,
      "tn" : 1756458734765597945,
      "q" : "270",
      "p" : "0.07754",
      "s" : "buy",
      "i" : "LION_CRO",
      "m" : "4611686018427470445"
    }, {
      "d" : "1756458734714534757",
      "t" : 1756458734714,
      "tn" : 1756458734714534757,
      "q" : "270",
      "p" : "0.07754",
      "s" : "buy",
      "i" : "LION_CRO",
      "m" : "4611686018427470444"
    }, {
      "d" : "1756458062488640241",
      "t" : 1756458062488,
      "tn" : 1756458062488640240,
      "q" : "530",
      "p" : "0.07738",
      "s" : "buy",
      "i" : "LION_CRO",
      "m" : "4611686018427470443"
    }, {
      "d" : "1756458062488640240",
      "t" : 1756458062488,
      "tn" : 1756458062488640240,
      "q" : "280",
      "p" : "0.07738",
      "s" : "buy",
      "i" : "LION_CRO",
      "m" : "4611686018427470443"
    }, {
      "d" : "1756457014526917169",
      "t" : 1756457014526,
      "tn" : 1756457014526917169,
      "q" : "1970",
      "p" : "0.07730",
      "s" : "sell",
      "i" : "LION_CRO",
      "m" : "4611686018427470442"
    }, {
      "d" : "1756457014526915381",
      "t" : 1756457014526,
      "tn" : 1756457014526915381,
      "q" : "530",
      "p" : "0.07735",
      "s" : "sell",
      "i" : "LION_CRO",
      "m" : "4611686018427470441"
    }, {
      "d" : "1756457014526912622",
      "t" : 1756457014526,
      "tn" : 1756457014526912622,
      "q" : "4630",
      "p" : "0.07737",
      "s" : "sell",
      "i" : "LION_CRO",
      "m" : "4611686018427470440"
    }, {
      "d" : "1756457014526909655",
      "t" : 1756457014526,
      "tn" : 1756457014526909655,
      "q" : "4630",
      "p" : "0.07738",
      "s" : "sell",
      "i" : "LION_CRO",
      "m" : "4611686018427470439"
    }, {
      "d" : "1756457004007868479",
      "t" : 1756457004007,
      "tn" : 1756457004007868479,
      "q" : "3970",
      "p" : "0.07739",
      "s" : "buy",
      "i" : "LION_CRO",
      "m" : "4611686018427470438"
    }, {
      "d" : "1756457004000390916",
      "t" : 1756457004000,
      "tn" : 1756457004000390916,
      "q" : "3970",
      "p" : "0.07739",
      "s" : "buy",
      "i" : "LION_CRO",
      "m" : "4611686018427470437"
    }, {
      "d" : "1756456997871168778",
      "t" : 1756456997871,
      "tn" : 1756456997871168778,
      "q" : "4630",
      "p" : "0.07738",
      "s" : "buy",
      "i" : "LION_CRO",
      "m" : "4611686018427470436"
    }, {
      "d" : "1756456997866060681",
      "t" : 1756456997866,
      "tn" : 1756456997866060681,
      "q" : "530",
      "p" : "0.07738",
      "s" : "buy",
      "i" : "LION_CRO",
      "m" : "4611686018427470435"
    }, {
      "d" : "1756456997860726424",
      "t" : 1756456997860,
      "tn" : 1756456997860726424,
      "q" : "530",
      "p" : "0.07738",
      "s" : "buy",
      "i" : "LION_CRO",
      "m" : "4611686018427470434"
    }, {
      "d" : "1756456997855668779",
      "t" : 1756456997855,
      "tn" : 1756456997855668779,
      "q" : "530",
      "p" : "0.07738",
      "s" : "buy",
      "i" : "LION_CRO",
      "m" : "4611686018427470433"
    }, {
      "d" : "1756456997851223260",
      "t" : 1756456997851,
      "tn" : 1756456997851223260,
      "q" : "530",
      "p" : "0.07738",
      "s" : "buy",
      "i" : "LION_CRO",
      "m" : "4611686018427470432"
    }, {
      "d" : "1756456997842325185",
      "t" : 1756456997842,
      "tn" : 1756456997842325185,
      "q" : "530",
      "p" : "0.07738",
      "s" : "buy",
      "i" : "LION_CRO",
      "m" : "4611686018427470431"
    }, {
      "d" : "1756456990394769421",
      "t" : 1756456990394,
      "tn" : 1756456990394769421,
      "q" : "4630",
      "p" : "0.07737",
      "s" : "buy",
      "i" : "LION_CRO",
      "m" : "4611686018427470430"
    }, {
      "d" : "1756456990389159960",
      "t" : 1756456990389,
      "tn" : 1756456990389159960,
      "q" : "530",
      "p" : "0.07737",
      "s" : "buy",
      "i" : "LION_CRO",
      "m" : "4611686018427470429"
    }, {
      "d" : "1756456990380253445",
      "t" : 1756456990380,
      "tn" : 1756456990380253445,
      "q" : "530",
      "p" : "0.07737",
      "s" : "buy",
      "i" : "LION_CRO",
      "m" : "4611686018427470428"
    }, {
      "d" : "1756456990373193433",
      "t" : 1756456990373,
      "tn" : 1756456990373193433,
      "q" : "530",
      "p" : "0.07737",
      "s" : "buy",
      "i" : "LION_CRO",
      "m" : "4611686018427470427"
    }, {
      "d" : "1756456990369294064",
      "t" : 1756456990369,
      "tn" : 1756456990369294064,
      "q" : "530",
      "p" : "0.07737",
      "s" : "buy",
      "i" : "LION_CRO",
      "m" : "4611686018427470426"
    }, {
      "d" : "1756456990364694916",
      "t" : 1756456990364,
      "tn" : 1756456990364694916,
      "q" : "530",
      "p" : "0.07737",
      "s" : "buy",
      "i" : "LION_CRO",
      "m" : "4611686018427470425"
    }, {
      "d" : "1756456984689279300",
      "t" : 1756456984689,
      "tn" : 1756456984689279300,
      "q" : "530",
      "p" : "0.07737",
      "s" : "buy",
      "i" : "LION_CRO",
      "m" : "4611686018427470424"
    }, {
      "d" : "1756456984686667700",
      "t" : 1756456984686,
      "tn" : 1756456984686667700,
      "q" : "50",
      "p" : "0.07737",
      "s" : "buy",
      "i" : "LION_CRO",
      "m" : "4611686018427470423"
    }, {
      "d" : "1756456984685497145",
      "t" : 1756456984685,
      "tn" : 1756456984685497145,
      "q" : "530",
      "p" : "0.07737",
      "s" : "buy",
      "i" : "LION_CRO",
      "m" : "4611686018427470422"
    }, {
      "d" : "1756456984676730898",
      "t" : 1756456984676,
      "tn" : 1756456984676730898,
      "q" : "530",
      "p" : "0.07737",
      "s" : "buy",
      "i" : "LION_CRO",
      "m" : "4611686018427470421"
    }, {
      "d" : "1756456984670209751",
      "t" : 1756456984670,
      "tn" : 1756456984670209751,
      "q" : "530",
      "p" : "0.07737",
      "s" : "buy",
      "i" : "LION_CRO",
      "m" : "4611686018427470420"
    }, {
      "d" : "1756456974785019453",
      "t" : 1756456974785,
      "tn" : 1756456974785019453,
      "q" : "530",
      "p" : "0.07735",
      "s" : "buy",
      "i" : "LION_CRO",
      "m" : "4611686018427470419"
    }, {
      "d" : "1756456974780096673",
      "t" : 1756456974780,
      "tn" : 1756456974780096673,
      "q" : "530",
      "p" : "0.07735",
      "s" : "buy",
      "i" : "LION_CRO",
      "m" : "4611686018427470418"
    }, {
      "d" : "1756456974772298000",
      "t" : 1756456974772,
      "tn" : 1756456974772298000,
      "q" : "530",
      "p" : "0.07735",
      "s" : "buy",
      "i" : "LION_CRO",
      "m" : "4611686018427470417"
    }, {
      "d" : "1756456969775490507",
      "t" : 1756456969775,
      "tn" : 1756456969775490507,
      "q" : "28500",
      "p" : "0.07731",
      "s" : "buy",
      "i" : "LION_CRO",
      "m" : "4611686018427470416"
    }, {
      "d" : "1756456969737910863",
      "t" : 1756456969737,
      "tn" : 1756456969737910863,
      "q" : "50",
      "p" : "0.07731",
      "s" : "buy",
      "i" : "LION_CRO",
      "m" : "4611686018427470415"
    }, {
      "d" : "1756456969637586909",
      "t" : 1756456969637,
      "tn" : 1756456969637586909,
      "q" : "50",
      "p" : "0.07731",
      "s" : "buy",
      "i" : "LION_CRO",
      "m" : "4611686018427470414"
    }, {
      "d" : "1756456969542324923",
      "t" : 1756456969542,
      "tn" : 1756456969542324923,
      "q" : "50",
      "p" : "0.07731",
      "s" : "buy",
      "i" : "LION_CRO",
      "m" : "4611686018427470413"
    }, {
      "d" : "1756456969527616626",
      "t" : 1756456969527,
      "tn" : 1756456969527616626,
      "q" : "50",
      "p" : "0.07731",
      "s" : "buy",
      "i" : "LION_CRO",
      "m" : "4611686018427470412"
    }, {
      "d" : "1756456968639929850",
      "t" : 1756456968639,
      "tn" : 1756456968639929850,
      "q" : "50",
      "p" : "0.07731",
      "s" : "buy",
      "i" : "LION_CRO",
      "m" : "4611686018427470411"
    }, {
      "d" : "1756456968600140919",
      "t" : 1756456968600,
      "tn" : 1756456968600140919,
      "q" : "50",
      "p" : "0.07731",
      "s" : "buy",
      "i" : "LION_CRO",
      "m" : "4611686018427470410"
    }, {
      "d" : "1756456968539716898",
      "t" : 1756456968539,
      "tn" : 1756456968539716898,
      "q" : "50",
      "p" : "0.07731",
      "s" : "buy",
      "i" : "LION_CRO",
      "m" : "4611686018427470409"
    }, {
      "d" : "1756456968502940550",
      "t" : 1756456968502,
      "tn" : 1756456968502940550,
      "q" : "280",
      "p" : "0.07731",
      "s" : "buy",
      "i" : "LION_CRO",
      "m" : "4611686018427470408"
    }, {
      "d" : "1756456968494713159",
      "t" : 1756456968494,
      "tn" : 1756456968494713159,
      "q" : "280",
      "p" : "0.07731",
      "s" : "buy",
      "i" : "LION_CRO",
      "m" : "4611686018427470407"
    }, {
      "d" : "1756456968484666223",
      "t" : 1756456968484,
      "tn" : 1756456968484666223,
      "q" : "3310",
      "p" : "0.07731",
      "s" : "buy",
      "i" : "LION_CRO",
      "m" : "4611686018427470406"
    }, {
      "d" : "1756456968479620174",
      "t" : 1756456968479,
      "tn" : 1756456968479620174,
      "q" : "50",
      "p" : "0.07731",
      "s" : "buy",
      "i" : "LION_CRO",
      "m" : "4611686018427470405"
    }, {
      "d" : "1756456968239303094",
      "t" : 1756456968239,
      "tn" : 1756456968239303094,
      "q" : "50",
      "p" : "0.07731",
      "s" : "buy",
      "i" : "LION_CRO",
      "m" : "4611686018427470404"
    }, {
      "d" : "1756456968139410632",
      "t" : 1756456968139,
      "tn" : 1756456968139410632,
      "q" : "50",
      "p" : "0.07731",
      "s" : "buy",
      "i" : "LION_CRO",
      "m" : "4611686018427470403"
    }, {
      "d" : "1756456968038193244",
      "t" : 1756456968038,
      "tn" : 1756456968038193244,
      "q" : "50",
      "p" : "0.07731",
      "s" : "buy",
      "i" : "LION_CRO",
      "m" : "4611686018427470402"
    }, {
      "d" : "1756456967937981449",
      "t" : 1756456967937,
      "tn" : 1756456967937981449,
      "q" : "50",
      "p" : "0.07731",
      "s" : "buy",
      "i" : "LION_CRO",
      "m" : "4611686018427470401"
    }, {
      "d" : "1756456967837873351",
      "t" : 1756456967837,
      "tn" : 1756456967837873351,
      "q" : "50",
      "p" : "0.07731",
      "s" : "buy",
      "i" : "LION_CRO",
      "m" : "4611686018427470400"
    }, {
      "d" : "1756456967737722472",
      "t" : 1756456967737,
      "tn" : 1756456967737722472,
      "q" : "50",
      "p" : "0.07731",
      "s" : "buy",
      "i" : "LION_CRO",
      "m" : "4611686018427470399"
    }, {
      "d" : "1756456967637391851",
      "t" : 1756456967637,
      "tn" : 1756456967637391851,
      "q" : "50",
      "p" : "0.07731",
      "s" : "buy",
      "i" : "LION_CRO",
      "m" : "4611686018427470398"
    }, {
      "d" : "1756456967527400964",
      "t" : 1756456967527,
      "tn" : 1756456967527400964,
      "q" : "50",
      "p" : "0.07731",
      "s" : "buy",
      "i" : "LION_CRO",
      "m" : "4611686018427470397"
    }, {
      "d" : "1756456967349836116",
      "t" : 1756456967349,
      "tn" : 1756456967349836116,
      "q" : "1980",
      "p" : "0.07730",
      "s" : "buy",
      "i" : "LION_CRO",
      "m" : "4611686018427470396"
    }, {
      "d" : "1756456967344838656",
      "t" : 1756456967344,
      "tn" : 1756456967344838656,
      "q" : "1980",
      "p" : "0.07730",
      "s" : "buy",
      "i" : "LION_CRO",
      "m" : "4611686018427470395"
    }, {
      "d" : "1756456967339604502",
      "t" : 1756456967339,
      "tn" : 1756456967339604502,
      "q" : "1980",
      "p" : "0.07730",
      "s" : "buy",
      "i" : "LION_CRO",
      "m" : "4611686018427470394"
    }, {
      "d" : "1756456966706431581",
      "t" : 1756456966706,
      "tn" : 1756456966706431581,
      "q" : "4630",
      "p" : "0.07729",
      "s" : "buy",
      "i" : "LION_CRO",
      "m" : "4611686018427470393"
    }, {
      "d" : "1756456966696327997",
      "t" : 1756456966696,
      "tn" : 1756456966696327997,
      "q" : "530",
      "p" : "0.07729",
      "s" : "buy",
      "i" : "LION_CRO",
      "m" : "4611686018427470392"
    }, {
      "d" : "1756456966689293980",
      "t" : 1756456966689,
      "tn" : 1756456966689293980,
      "q" : "530",
      "p" : "0.07729",
      "s" : "buy",
      "i" : "LION_CRO",
      "m" : "4611686018427470391"
    }, {
      "d" : "1756456966668820894",
      "t" : 1756456966668,
      "tn" : 1756456966668820894,
      "q" : "530",
      "p" : "0.07729",
      "s" : "buy",
      "i" : "LION_CRO",
      "m" : "4611686018427470390"
    }, {
      "d" : "1756456966657242496",
      "t" : 1756456966657,
      "tn" : 1756456966657242496,
      "q" : "530",
      "p" : "0.07729",
      "s" : "buy",
      "i" : "LION_CRO",
      "m" : "4611686018427470389"
    }, {
      "d" : "1756456966647761205",
      "t" : 1756456966647,
      "tn" : 1756456966647761205,
      "q" : "530",
      "p" : "0.07729",
      "s" : "buy",
      "i" : "LION_CRO",
      "m" : "4611686018427470388"
    }, {
      "d" : "1756455341412224475",
      "t" : 1756455341412,
      "tn" : 1756455341412224475,
      "q" : "550",
      "p" : "0.07723",
      "s" : "buy",
      "i" : "LION_CRO",
      "m" : "4611686018427470387"
    }, {
      "d" : "1756454559558076290",
      "t" : 1756454559558,
      "tn" : 1756454559558076290,
      "q" : "60",
      "p" : "0.07674",
      "s" : "sell",
      "i" : "LION_CRO",
      "m" : "4611686018427470386"
    }, {
      "d" : "1756452745249180246",
      "t" : 1756452745249,
      "tn" : 1756452745249180246,
      "q" : "210",
      "p" : "0.07703",
      "s" : "sell",
      "i" : "LION_CRO",
      "m" : "4611686018427470385"
    }, {
      "d" : "1756452745239607164",
      "t" : 1756452745239,
      "tn" : 1756452745239607164,
      "q" : "260",
      "p" : "0.07703",
      "s" : "sell",
      "i" : "LION_CRO",
      "m" : "4611686018427470384"
    }, {
      "d" : "1756452618840096761",
      "t" : 1756452618840,
      "tn" : 1756452618840096761,
      "q" : "9670",
      "p" : "0.07748",
      "s" : "buy",
      "i" : "LION_CRO",
      "m" : "4611686018427470383"
    }, {
      "d" : "1756452618835194110",
      "t" : 1756452618835,
      "tn" : 1756452618835194110,
      "q" : "2120",
      "p" : "0.07748",
      "s" : "buy",
      "i" : "LION_CRO",
      "m" : "4611686018427470382"
    }, {
      "d" : "1756452618762981567",
      "t" : 1756452618762,
      "tn" : 1756452618762981567,
      "q" : "520",
      "p" : "0.07748",
      "s" : "buy",
      "i" : "LION_CRO",
      "m" : "4611686018427470381"
    }, {
      "d" : "1756452618755272902",
      "t" : 1756452618755,
      "tn" : 1756452618755272902,
      "q" : "520",
      "p" : "0.07748",
      "s" : "buy",
      "i" : "LION_CRO",
      "m" : "4611686018427470380"
    }, {
      "d" : "1756452618695772128",
      "t" : 1756452618695,
      "tn" : 1756452618695772128,
      "q" : "520",
      "p" : "0.07748",
      "s" : "buy",
      "i" : "LION_CRO",
      "m" : "4611686018427470379"
    }, {
      "d" : "1756452502680836340",
      "t" : 1756452502680,
      "tn" : 1756452502680836339,
      "q" : "220",
      "p" : "0.07711",
      "s" : "buy",
      "i" : "LION_CRO",
      "m" : "4611686018427470378"
    }, {
      "d" : "1756452502680836339",
      "t" : 1756452502680,
      "tn" : 1756452502680836339,
      "q" : "50",
      "p" : "0.07711",
      "s" : "buy",
      "i" : "LION_CRO",
      "m" : "4611686018427470378"
    }, {
      "d" : "1756451423297426071",
      "t" : 1756451423297,
      "tn" : 1756451423297426071,
      "q" : "32640",
      "p" : "0.07699",
      "s" : "sell",
      "i" : "LION_CRO",
      "m" : "4611686018427470377"
    }, {
      "d" : "1756451377072776468",
      "t" : 1756451377072,
      "tn" : 1756451377072776468,
      "q" : "520",
      "p" : "0.07699",
      "s" : "sell",
      "i" : "LION_CRO",
      "m" : "4611686018427470376"
    }, {
      "d" : "1756451376146490940",
      "t" : 1756451376146,
      "tn" : 1756451376146490940,
      "q" : "520",
      "p" : "0.07700",
      "s" : "sell",
      "i" : "LION_CRO",
      "m" : "4611686018427470375"
    }, {
      "d" : "1756451240577973486",
      "t" : 1756451240577,
      "tn" : 1756451240577973486,
      "q" : "210",
      "p" : "0.07711",
      "s" : "buy",
      "i" : "LION_CRO",
      "m" : "4611686018427470374"
    }, {
      "d" : "1756451240568978445",
      "t" : 1756451240568,
      "tn" : 1756451240568978445,
      "q" : "260",
      "p" : "0.07711",
      "s" : "buy",
      "i" : "LION_CRO",
      "m" : "4611686018427470373"
    }, {
      "d" : "1756451206048394872",
      "t" : 1756451206048,
      "tn" : 1756451206048394872,
      "q" : "50",
      "p" : "0.07701",
      "s" : "sell",
      "i" : "LION_CRO",
      "m" : "4611686018427470372"
    }, {
      "d" : "1756451205752804654",
      "t" : 1756451205752,
      "tn" : 1756451205752804654,
      "q" : "50",
      "p" : "0.07701",
      "s" : "sell",
      "i" : "LION_CRO",
      "m" : "4611686018427470371"
    }, {
      "d" : "1756451205742832674",
      "t" : 1756451205742,
      "tn" : 1756451205742832674,
      "q" : "50",
      "p" : "0.07701",
      "s" : "sell",
      "i" : "LION_CRO",
      "m" : "4611686018427470370"
    }, {
      "d" : "1756451205652355947",
      "t" : 1756451205652,
      "tn" : 1756451205652355947,
      "q" : "50",
      "p" : "0.07701",
      "s" : "sell",
      "i" : "LION_CRO",
      "m" : "4611686018427470369"
    }, {
      "d" : "1756451205642340030",
      "t" : 1756451205642,
      "tn" : 1756451205642340030,
      "q" : "50",
      "p" : "0.07701",
      "s" : "sell",
      "i" : "LION_CRO",
      "m" : "4611686018427470368"
    }, {
      "d" : "1756451205617339373",
      "t" : 1756451205617,
      "tn" : 1756451205617339373,
      "q" : "50",
      "p" : "0.07701",
      "s" : "sell",
      "i" : "LION_CRO",
      "m" : "4611686018427470367"
    }, {
      "d" : "1756451205547086423",
      "t" : 1756451205547,
      "tn" : 1756451205547086423,
      "q" : "50",
      "p" : "0.07701",
      "s" : "sell",
      "i" : "LION_CRO",
      "m" : "4611686018427470366"
    }, {
      "d" : "1756451205527071932",
      "t" : 1756451205527,
      "tn" : 1756451205527071932,
      "q" : "50",
      "p" : "0.07701",
      "s" : "sell",
      "i" : "LION_CRO",
      "m" : "4611686018427470365"
    }, {
      "d" : "1756451205506106792",
      "t" : 1756451205506,
      "tn" : 1756451205506106792,
      "q" : "50",
      "p" : "0.07701",
      "s" : "sell",
      "i" : "LION_CRO",
      "m" : "4611686018427470364"
    }, {
      "d" : "1756451202137354669",
      "t" : 1756451202137,
      "tn" : 1756451202137354669,
      "q" : "520",
      "p" : "0.07701",
      "s" : "sell",
      "i" : "LION_CRO",
      "m" : "4611686018427470363"
    }, {
      "d" : "1756451202129402497",
      "t" : 1756451202129,
      "tn" : 1756451202129402497,
      "q" : "520",
      "p" : "0.07701",
      "s" : "sell",
      "i" : "LION_CRO",
      "m" : "4611686018427470362"
    }, {
      "d" : "1756451201702953971",
      "t" : 1756451201702,
      "tn" : 1756451201702953971,
      "q" : "3230",
      "p" : "0.07701",
      "s" : "sell",
      "i" : "LION_CRO",
      "m" : "4611686018427470361"
    }, {
      "d" : "1756451198531529452",
      "t" : 1756451198531,
      "tn" : 1756451198531529452,
      "q" : "520",
      "p" : "0.07701",
      "s" : "sell",
      "i" : "LION_CRO",
      "m" : "4611686018427470360"
    }, {
      "d" : "1756451198520995487",
      "t" : 1756451198520,
      "tn" : 1756451198520995487,
      "q" : "520",
      "p" : "0.07701",
      "s" : "sell",
      "i" : "LION_CRO",
      "m" : "4611686018427470359"
    } ]
  }
}