{
  "id" : -1,
  "method" : "public/get-trades",
  "code" : 0,
  "result" : {
    "data" : [ {
      "d" : "1756461491120714908",
      "t" : 1756461491120,
      "tn" : 1756461491120714908,
      "q" : "170",
      "p" : "0.022718",
      "s" : "buy",
      "i" : "LION_USD",
      "m" : "4611686018427753726"
    }, {
      "d" : "1756461491120712680",
      "t" : 1756461491120,
      "tn" : 1756461491120712680,
      "q" : "700",
      "p" : "0.022717",
      "s" : "buy",
      "i" : "LION_USD",
      "m" : "4611686018427753725"
    }, {
      "d" : "1756461454242068376",
      "t" : 1756461454242,
      "tn" : 1756461454242068376,
      "q" : "60",
      "p" : "0.022628",
      "s" : "sell",
      "i" : "LION_USD",
      "m" : "4611686018427753724"
    }, {
      "d" : "1756461424710357068",
      "t" : 1756461424710,
      "tn" : 1756461424710357068,
      "q" : "250",
      "p" : "0.022570",
      "s" : "sell",
      "i" : "LION_USD",
      "m" : "4611686018427753723"
    }, {
      "d" : "1756461388816975690",
      "t" : 1756461388816,
      "tn" : 1756461388816975690,
      "q" : "80",
      "p" : "0.022682",
      "s" : "buy",
      "i" : "LION_USD",
      "m" : "4611686018427753722"
    }, {
      "d" : "1756461331056350384",
      "t" : 1756461331056,
      "tn" : 1756461331056350384,
      "q" : "220",
      "p" : "0.022626",
      "s" : "sell",
      "i" : "LION_USD",
      "m" : "4611686018427753721"
    }, {
      "d" : "1756461326004722611",
      "t" : 1756461326004,
      "tn" : 1756461326004722611,
      "q" : "210",
      "p" : "0.022710",
      "s" : "buy",
      "i" : "LION_USD",
      "m" : "4611686018427753720"
    }, {
      "d" : "1756461167840321559",
      "t" : 1756461167840,
      "tn" : 1756461167840321559,
      "q" : "12890",
      "p" : "0.022609",
      "s" : "sell",
      "i" : "LION_USD",
      "m" : "4611686018427753719"
    }, {
      "d" : "1756461161028023525",
      "t" : 1756461161028,
      "tn" : 1756461161028023525,
      "q" : "5280",
      "p" : "0.022609",
      "s" : "sell",
      "i" : "LION_USD",
      "m" : "4611686018427753718"
    }, {
      "d" : "1756461159671477870",
      "t" : 1756461159671,
      "tn" : 1756461159671477870,
      "q" : "8390",
      "p" : "0.022609",
      "s" : "sell",
      "i" : "LION_USD",
      "m" : "4611686018427753717"
    }, {
      "d" : "1756461150649199902",
      "t" : 1756461150649,
      "tn" : 1756461150649199902,
      "q" : "350",
      "p" : "0.022677",
      "s" : "buy",
      "i" : "LION_USD",
      "m" : "4611686018427753716"
    }, {
      "d" : "1756461149541858046",
      "t" : 1756461149541,
      "tn" : 1756461149541858046,
      "q" : "350",
      "p" : "0.022670",
      "s" : "sell",
      "i" : "LION_USD",
      "m" : "4611686018427753715"
    }, {
      "d" : "1756461148872176542",
      "t" : 1756461148872,
      "tn" : 1756461148872176542,
      "q" : "5280",
      "p" : "0.022613",
      "s" : "sell",
      "i" : "LION_USD",
      "m" : "4611686018427753714"
    }, {
      "d" : "1756461148872174392",
      "t" : 1756461148872,
      "tn" : 1756461148872174392,
      "q" : "720",
      "p" : "0.022614",
      "s" : "sell",
      "i" : "LION_USD",
      "m" : "4611686018427753713"
    }, {
      "d" : "1756461148872172658",
      "t" : 1756461148872,
      "tn" : 1756461148872172658,
      "q" : "630",
      "p" : "0.022615",
      "s" : "sell",
      "i" : "LION_USD",
      "m" : "4611686018427753712"
    }, {
      "d" : "1756461079413011198",
      "t" : 1756461079413,
      "tn" : 1756461079413011198,
      "q" : "60",
      "p" : "0.022654",
      "s" : "sell",
      "i" : "LION_USD",
      "m" : "4611686018427753711"
    }, {
      "d" : "1756460831329836337",
      "t" : 1756460831329,
      "tn" : 1756460831329836337,
      "q" : "3000",
      "p" : "0.022697",
      "s" : "buy",
      "i" : "LION_USD",
      "m" : "4611686018427753710"
    }, {
      "d" : "1756460816595360695",
      "t" : 1756460816595,
      "tn" : 1756460816595360694,
      "q" : "530",
      "p" : "0.022656",
      "s" : "sell",
      "i" : "LION_USD",
      "m" : "4611686018427753709"
    }, {
      "d" : "1756460816595360694",
      "t" : 1756460816595,
      "tn" : 1756460816595360694,
      "q" : "530",
      "p" : "0.022656",
      "s" : "sell",
      "i" : "LION_USD",
      "m" : "4611686018427753709"
    }, {
      "d" : "1756460746731082459",
      "t" : 1756460746731,
      "tn" : 1756460746731082459,
      "q" : "3330",
      "p" : "0.022657",
      "s" : "buy",
      "i" : "LION_USD",
      "m" : "4611686018427753708"
    }, {
      "d" : "1756460746533017899",
      "t" : 1756460746533,
      "tn" : 1756460746533017899,
      "q" : "530",
      "p" : "0.022656",
      "s" : "buy",
      "i" : "LION_USD",
      "m" : "4611686018427753707"
    }, {
      "d" : "1756460746524917941",
      "t" : 1756460746524,
      "tn" : 1756460746524917941,
      "q" : "530",
      "p" : "0.022656",
      "s" : "buy",
      "i" : "LION_USD",
      "m" : "4611686018427753706"
    }, {
      "d" : "1756460746135803842",
      "t" : 1756460746135,
      "tn" : 1756460746135803842,
      "q" : "530",
      "p" : "0.022656",
      "s" : "buy",
      "i" : "LION_USD",
      "m" : "4611686018427753705"
    }, {
      "d" : "1756460746128357660",
      "t" : 1756460746128,
      "tn" : 1756460746128357660,
      "q" : "280",
      "p" : "0.022656",
      "s" : "buy",
      "i" : "LION_USD",
      "m" : "4611686018427753704"
    }, {
      "d" : "1756460683828985443",
      "t" : 1756460683828,
      "tn" : 1756460683828985443,
      "q" : "530",
      "p" : "0.022596",
      "s" : "buy",
      "i" : "LION_USD",
      "m" : "4611686018427753703"
    }, {
      "d" : "1756460532484135885",
      "t" : 1756460532484,
      "tn" : 1756460532484135885,
      "q" : "110",
      "p" : "0.022614",
      "s" : "buy",
      "i" : "LION_USD",
      "m" : "4611686018427753702"
    }, {
      "d" : "1756460488384408771",
      "t" : 1756460488384,
      "tn" : 1756460488384408771,
      "q" : "530",
      "p" : "0.022614",
      "s" : "buy",
      "i" : "LION_USD",
      "m" : "4611686018427753701"
    }, {
      "d" : "1756460488339455293",
      "t" : 1756460488339,
      "tn" : 1756460488339455293,
      "q" : "100",
      "p" : "0.022580",
      "s" : "buy",
      "i" : "LION_USD",
      "m" : "4611686018427753700"
    }, {
      "d" : "1756460479213710966",
      "t" : 1756460479213,
      "tn" : 1756460479213710966,
      "q" : "50",
      "p" : "0.022593",
      "s" : "buy",
      "i" : "LION_USD",
      "m" : "4611686018427753699"
    }, {
      "d" : "1756460478748990617",
      "t" : 1756460478748,
      "tn" : 1756460478748990617,
      "q" : "50",
      "p" : "0.022593",
      "s" : "buy",
      "i" : "LION_USD",
      "m" : "4611686018427753698"
    }, {
      "d" : "1756460478641559070",
      "t" : 1756460478641,
      "tn" : 1756460478641559070,
      "q" : "50",
      "p" : "0.022593",
      "s" : "buy",
      "i" : "LION_USD",
      "m" : "4611686018427753697"
    }, {
      "d" : "1756460478621532164",
      "t" : 1756460478621,
      "tn" : 1756460478621532164,
      "q" : "50",
      "p" : "0.022593",
      "s" : "buy",
      "i" : "LION_USD",
      "m" : "4611686018427753696"
    }, {
      "d" : "1756460478611680759",
      "t" : 1756460478611,
      "tn" : 1756460478611680759,
      "q" : "50",
      "p" : "0.022593",
      "s" : "buy",
      "i" : "LION_USD",
      "m" : "4611686018427753695"
    }, {
      "d" : "1756460477542793803",
      "t" : 1756460477542,
      "tn" : 1756460477542793803,
      "q" : "320",
      "p" : "0.022581",
      "s" : "sell",
      "i" : "LION_USD",
      "m" : "4611686018427753694"
    }, {
      "d" : "1756460477541106719",
      "t" : 1756460477541,
      "tn" : 1756460477541106719,
      "q" : "320",
      "p" : "0.022581",
      "s" : "buy",
      "i" : "LION_USD",
      "m" : "4611686018427753693"
    }, {
      "d" : "1756460477539448583",
      "t" : 1756460477539,
      "tn" : 1756460477539448583,
      "q" : "870",
      "p" : "0.022579",
      "s" : "buy",
      "i" : "LION_USD",
      "m" : "4611686018427753692"
    }, {
      "d" : "1756460477539445600",
      "t" : 1756460477539,
      "tn" : 1756460477539445600,
      "q" : "11710",
      "p" : "0.022578",
      "s" : "buy",
      "i" : "LION_USD",
      "m" : "4611686018427753691"
    }, {
      "d" : "1756460469751858228",
      "t" : 1756460469751,
      "tn" : 1756460469751858228,
      "q" : "50",
      "p" : "0.022487",
      "s" : "sell",
      "i" : "LION_USD",
      "m" : "4611686018427753690"
    }, {
      "d" : "1756460442497127188",
      "t" : 1756460442497,
      "tn" : 1756460442497127188,
      "q" : "6660",
      "p" : "0.022535",
      "s" : "buy",
      "i" : "LION_USD",
      "m" : "4611686018427753689"
    }, {
      "d" : "1756460399509232360",
      "t" : 1756460399509,
      "tn" : 1756460399509232360,
      "q" : "3990",
      "p" : "0.022520",
      "s" : "buy",
      "i" : "LION_USD",
      "m" : "4611686018427753688"
    }, {
      "d" : "1756460367511268940",
      "t" : 1756460367511,
      "tn" : 1756460367511268940,
      "q" : "3950",
      "p" : "0.022657",
      "s" : "sell",
      "i" : "LION_USD",
      "m" : "4611686018427753687"
    }, {
      "d" : "1756460367511266740",
      "t" : 1756460367511,
      "tn" : 1756460367511266740,
      "q" : "20",
      "p" : "0.022751",
      "s" : "sell",
      "i" : "LION_USD",
      "m" : "4611686018427753686"
    }, {
      "d" : "1756460205346603733",
      "t" : 1756460205346,
      "tn" : 1756460205346603733,
      "q" : "80",
      "p" : "0.022751",
      "s" : "sell",
      "i" : "LION_USD",
      "m" : "4611686018427753685"
    }, {
      "d" : "1756460205038920243",
      "t" : 1756460205038,
      "tn" : 1756460205038920243,
      "q" : "50",
      "p" : "0.022751",
      "s" : "sell",
      "i" : "LION_USD",
      "m" : "4611686018427753684"
    }, {
      "d" : "1756460149943116242",
      "t" : 1756460149943,
      "tn" : 1756460149943116242,
      "q" : "6590",
      "p" : "0.022756",
      "s" : "sell",
      "i" : "LION_USD",
      "m" : "4611686018427753683"
    }, {
      "d" : "1756460145776256963",
      "t" : 1756460145776,
      "tn" : 1756460145776256963,
      "q" : "860",
      "p" : "0.022815",
      "s" : "buy",
      "i" : "LION_USD",
      "m" : "4611686018427753682"
    }, {
      "d" : "1756460141076755562",
      "t" : 1756460141076,
      "tn" : 1756460141076755562,
      "q" : "380",
      "p" : "0.022751",
      "s" : "sell",
      "i" : "LION_USD",
      "m" : "4611686018427753681"
    }, {
      "d" : "1756460141076753775",
      "t" : 1756460141076,
      "tn" : 1756460141076753775,
      "q" : "500",
      "p" : "0.022752",
      "s" : "sell",
      "i" : "LION_USD",
      "m" : "4611686018427753680"
    }, {
      "d" : "1756460105206311039",
      "t" : 1756460105206,
      "tn" : 1756460105206311039,
      "q" : "20000",
      "p" : "0.022752",
      "s" : "buy",
      "i" : "LION_USD",
      "m" : "4611686018427753679"
    }, {
      "d" : "1756459994805885416",
      "t" : 1756459994805,
      "tn" : 1756459994805885416,
      "q" : "20000",
      "p" : "0.022752",
      "s" : "buy",
      "i" : "LION_USD",
      "m" : "4611686018427753678"
    }, {
      "d" : "1756459994796011952",
      "t" : 1756459994796,
      "tn" : 1756459994796011952,
      "q" : "20000",
      "p" : "0.022752",
      "s" : "buy",
      "i" : "LION_USD",
      "m" : "4611686018427753677"
    }, {
      "d" : "1756459919771729868",
      "t" : 1756459919771,
      "tn" : 1756459919771729868,
      "q" : "530",
      "p" : "0.022752",
      "s" : "buy",
      "i" : "LION_USD",
      "m" : "4611686018427753676"
    }, {
      "d" : "1756459919762930274",
      "t" : 1756459919762,
      "tn" : 1756459919762930274,
      "q" : "530",
      "p" : "0.022752",
      "s" : "buy",
      "i" : "LION_USD",
      "m" : "4611686018427753675"
    }, {
      "d" : "1756459914708098890",
      "t" : 1756459914708,
      "tn" : 1756459914708098890,
      "q" : "39020",
      "p" : "0.022696",
      "s" : "sell",
      "i" : "LION_USD",
      "m" : "4611686018427753674"
    }, {
      "d" : "1756459914708097035",
      "t" : 1756459914708,
      "tn" : 1756459914708097035,
      "q" : "770",
      "p" : "0.022697",
      "s" : "sell",
      "i" : "LION_USD",
      "m" : "4611686018427753673"
    }, {
      "d" : "1756459914708095124",
      "t" : 1756459914708,
      "tn" : 1756459914708095124,
      "q" : "280",
      "p" : "0.022750",
      "s" : "sell",
      "i" : "LION_USD",
      "m" : "4611686018427753672"
    }, {
      "d" : "1756459914357598565",
      "t" : 1756459914357,
      "tn" : 1756459914357598565,
      "q" : "50",
      "p" : "0.022751",
      "s" : "buy",
      "i" : "LION_USD",
      "m" : "4611686018427753671"
    }, {
      "d" : "1756459914357348607",
      "t" : 1756459914357,
      "tn" : 1756459914357348607,
      "q" : "280",
      "p" : "0.022751",
      "s" : "buy",
      "i" : "LION_USD",
      "m" : "4611686018427753670"
    }, {
      "d" : "1756459914342559524",
      "t" : 1756459914342,
      "tn" : 1756459914342559524,
      "q" : "50",
      "p" : "0.022751",
      "s" : "buy",
      "i" : "LION_USD",
      "m" : "4611686018427753669"
    }, {
      "d" : "1756459914327577791",
      "t" : 1756459914327,
      "tn" : 1756459914327577791,
      "q" : "50",
      "p" : "0.022751",
      "s" : "buy",
      "i" : "LION_USD",
      "m" : "4611686018427753668"
    }, {
      "d" : "1756459914287501850",
      "t" : 1756459914287,
      "tn" : 1756459914287501850,
      "q" : "50",
      "p" : "0.022751",
      "s" : "buy",
      "i" : "LION_USD",
      "m" : "4611686018427753667"
    }, {
      "d" : "1756459914267462431",
      "t" : 1756459914267,
      "tn" : 1756459914267462431,
      "q" : "50",
      "p" : "0.022751",
      "s" : "buy",
      "i" : "LION_USD",
      "m" : "4611686018427753666"
    }, {
      "d" : "1756459914257514068",
      "t" : 1756459914257,
      "tn" : 1756459914257514068,
      "q" : "50",
      "p" : "0.022751",
      "s" : "buy",
      "i" : "LION_USD",
      "m" : "4611686018427753665"
    }, {
      "d" : "1756459914237481887",
      "t" : 1756459914237,
      "tn" : 1756459914237481887,
      "q" : "50",
      "p" : "0.022751",
      "s" : "buy",
      "i" : "LION_USD",
      "m" : "4611686018427753664"
    }, {
      "d" : "1756459914142343477",
      "t" : 1756459914142,
      "tn" : 1756459914142343477,
      "q" : "50",
      "p" : "0.022751",
      "s" : "buy",
      "i" : "LION_USD",
      "m" : "4611686018427753663"
    }, {
      "d" : "1756459914107304616",
      "t" : 1756459914107,
      "tn" : 1756459914107304616,
      "q" : "50",
      "p" : "0.022751",
      "s" : "buy",
      "i" : "LION_USD",
      "m" : "4611686018427753662"
    }, {
      "d" : "1756459914087320167",
      "t" : 1756459914087,
      "tn" : 1756459914087320167,
      "q" : "50",
      "p" : "0.022751",
      "s" : "buy",
      "i" : "LION_USD",
      "m" : "4611686018427753661"
    }, {
      "d" : "1756459914043145502",
      "t" : 1756459914043,
      "tn" : 1756459914043145502,
      "q" : "50",
      "p" : "0.022751",
      "s" : "buy",
      "i" : "LION_USD",
      "m" : "4611686018427753660"
    }, {
      "d" : "1756459913926424046",
      "t" : 1756459913926,
      "tn" : 1756459913926424046,
      "q" : "50",
      "p" : "0.022751",
      "s" : "buy",
      "i" : "LION_USD",
      "m" : "4611686018427753659"
    }, {
      "d" : "1756459913779845382",
      "t" : 1756459913779,
      "tn" : 1756459913779845382,
      "q" : "250",
      "p" : "0.022750",
      "s" : "buy",
      "i" : "LION_USD",
      "m" : "4611686018427753658"
    }, {
      "d" : "1756459913774803750",
      "t" : 1756459913774,
      "tn" : 1756459913774803750,
      "q" : "260",
      "p" : "0.022750",
      "s" : "buy",
      "i" : "LION_USD",
      "m" : "4611686018427753657"
    }, {
      "d" : "1756459913770400760",
      "t" : 1756459913770,
      "tn" : 1756459913770400760,
      "q" : "260",
      "p" : "0.022750",
      "s" : "buy",
      "i" : "LION_USD",
      "m" : "4611686018427753656"
    }, {
      "d" : "1756459907397135529",
      "t" : 1756459907397,
      "tn" : 1756459907397135529,
      "q" : "38770",
      "p" : "0.022763",
      "s" : "sell",
      "i" : "LION_USD",
      "m" : "4611686018427753655"
    }, {
      "d" : "1756459907397133076",
      "t" : 1756459907397,
      "tn" : 1756459907397133076,
      "q" : "770",
      "p" : "0.022764",
      "s" : "sell",
      "i" : "LION_USD",
      "m" : "4611686018427753654"
    }, {
      "d" : "1756459904837447517",
      "t" : 1756459904837,
      "tn" : 1756459904837447517,
      "q" : "25820",
      "p" : "0.022774",
      "s" : "sell",
      "i" : "LION_USD",
      "m" : "4611686018427753653"
    }, {
      "d" : "1756459904837446529",
      "t" : 1756459904837,
      "tn" : 1756459904837446529,
      "q" : "530",
      "p" : "0.022807",
      "s" : "sell",
      "i" : "LION_USD",
      "m" : "4611686018427753652"
    }, {
      "d" : "1756459904778156850",
      "t" : 1756459904778,
      "tn" : 1756459904778156850,
      "q" : "530",
      "p" : "0.022807",
      "s" : "buy",
      "i" : "LION_USD",
      "m" : "4611686018427753651"
    }, {
      "d" : "1756459904764897698",
      "t" : 1756459904764,
      "tn" : 1756459904764897698,
      "q" : "530",
      "p" : "0.022807",
      "s" : "buy",
      "i" : "LION_USD",
      "m" : "4611686018427753650"
    }, {
      "d" : "1756459799694838708",
      "t" : 1756459799694,
      "tn" : 1756459799694838708,
      "q" : "35120",
      "p" : "0.022728",
      "s" : "sell",
      "i" : "LION_USD",
      "m" : "4611686018427753649"
    }, {
      "d" : "1756459799694836207",
      "t" : 1756459799694,
      "tn" : 1756459799694836207,
      "q" : "5000",
      "p" : "0.022729",
      "s" : "sell",
      "i" : "LION_USD",
      "m" : "4611686018427753648"
    }, {
      "d" : "1756459791191529579",
      "t" : 1756459791191,
      "tn" : 1756459791191529579,
      "q" : "33590",
      "p" : "0.022757",
      "s" : "sell",
      "i" : "LION_USD",
      "m" : "4611686018427753647"
    }, {
      "d" : "1756459791191527401",
      "t" : 1756459791191,
      "tn" : 1756459791191527401,
      "q" : "6590",
      "p" : "0.022758",
      "s" : "sell",
      "i" : "LION_USD",
      "m" : "4611686018427753646"
    }, {
      "d" : "1756459790338249590",
      "t" : 1756459790338,
      "tn" : 1756459790338249590,
      "q" : "32920",
      "p" : "0.022785",
      "s" : "sell",
      "i" : "LION_USD",
      "m" : "4611686018427753645"
    }, {
      "d" : "1756459790338247405",
      "t" : 1756459790338,
      "tn" : 1756459790338247405,
      "q" : "6580",
      "p" : "0.022786",
      "s" : "sell",
      "i" : "LION_USD",
      "m" : "4611686018427753644"
    }, {
      "d" : "1756459789774897122",
      "t" : 1756459789774,
      "tn" : 1756459789774897122,
      "q" : "6580",
      "p" : "0.022786",
      "s" : "sell",
      "i" : "LION_USD",
      "m" : "4611686018427753643"
    }, {
      "d" : "1756459789416986799",
      "t" : 1756459789416,
      "tn" : 1756459789416986799,
      "q" : "6580",
      "p" : "0.022786",
      "s" : "sell",
      "i" : "LION_USD",
      "m" : "4611686018427753642"
    }, {
      "d" : "1756459785066047206",
      "t" : 1756459785066,
      "tn" : 1756459785066047206,
      "q" : "20000",
      "p" : "0.022804",
      "s" : "sell",
      "i" : "LION_USD",
      "m" : "4611686018427753641"
    }, {
      "d" : "1756459785065506487",
      "t" : 1756459785065,
      "tn" : 1756459785065506487,
      "q" : "22130",
      "p" : "0.022804",
      "s" : "sell",
      "i" : "LION_USD",
      "m" : "4611686018427753640"
    }, {
      "d" : "1756459782785314530",
      "t" : 1756459782785,
      "tn" : 1756459782785314530,
      "q" : "8870",
      "p" : "0.022785",
      "s" : "sell",
      "i" : "LION_USD",
      "m" : "4611686018427753639"
    }, {
      "d" : "1756459782767191347",
      "t" : 1756459782767,
      "tn" : 1756459782767191347,
      "q" : "39600",
      "p" : "0.022785",
      "s" : "sell",
      "i" : "LION_USD",
      "m" : "4611686018427753638"
    }, {
      "d" : "1756459757884668220",
      "t" : 1756459757884,
      "tn" : 1756459757884668220,
      "q" : "4480",
      "p" : "0.022650",
      "s" : "sell",
      "i" : "LION_USD",
      "m" : "4611686018427753637"
    }, {
      "d" : "1756459757884666326",
      "t" : 1756459757884,
      "tn" : 1756459757884666326,
      "q" : "33170",
      "p" : "0.022656",
      "s" : "sell",
      "i" : "LION_USD",
      "m" : "4611686018427753636"
    }, {
      "d" : "1756459757884663191",
      "t" : 1756459757884,
      "tn" : 1756459757884663191,
      "q" : "2590",
      "p" : "0.022657",
      "s" : "sell",
      "i" : "LION_USD",
      "m" : "4611686018427753635"
    }, {
      "d" : "1756459749394359128",
      "t" : 1756459749394,
      "tn" : 1756459749394359128,
      "q" : "4030",
      "p" : "0.022687",
      "s" : "sell",
      "i" : "LION_USD",
      "m" : "4611686018427753634"
    }, {
      "d" : "1756459744748129313",
      "t" : 1756459744748,
      "tn" : 1756459744748129313,
      "q" : "6620",
      "p" : "0.022666",
      "s" : "sell",
      "i" : "LION_USD",
      "m" : "4611686018427753633"
    }, {
      "d" : "1756459633445138959",
      "t" : 1756459633445,
      "tn" : 1756459633445138959,
      "q" : "100",
      "p" : "0.022620",
      "s" : "buy",
      "i" : "LION_USD",
      "m" : "4611686018427753632"
    }, {
      "d" : "1756459633443150530",
      "t" : 1756459633443,
      "tn" : 1756459633443150529,
      "q" : "2530",
      "p" : "0.022620",
      "s" : "buy",
      "i" : "LION_USD",
      "m" : "4611686018427753631"
    }, {
      "d" : "1756459633443150529",
      "t" : 1756459633443,
      "tn" : 1756459633443150529,
      "q" : "770",
      "p" : "0.022620",
      "s" : "buy",
      "i" : "LION_USD",
      "m" : "4611686018427753631"
    }, {
      "d" : "1756459575691738623",
      "t" : 1756459575691,
      "tn" : 1756459575691738623,
      "q" : "750",
      "p" : "0.022611",
      "s" : "sell",
      "i" : "LION_USD",
      "m" : "4611686018427753630"
    }, {
      "d" : "1756459575691736797",
      "t" : 1756459575691,
      "tn" : 1756459575691736797,
      "q" : "2510",
      "p" : "0.022620",
      "s" : "sell",
      "i" : "LION_USD",
      "m" : "4611686018427753629"
    }, {
      "d" : "1756459575691733856",
      "t" : 1756459575691,
      "tn" : 1756459575691733856,
      "q" : "770",
      "p" : "0.022622",
      "s" : "sell",
      "i" : "LION_USD",
      "m" : "4611686018427753628"
    }, {
      "d" : "1756459567681128535",
      "t" : 1756459567681,
      "tn" : 1756459567681128535,
      "q" : "4020",
      "p" : "0.022658",
      "s" : "sell",
      "i" : "LION_USD",
      "m" : "4611686018427753627"
    }, {
      "d" : "1756459567681126487",
      "t" : 1756459567681,
      "tn" : 1756459567681126487,
      "q" : "10",
      "p" : "0.022681",
      "s" : "sell",
      "i" : "LION_USD",
      "m" : "4611686018427753626"
    }, {
      "d" : "1756459544951923199",
      "t" : 1756459544951,
      "tn" : 1756459544951923199,
      "q" : "250",
      "p" : "0.022681",
      "s" : "buy",
      "i" : "LION_USD",
      "m" : "4611686018427753625"
    }, {
      "d" : "1756459544944626299",
      "t" : 1756459544944,
      "tn" : 1756459544944626299,
      "q" : "260",
      "p" : "0.022681",
      "s" : "buy",
      "i" : "LION_USD",
      "m" : "4611686018427753624"
    }, {
      "d" : "1756459544939451605",
      "t" : 1756459544939,
      "tn" : 1756459544939451605,
      "q" : "260",
      "p" : "0.022681",
      "s" : "buy",
      "i" : "LION_USD",
      "m" : "4611686018427753623"
    }, {
      "d" : "1756459544934017660",
      "t" : 1756459544934,
      "tn" : 1756459544934017660,
      "q" : "530",
      "p" : "0.022682",
      "s" : "buy",
      "i" : "LION_USD",
      "m" : "4611686018427753622"
    }, {
      "d" : "1756459534373082815",
      "t" : 1756459534373,
      "tn" : 1756459534373082815,
      "q" : "4030",
      "p" : "0.022620",
      "s" : "sell",
      "i" : "LION_USD",
      "m" : "4611686018427753621"
    }, {
      "d" : "1756459525852984652",
      "t" : 1756459525852,
      "tn" : 1756459525852984652,
      "q" : "4030",
      "p" : "0.022655",
      "s" : "sell",
      "i" : "LION_USD",
      "m" : "4611686018427753620"
    }, {
      "d" : "1756459517328230858",
      "t" : 1756459517328,
      "tn" : 1756459517328230858,
      "q" : "4030",
      "p" : "0.022646",
      "s" : "sell",
      "i" : "LION_USD",
      "m" : "4611686018427753619"
    }, {
      "d" : "1756459508849711337",
      "t" : 1756459508849,
      "tn" : 1756459508849711337,
      "q" : "4030",
      "p" : "0.022641",
      "s" : "sell",
      "i" : "LION_USD",
      "m" : "4611686018427753618"
    }, {
      "d" : "1756459506403981684",
      "t" : 1756459506403,
      "tn" : 1756459506403981684,
      "q" : "3970",
      "p" : "0.022663",
      "s" : "sell",
      "i" : "LION_USD",
      "m" : "4611686018427753617"
    }, {
      "d" : "1756459500287337096",
      "t" : 1756459500287,
      "tn" : 1756459500287337096,
      "q" : "4030",
      "p" : "0.022654",
      "s" : "sell",
      "i" : "LION_USD",
      "m" : "4611686018427753616"
    }, {
      "d" : "1756459496507445552",
      "t" : 1756459496507,
      "tn" : 1756459496507445552,
      "q" : "6070",
      "p" : "0.022667",
      "s" : "sell",
      "i" : "LION_USD",
      "m" : "4611686018427753615"
    }, {
      "d" : "1756459496507443445",
      "t" : 1756459496507,
      "tn" : 1756459496507443445,
      "q" : "550",
      "p" : "0.022668",
      "s" : "sell",
      "i" : "LION_USD",
      "m" : "4611686018427753614"
    }, {
      "d" : "1756459493307080424",
      "t" : 1756459493307,
      "tn" : 1756459493307080424,
      "q" : "5650",
      "p" : "0.022667",
      "s" : "sell",
      "i" : "LION_USD",
      "m" : "4611686018427753613"
    }, {
      "d" : "1756459493307078333",
      "t" : 1756459493307,
      "tn" : 1756459493307078333,
      "q" : "970",
      "p" : "0.022668",
      "s" : "sell",
      "i" : "LION_USD",
      "m" : "4611686018427753612"
    }, {
      "d" : "1756459491773836641",
      "t" : 1756459491773,
      "tn" : 1756459491773836641,
      "q" : "3060",
      "p" : "0.022638",
      "s" : "sell",
      "i" : "LION_USD",
      "m" : "4611686018427753611"
    }, {
      "d" : "1756459491773834142",
      "t" : 1756459491773,
      "tn" : 1756459491773834142,
      "q" : "970",
      "p" : "0.022639",
      "s" : "sell",
      "i" : "LION_USD",
      "m" : "4611686018427753610"
    }, {
      "d" : "1756459405340902897",
      "t" : 1756459405340,
      "tn" : 1756459405340902897,
      "q" : "900",
      "p" : "0.022572",
      "s" : "sell",
      "i" : "LION_USD",
      "m" : "4611686018427753609"
    }, {
      "d" : "1756459229952492238",
      "t" : 1756459229952,
      "tn" : 1756459229952492238,
      "q" : "4030",
      "p" : "0.022623",
      "s" : "sell",
      "i" : "LION_USD",
      "m" : "4611686018427753608"
    }, {
      "d" : "1756459221423529888",
      "t" : 1756459221423,
      "tn" : 1756459221423529888,
      "q" : "4030",
      "p" : "0.022618",
      "s" : "sell",
      "i" : "LION_USD",
      "m" : "4611686018427753607"
    }, {
      "d" : "1756459212939791856",
      "t" : 1756459212939,
      "tn" : 1756459212939791856,
      "q" : "4030",
      "p" : "0.022623",
      "s" : "sell",
      "i" : "LION_USD",
      "m" : "4611686018427753606"
    }, {
      "d" : "1756459199384053733",
      "t" : 1756459199384,
      "tn" : 1756459199384053733,
      "q" : "4030",
      "p" : "0.022594",
      "s" : "sell",
      "i" : "LION_USD",
      "m" : "4611686018427753605"
    }, {
      "d" : "1756459190864203795",
      "t" : 1756459190864,
      "tn" : 1756459190864203795,
      "q" : "4030",
      "p" : "0.022605",
      "s" : "sell",
      "i" : "LION_USD",
      "m" : "4611686018427753604"
    }, {
      "d" : "1756459157535127228",
      "t" : 1756459157535,
      "tn" : 1756459157535127228,
      "q" : "11590",
      "p" : "0.022498",
      "s" : "sell",
      "i" : "LION_USD",
      "m" : "4611686018427753603"
    }, {
      "d" : "1756459157535124913",
      "t" : 1756459157535,
      "tn" : 1756459157535124913,
      "q" : "780",
      "p" : "0.022499",
      "s" : "sell",
      "i" : "LION_USD",
      "m" : "4611686018427753602"
    }, {
      "d" : "1756459157535122477",
      "t" : 1756459157535,
      "tn" : 1756459157535122477,
      "q" : "980",
      "p" : "0.022500",
      "s" : "sell",
      "i" : "LION_USD",
      "m" : "4611686018427753601"
    }, {
      "d" : "1756459157535119495",
      "t" : 1756459157535,
      "tn" : 1756459157535119495,
      "q" : "100",
      "p" : "0.022511",
      "s" : "sell",
      "i" : "LION_USD",
      "m" : "4611686018427753600"
    }, {
      "d" : "1756459148903739713",
      "t" : 1756459148903,
      "tn" : 1756459148903739713,
      "q" : "33160",
      "p" : "0.022605",
      "s" : "sell",
      "i" : "LION_USD",
      "m" : "4611686018427753599"
    }, {
      "d" : "1756459148860867465",
      "t" : 1756459148860,
      "tn" : 1756459148860867465,
      "q" : "4270",
      "p" : "0.022600",
      "s" : "sell",
      "i" : "LION_USD",
      "m" : "4611686018427753598"
    }, {
      "d" : "1756459148860383285",
      "t" : 1756459148860,
      "tn" : 1756459148860383285,
      "q" : "4100",
      "p" : "0.022600",
      "s" : "sell",
      "i" : "LION_USD",
      "m" : "4611686018427753597"
    }, {
      "d" : "1756459148846044543",
      "t" : 1756459148846,
      "tn" : 1756459148846044543,
      "q" : "530",
      "p" : "0.022600",
      "s" : "sell",
      "i" : "LION_USD",
      "m" : "4611686018427753596"
    }, {
      "d" : "1756459148836753222",
      "t" : 1756459148836,
      "tn" : 1756459148836753222,
      "q" : "530",
      "p" : "0.022600",
      "s" : "sell",
      "i" : "LION_USD",
      "m" : "4611686018427753595"
    }, {
      "d" : "1756459148826089222",
      "t" : 1756459148826,
      "tn" : 1756459148826089222,
      "q" : "530",
      "p" : "0.022600",
      "s" : "sell",
      "i" : "LION_USD",
      "m" : "4611686018427753594"
    }, {
      "d" : "1756459148820046240",
      "t" : 1756459148820,
      "tn" : 1756459148820046240,
      "q" : "530",
      "p" : "0.022600",
      "s" : "sell",
      "i" : "LION_USD",
      "m" : "4611686018427753593"
    }, {
      "d" : "1756459148816205885",
      "t" : 1756459148816,
      "tn" : 1756459148816205885,
      "q" : "530",
      "p" : "0.022600",
      "s" : "sell",
      "i" : "LION_USD",
      "m" : "4611686018427753592"
    }, {
      "d" : "1756459148800811677",
      "t" : 1756459148800,
      "tn" : 1756459148800811677,
      "q" : "620",
      "p" : "0.022600",
      "s" : "sell",
      "i" : "LION_USD",
      "m" : "4611686018427753591"
    }, {
      "d" : "1756459148797133800",
      "t" : 1756459148797,
      "tn" : 1756459148797133800,
      "q" : "6640",
      "p" : "0.022600",
      "s" : "sell",
      "i" : "LION_USD",
      "m" : "4611686018427753590"
    }, {
      "d" : "1756459148790840437",
      "t" : 1756459148790,
      "tn" : 1756459148790840437,
      "q" : "47950",
      "p" : "0.022600",
      "s" : "buy",
      "i" : "LION_USD",
      "m" : "4611686018427753589"
    }, {
      "d" : "1756459148790837715",
      "t" : 1756459148790,
      "tn" : 1756459148790837715,
      "q" : "33170",
      "p" : "0.022596",
      "s" : "buy",
      "i" : "LION_USD",
      "m" : "4611686018427753588"
    }, {
      "d" : "1756459148790834621",
      "t" : 1756459148790,
      "tn" : 1756459148790834621,
      "q" : "11500",
      "p" : "0.022583",
      "s" : "buy",
      "i" : "LION_USD",
      "m" : "4611686018427753587"
    }, {
      "d" : "1756459106591593926",
      "t" : 1756459106591,
      "tn" : 1756459106591593926,
      "q" : "700",
      "p" : "0.022627",
      "s" : "buy",
      "i" : "LION_USD",
      "m" : "4611686018427753586"
    }, {
      "d" : "1756459101325415782",
      "t" : 1756459101325,
      "tn" : 1756459101325415782,
      "q" : "1770",
      "p" : "0.022536",
      "s" : "sell",
      "i" : "LION_USD",
      "m" : "4611686018427753585"
    }, {
      "d" : "1756459101289705286",
      "t" : 1756459101289,
      "tn" : 1756459101289705286,
      "q" : "3550",
      "p" : "0.022545",
      "s" : "sell",
      "i" : "LION_USD",
      "m" : "4611686018427753584"
    }, {
      "d" : "1756459090685259573",
      "t" : 1756459090685,
      "tn" : 1756459090685259573,
      "q" : "290",
      "p" : "0.022476",
      "s" : "sell",
      "i" : "LION_USD",
      "m" : "4611686018427753583"
    }, {
      "d" : "1756459087983239917",
      "t" : 1756459087983,
      "tn" : 1756459087983239917,
      "q" : "40",
      "p" : "0.022424",
      "s" : "buy",
      "i" : "LION_USD",
      "m" : "4611686018427753582"
    }, {
      "d" : "1756459087980434057",
      "t" : 1756459087980,
      "tn" : 1756459087980434057,
      "q" : "160",
      "p" : "0.022424",
      "s" : "buy",
      "i" : "LION_USD",
      "m" : "4611686018427753581"
    }, {
      "d" : "1756458734786555586",
      "t" : 1756458734786,
      "tn" : 1756458734786555586,
      "q" : "60",
      "p" : "0.022541",
      "s" : "sell",
      "i" : "LION_USD",
      "m" : "4611686018427753580"
    }, {
      "d" : "1756458734776550764",
      "t" : 1756458734776,
      "tn" : 1756458734776550764,
      "q" : "270",
      "p" : "0.022541",
      "s" : "sell",
      "i" : "LION_USD",
      "m" : "4611686018427753579"
    } ]
  }
}