{
  "id" : -1,
  "method" : "public/get-trades",
  "code" : 0,
  "result" : {
    "data" : [ {
      "d" : "1756461351031897562",
      "t" : 1756461351031,
      "tn" : 1756461351031897562,
      "q" : "20.0",
      "p" : "0.084680",
      "s" : "sell",
      "i" : "LMWR_USD",
      "m" : "4611686018430240594"
    }, {
      "d" : "1756461244521580796",
      "t" : 1756461244521,
      "tn" : 1756461244521580796,
      "q" : "20.0",
      "p" : "0.084738",
      "s" : "sell",
      "i" : "LMWR_USD",
      "m" : "4611686018430240593"
    }, {
      "d" : "1756461185114754806",
      "t" : 1756461185114,
      "tn" : 1756461185114754806,
      "q" : "122.0",
      "p" : "0.084839",
      "s" : "buy",
      "i" : "LMWR_USD",
      "m" : "4611686018430240592"
    }, {
      "d" : "1756461185097261672",
      "t" : 1756461185097,
      "tn" : 1756461185097261672,
      "q" : "168.2",
      "p" : "0.084916",
      "s" : "sell",
      "i" : "LMWR_USD",
      "m" : "4611686018430240591"
    }, {
      "d" : "1756461185097259450",
      "t" : 1756461185097,
      "tn" : 1756461185097259450,
      "q" : "123.5",
      "p" : "0.084986",
      "s" : "sell",
      "i" : "LMWR_USD",
      "m" : "4611686018430240590"
    }, {
      "d" : "1756461185097257303",
      "t" : 1756461185097,
      "tn" : 1756461185097257303,
      "q" : "742.4",
      "p" : "0.084987",
      "s" : "sell",
      "i" : "LMWR_USD",
      "m" : "4611686018430240589"
    }, {
      "d" : "1756459172528088599",
      "t" : 1756459172528,
      "tn" : 1756459172528088599,
      "q" : "46.1",
      "p" : "0.085000",
      "s" : "sell",
      "i" : "LMWR_USD",
      "m" : "4611686018430240588"
    }, {
      "d" : "1756459168527516767",
      "t" : 1756459168527,
      "tn" : 1756459168527516767,
      "q" : "633.3",
      "p" : "0.085000",
      "s" : "sell",
      "i" : "LMWR_USD",
      "m" : "4611686018430240587"
    }, {
      "d" : "1756458655002391789",
      "t" : 1756458655002,
      "tn" : 1756458655002391789,
      "q" : "602.3",
      "p" : "0.085000",
      "s" : "sell",
      "i" : "LMWR_USD",
      "m" : "4611686018430240586"
    }, {
      "d" : "1756458650910063286",
      "t" : 1756458650910,
      "tn" : 1756458650910063286,
      "q" : "657.7",
      "p" : "0.085000",
      "s" : "sell",
      "i" : "LMWR_USD",
      "m" : "4611686018430240585"
    }, {
      "d" : "1756458622218847582",
      "t" : 1756458622218,
      "tn" : 1756458622218847582,
      "q" : "113.9",
      "p" : "0.084995",
      "s" : "buy",
      "i" : "LMWR_USD",
      "m" : "4611686018430240584"
    }, {
      "d" : "1756458622218844484",
      "t" : 1756458622218,
      "tn" : 1756458622218844483,
      "q" : "150.0",
      "p" : "0.084971",
      "s" : "buy",
      "i" : "LMWR_USD",
      "m" : "4611686018430240583"
    }, {
      "d" : "1756458622218844483",
      "t" : 1756458622218,
      "tn" : 1756458622218844483,
      "q" : "700.0",
      "p" : "0.084971",
      "s" : "buy",
      "i" : "LMWR_USD",
      "m" : "4611686018430240583"
    }, {
      "d" : "1756457863223678116",
      "t" : 1756457863223,
      "tn" : 1756457863223678116,
      "q" : "20.0",
      "p" : "0.085086",
      "s" : "sell",
      "i" : "LMWR_USD",
      "m" : "4611686018430240582"
    }, {
      "d" : "1756456454015044627",
      "t" : 1756456454015,
      "tn" : 1756456454015044627,
      "q" : "610.2",
      "p" : "0.085306",
      "s" : "buy",
      "i" : "LMWR_USD",
      "m" : "4611686018430240581"
    }, {
      "d" : "1756456450004024767",
      "t" : 1756456450004,
      "tn" : 1756456450004024767,
      "q" : "108.5",
      "p" : "0.085307",
      "s" : "buy",
      "i" : "LMWR_USD",
      "m" : "4611686018430240580"
    }, {
      "d" : "1756456437652318805",
      "t" : 1756456437652,
      "tn" : 1756456437652318805,
      "q" : "591.5",
      "p" : "0.085307",
      "s" : "buy",
      "i" : "LMWR_USD",
      "m" : "4611686018430240579"
    }, {
      "d" : "1756455877245821910",
      "t" : 1756455877245,
      "tn" : 1756455877245821910,
      "q" : "112.8",
      "p" : "0.085364",
      "s" : "sell",
      "i" : "LMWR_USD",
      "m" : "4611686018430240578"
    }, {
      "d" : "1756454473246399424",
      "t" : 1756454473246,
      "tn" : 1756454473246399424,
      "q" : "111.6",
      "p" : "0.085489",
      "s" : "buy",
      "i" : "LMWR_USD",
      "m" : "4611686018430240577"
    }, {
      "d" : "1756454128670695140",
      "t" : 1756454128670,
      "tn" : 1756454128670695140,
      "q" : "140.0",
      "p" : "0.085473",
      "s" : "buy",
      "i" : "LMWR_USD",
      "m" : "4611686018430240576"
    }, {
      "d" : "1756454128670692951",
      "t" : 1756454128670,
      "tn" : 1756454128670692951,
      "q" : "700.0",
      "p" : "0.085472",
      "s" : "buy",
      "i" : "LMWR_USD",
      "m" : "4611686018430240575"
    }, {
      "d" : "1756453152439749871",
      "t" : 1756453152439,
      "tn" : 1756453152439749871,
      "q" : "20.0",
      "p" : "0.085492",
      "s" : "sell",
      "i" : "LMWR_USD",
      "m" : "4611686018430240574"
    }, {
      "d" : "1756453126311531536",
      "t" : 1756453126311,
      "tn" : 1756453126311531536,
      "q" : "20.0",
      "p" : "0.085608",
      "s" : "sell",
      "i" : "LMWR_USD",
      "m" : "4611686018430240573"
    }, {
      "d" : "1756453120280691416",
      "t" : 1756453120280,
      "tn" : 1756453120280691416,
      "q" : "20.0",
      "p" : "0.085666",
      "s" : "sell",
      "i" : "LMWR_USD",
      "m" : "4611686018430240572"
    }, {
      "d" : "1756453110772499443",
      "t" : 1756453110772,
      "tn" : 1756453110772499443,
      "q" : "20.0",
      "p" : "0.085724",
      "s" : "sell",
      "i" : "LMWR_USD",
      "m" : "4611686018430240571"
    }, {
      "d" : "1756453106135538478",
      "t" : 1756453106135,
      "tn" : 1756453106135538478,
      "q" : "20.0",
      "p" : "0.085840",
      "s" : "sell",
      "i" : "LMWR_USD",
      "m" : "4611686018430240570"
    }, {
      "d" : "1756452996886242974",
      "t" : 1756452996886,
      "tn" : 1756452996886242974,
      "q" : "20.0",
      "p" : "0.086014",
      "s" : "sell",
      "i" : "LMWR_USD",
      "m" : "4611686018430240569"
    }, {
      "d" : "1756452966447281037",
      "t" : 1756452966447,
      "tn" : 1756452966447281037,
      "q" : "20.0",
      "p" : "0.086072",
      "s" : "sell",
      "i" : "LMWR_USD",
      "m" : "4611686018430240568"
    }, {
      "d" : "1756452958377988065",
      "t" : 1756452958377,
      "tn" : 1756452958377988065,
      "q" : "20.0",
      "p" : "0.086130",
      "s" : "sell",
      "i" : "LMWR_USD",
      "m" : "4611686018430240567"
    }, {
      "d" : "1756452958377984912",
      "t" : 1756452958377,
      "tn" : 1756452958377984912,
      "q" : "20.0",
      "p" : "0.086188",
      "s" : "sell",
      "i" : "LMWR_USD",
      "m" : "4611686018430240566"
    }, {
      "d" : "1756452863242126196",
      "t" : 1756452863242,
      "tn" : 1756452863242126196,
      "q" : "20.0",
      "p" : "0.086246",
      "s" : "sell",
      "i" : "LMWR_USD",
      "m" : "4611686018430240565"
    }, {
      "d" : "1756451802653520892",
      "t" : 1756451802653,
      "tn" : 1756451802653520892,
      "q" : "79.5",
      "p" : "0.086311",
      "s" : "sell",
      "i" : "LMWR_USD",
      "m" : "4611686018430240564"
    }, {
      "d" : "1756451802653519266",
      "t" : 1756451802653,
      "tn" : 1756451802653519266,
      "q" : "20.0",
      "p" : "0.086362",
      "s" : "sell",
      "i" : "LMWR_USD",
      "m" : "4611686018430240563"
    }, {
      "d" : "1756451802653517767",
      "t" : 1756451802653,
      "tn" : 1756451802653517767,
      "q" : "1332.1",
      "p" : "0.086373",
      "s" : "sell",
      "i" : "LMWR_USD",
      "m" : "4611686018430240562"
    }, {
      "d" : "1756451802653514213",
      "t" : 1756451802653,
      "tn" : 1756451802653514213,
      "q" : "690.0",
      "p" : "0.086386",
      "s" : "sell",
      "i" : "LMWR_USD",
      "m" : "4611686018430240561"
    }, {
      "d" : "1756451802653510956",
      "t" : 1756451802653,
      "tn" : 1756451802653510956,
      "q" : "115.5",
      "p" : "0.086420",
      "s" : "sell",
      "i" : "LMWR_USD",
      "m" : "4611686018430240560"
    }, {
      "d" : "1756451802653507952",
      "t" : 1756451802653,
      "tn" : 1756451802653507952,
      "q" : "107.2",
      "p" : "0.086502",
      "s" : "sell",
      "i" : "LMWR_USD",
      "m" : "4611686018430240559"
    }, {
      "d" : "1756450231128711157",
      "t" : 1756450231128,
      "tn" : 1756450231128711157,
      "q" : "1312.7",
      "p" : "0.086454",
      "s" : "sell",
      "i" : "LMWR_USD",
      "m" : "4611686018430240558"
    }, {
      "d" : "1756450231128710643",
      "t" : 1756450231128,
      "tn" : 1756450231128710643,
      "q" : "115.3",
      "p" : "0.086471",
      "s" : "sell",
      "i" : "LMWR_USD",
      "m" : "4611686018430240557"
    }, {
      "d" : "1756450231128706966",
      "t" : 1756450231128,
      "tn" : 1756450231128706966,
      "q" : "20.0",
      "p" : "0.086478",
      "s" : "sell",
      "i" : "LMWR_USD",
      "m" : "4611686018430240556"
    }, {
      "d" : "1756450231128704510",
      "t" : 1756450231128,
      "tn" : 1756450231128704510,
      "q" : "630.0",
      "p" : "0.086487",
      "s" : "sell",
      "i" : "LMWR_USD",
      "m" : "4611686018430240555"
    }, {
      "d" : "1756450231128702049",
      "t" : 1756450231128,
      "tn" : 1756450231128702049,
      "q" : "150.0",
      "p" : "0.086533",
      "s" : "sell",
      "i" : "LMWR_USD",
      "m" : "4611686018430240554"
    }, {
      "d" : "1756450231128699863",
      "t" : 1756450231128,
      "tn" : 1756450231128699863,
      "q" : "115.3",
      "p" : "0.086574",
      "s" : "sell",
      "i" : "LMWR_USD",
      "m" : "4611686018430240553"
    }, {
      "d" : "1756450163530458638",
      "t" : 1756450163530,
      "tn" : 1756450163530458638,
      "q" : "1468.8",
      "p" : "0.086404",
      "s" : "sell",
      "i" : "LMWR_USD",
      "m" : "4611686018430240552"
    }, {
      "d" : "1756450163530457033",
      "t" : 1756450163530,
      "tn" : 1756450163530457033,
      "q" : "20.0",
      "p" : "0.086420",
      "s" : "sell",
      "i" : "LMWR_USD",
      "m" : "4611686018430240551"
    }, {
      "d" : "1756450163530454405",
      "t" : 1756450163530,
      "tn" : 1756450163530454405,
      "q" : "115.2",
      "p" : "0.086437",
      "s" : "sell",
      "i" : "LMWR_USD",
      "m" : "4611686018430240550"
    }, {
      "d" : "1756450163530451497",
      "t" : 1756450163530,
      "tn" : 1756450163530451497,
      "q" : "630.0",
      "p" : "0.086448",
      "s" : "sell",
      "i" : "LMWR_USD",
      "m" : "4611686018430240549"
    }, {
      "d" : "1756450163530448029",
      "t" : 1756450163530,
      "tn" : 1756450163530448029,
      "q" : "20.0",
      "p" : "0.086478",
      "s" : "sell",
      "i" : "LMWR_USD",
      "m" : "4611686018430240548"
    }, {
      "d" : "1756450163530444451",
      "t" : 1756450163530,
      "tn" : 1756450163530444451,
      "q" : "112.4",
      "p" : "0.086524",
      "s" : "sell",
      "i" : "LMWR_USD",
      "m" : "4611686018430240547"
    }, {
      "d" : "1756449180384271037",
      "t" : 1756449180384,
      "tn" : 1756449180384271037,
      "q" : "109.7",
      "p" : "0.086535",
      "s" : "buy",
      "i" : "LMWR_USD",
      "m" : "4611686018430240546"
    }, {
      "d" : "1756447553369176832",
      "t" : 1756447553369,
      "tn" : 1756447553369176832,
      "q" : "437.3",
      "p" : "0.086603",
      "s" : "sell",
      "i" : "LMWR_USD",
      "m" : "4611686018430240545"
    }, {
      "d" : "1756447547712213188",
      "t" : 1756447547712,
      "tn" : 1756447547712213188,
      "q" : "140.0",
      "p" : "0.086603",
      "s" : "buy",
      "i" : "LMWR_USD",
      "m" : "4611686018430240544"
    }, {
      "d" : "1756447243276321315",
      "t" : 1756447243276,
      "tn" : 1756447243276321315,
      "q" : "20.0",
      "p" : "0.086652",
      "s" : "sell",
      "i" : "LMWR_USD",
      "m" : "4611686018430240543"
    }, {
      "d" : "1756447243276319163",
      "t" : 1756447243276,
      "tn" : 1756447243276319163,
      "q" : "20.0",
      "p" : "0.086710",
      "s" : "sell",
      "i" : "LMWR_USD",
      "m" : "4611686018430240542"
    }, {
      "d" : "1756446031633117187",
      "t" : 1756446031633,
      "tn" : 1756446031633117187,
      "q" : "20.0",
      "p" : "0.086826",
      "s" : "sell",
      "i" : "LMWR_USD",
      "m" : "4611686018430240541"
    }, {
      "d" : "1756446031633114830",
      "t" : 1756446031633,
      "tn" : 1756446031633114830,
      "q" : "20.0",
      "p" : "0.086884",
      "s" : "sell",
      "i" : "LMWR_USD",
      "m" : "4611686018430240540"
    }, {
      "d" : "1756445771741402909",
      "t" : 1756445771741,
      "tn" : 1756445771741402909,
      "q" : "20.0",
      "p" : "0.087000",
      "s" : "sell",
      "i" : "LMWR_USD",
      "m" : "4611686018430240539"
    }, {
      "d" : "1756444473527099674",
      "t" : 1756444473527,
      "tn" : 1756444473527099674,
      "q" : "20.0",
      "p" : "0.087058",
      "s" : "sell",
      "i" : "LMWR_USD",
      "m" : "4611686018430240538"
    }, {
      "d" : "1756444473527097461",
      "t" : 1756444473527,
      "tn" : 1756444473527097461,
      "q" : "20.0",
      "p" : "0.087116",
      "s" : "sell",
      "i" : "LMWR_USD",
      "m" : "4611686018430240537"
    }, {
      "d" : "1756444288832798203",
      "t" : 1756444288832,
      "tn" : 1756444288832798203,
      "q" : "109.7",
      "p" : "0.087143",
      "s" : "buy",
      "i" : "LMWR_USD",
      "m" : "4611686018430240536"
    }, {
      "d" : "1756444287920028858",
      "t" : 1756444287920,
      "tn" : 1756444287920028858,
      "q" : "114.3",
      "p" : "0.087228",
      "s" : "sell",
      "i" : "LMWR_USD",
      "m" : "4611686018430240535"
    }, {
      "d" : "1756444285346064358",
      "t" : 1756444285346,
      "tn" : 1756444285346064358,
      "q" : "117.0",
      "p" : "0.087166",
      "s" : "buy",
      "i" : "LMWR_USD",
      "m" : "4611686018430240534"
    }, {
      "d" : "1756444284604092645",
      "t" : 1756444284604,
      "tn" : 1756444284604092645,
      "q" : "114.2",
      "p" : "0.087245",
      "s" : "sell",
      "i" : "LMWR_USD",
      "m" : "4611686018430240533"
    }, {
      "d" : "1756444284604080737",
      "t" : 1756444284604,
      "tn" : 1756444284604080737,
      "q" : "110.6",
      "p" : "0.087273",
      "s" : "sell",
      "i" : "LMWR_USD",
      "m" : "4611686018430240532"
    }, {
      "d" : "1756444284576517689",
      "t" : 1756444284576,
      "tn" : 1756444284576517689,
      "q" : "114.2",
      "p" : "0.087289",
      "s" : "sell",
      "i" : "LMWR_USD",
      "m" : "4611686018430240531"
    }, {
      "d" : "1756441226520228123",
      "t" : 1756441226520,
      "tn" : 1756441226520228123,
      "q" : "20.0",
      "p" : "0.087290",
      "s" : "sell",
      "i" : "LMWR_USD",
      "m" : "4611686018430240530"
    }, {
      "d" : "1756441226520226919",
      "t" : 1756441226520,
      "tn" : 1756441226520226919,
      "q" : "20.0",
      "p" : "0.087348",
      "s" : "sell",
      "i" : "LMWR_USD",
      "m" : "4611686018430240529"
    }, {
      "d" : "1756440583631216601",
      "t" : 1756440583631,
      "tn" : 1756440583631216601,
      "q" : "106.3",
      "p" : "0.087492",
      "s" : "buy",
      "i" : "LMWR_USD",
      "m" : "4611686018430240528"
    }, {
      "d" : "1756440415762288010",
      "t" : 1756440415762,
      "tn" : 1756440415762288010,
      "q" : "1379.3",
      "p" : "0.087333",
      "s" : "sell",
      "i" : "LMWR_USD",
      "m" : "4611686018430240527"
    }, {
      "d" : "1756440415762285434",
      "t" : 1756440415762,
      "tn" : 1756440415762285434,
      "q" : "20.0",
      "p" : "0.087348",
      "s" : "sell",
      "i" : "LMWR_USD",
      "m" : "4611686018430240526"
    }, {
      "d" : "1756440415762283558",
      "t" : 1756440415762,
      "tn" : 1756440415762283558,
      "q" : "680.0",
      "p" : "0.087414",
      "s" : "sell",
      "i" : "LMWR_USD",
      "m" : "4611686018430240525"
    }, {
      "d" : "1756440415762280056",
      "t" : 1756440415762,
      "tn" : 1756440415762280056,
      "q" : "114.0",
      "p" : "0.087423",
      "s" : "sell",
      "i" : "LMWR_USD",
      "m" : "4611686018430240524"
    }, {
      "d" : "1756440415762276875",
      "t" : 1756440415762,
      "tn" : 1756440415762276875,
      "q" : "122.9",
      "p" : "0.087451",
      "s" : "sell",
      "i" : "LMWR_USD",
      "m" : "4611686018430240523"
    }, {
      "d" : "1756440207892323146",
      "t" : 1756440207892,
      "tn" : 1756440207892323146,
      "q" : "1400.9",
      "p" : "0.087373",
      "s" : "sell",
      "i" : "LMWR_USD",
      "m" : "4611686018430240522"
    }, {
      "d" : "1756440207892321383",
      "t" : 1756440207892,
      "tn" : 1756440207892321383,
      "q" : "114.1",
      "p" : "0.087420",
      "s" : "sell",
      "i" : "LMWR_USD",
      "m" : "4611686018430240521"
    }, {
      "d" : "1756440207892318626",
      "t" : 1756440207892,
      "tn" : 1756440207892318626,
      "q" : "116.4",
      "p" : "0.087457",
      "s" : "sell",
      "i" : "LMWR_USD",
      "m" : "4611686018430240520"
    }, {
      "d" : "1756440207892315116",
      "t" : 1756440207892,
      "tn" : 1756440207892315116,
      "q" : "680.0",
      "p" : "0.087469",
      "s" : "sell",
      "i" : "LMWR_USD",
      "m" : "4611686018430240519"
    }, {
      "d" : "1756439254696938014",
      "t" : 1756439254696,
      "tn" : 1756439254696938014,
      "q" : "113.9",
      "p" : "0.087592",
      "s" : "sell",
      "i" : "LMWR_USD",
      "m" : "4611686018430240518"
    }, {
      "d" : "1756439101650224737",
      "t" : 1756439101650,
      "tn" : 1756439101650224737,
      "q" : "118.7",
      "p" : "0.087753",
      "s" : "sell",
      "i" : "LMWR_USD",
      "m" : "4611686018430240517"
    }, {
      "d" : "1756439101629842717",
      "t" : 1756439101629,
      "tn" : 1756439101629842717,
      "q" : "108.8",
      "p" : "0.087753",
      "s" : "sell",
      "i" : "LMWR_USD",
      "m" : "4611686018430240516"
    }, {
      "d" : "1756438828361399892",
      "t" : 1756438828361,
      "tn" : 1756438828361399892,
      "q" : "124.2",
      "p" : "0.087749",
      "s" : "buy",
      "i" : "LMWR_USD",
      "m" : "4611686018430240515"
    }, {
      "d" : "1756438828361396408",
      "t" : 1756438828361,
      "tn" : 1756438828361396408,
      "q" : "20.0",
      "p" : "0.087696",
      "s" : "buy",
      "i" : "LMWR_USD",
      "m" : "4611686018430240514"
    }, {
      "d" : "1756438721349205749",
      "t" : 1756438721349,
      "tn" : 1756438721349205749,
      "q" : "20.0",
      "p" : "0.087638",
      "s" : "buy",
      "i" : "LMWR_USD",
      "m" : "4611686018430240513"
    }, {
      "d" : "1756438721349202583",
      "t" : 1756438721349,
      "tn" : 1756438721349202583,
      "q" : "20.0",
      "p" : "0.087580",
      "s" : "buy",
      "i" : "LMWR_USD",
      "m" : "4611686018430240512"
    }, {
      "d" : "1756438688967845224",
      "t" : 1756438688967,
      "tn" : 1756438688967845224,
      "q" : "109.0",
      "p" : "0.087579",
      "s" : "sell",
      "i" : "LMWR_USD",
      "m" : "4611686018430240511"
    }, {
      "d" : "1756438686069417632",
      "t" : 1756438686069,
      "tn" : 1756438686069417632,
      "q" : "114.4",
      "p" : "0.087492",
      "s" : "buy",
      "i" : "LMWR_USD",
      "m" : "4611686018430240510"
    }, {
      "d" : "1756438681881870563",
      "t" : 1756438681881,
      "tn" : 1756438681881870563,
      "q" : "106.9",
      "p" : "0.087365",
      "s" : "buy",
      "i" : "LMWR_USD",
      "m" : "4611686018430240509"
    }, {
      "d" : "1756436298983246487",
      "t" : 1756436298983,
      "tn" : 1756436298983246487,
      "q" : "20.0",
      "p" : "0.087580",
      "s" : "sell",
      "i" : "LMWR_USD",
      "m" : "4611686018430240508"
    }, {
      "d" : "1756435672595617012",
      "t" : 1756435672595,
      "tn" : 1756435672595617012,
      "q" : "20.0",
      "p" : "0.087638",
      "s" : "sell",
      "i" : "LMWR_USD",
      "m" : "4611686018430240507"
    }, {
      "d" : "1756435672595614621",
      "t" : 1756435672595,
      "tn" : 1756435672595614621,
      "q" : "20.0",
      "p" : "0.087696",
      "s" : "sell",
      "i" : "LMWR_USD",
      "m" : "4611686018430240506"
    }, {
      "d" : "1756435180513696673",
      "t" : 1756435180513,
      "tn" : 1756435180513696673,
      "q" : "20.0",
      "p" : "0.087754",
      "s" : "sell",
      "i" : "LMWR_USD",
      "m" : "4611686018430240505"
    }, {
      "d" : "1756434737702270276",
      "t" : 1756434737702,
      "tn" : 1756434737702270276,
      "q" : "20.0",
      "p" : "0.087812",
      "s" : "sell",
      "i" : "LMWR_USD",
      "m" : "4611686018430240504"
    }, {
      "d" : "1756434514800661186",
      "t" : 1756434514800,
      "tn" : 1756434514800661186,
      "q" : "124.6",
      "p" : "0.087928",
      "s" : "buy",
      "i" : "LMWR_USD",
      "m" : "4611686018430240503"
    }, {
      "d" : "1756434311567412828",
      "t" : 1756434311567,
      "tn" : 1756434311567412828,
      "q" : "1348.3",
      "p" : "0.087767",
      "s" : "sell",
      "i" : "LMWR_USD",
      "m" : "4611686018430240502"
    }, {
      "d" : "1756434311567410715",
      "t" : 1756434311567,
      "tn" : 1756434311567410715,
      "q" : "20.0",
      "p" : "0.087812",
      "s" : "sell",
      "i" : "LMWR_USD",
      "m" : "4611686018430240501"
    }, {
      "d" : "1756434311567408061",
      "t" : 1756434311567,
      "tn" : 1756434311567408061,
      "q" : "680.0",
      "p" : "0.087841",
      "s" : "sell",
      "i" : "LMWR_USD",
      "m" : "4611686018430240500"
    }, {
      "d" : "1756434311567405729",
      "t" : 1756434311567,
      "tn" : 1756434311567405729,
      "q" : "140.0",
      "p" : "0.087868",
      "s" : "sell",
      "i" : "LMWR_USD",
      "m" : "4611686018430240499"
    }, {
      "d" : "1756434311567401936",
      "t" : 1756434311567,
      "tn" : 1756434311567401936,
      "q" : "113.6",
      "p" : "0.087877",
      "s" : "sell",
      "i" : "LMWR_USD",
      "m" : "4611686018430240498"
    }, {
      "d" : "1756434177080618948",
      "t" : 1756434177080,
      "tn" : 1756434177080618948,
      "q" : "1387.6",
      "p" : "0.087963",
      "s" : "sell",
      "i" : "LMWR_USD",
      "m" : "4611686018430240497"
    }, {
      "d" : "1756434177080617482",
      "t" : 1756434177080,
      "tn" : 1756434177080617482,
      "q" : "113.4",
      "p" : "0.087965",
      "s" : "sell",
      "i" : "LMWR_USD",
      "m" : "4611686018430240496"
    }, {
      "d" : "1756434177080614859",
      "t" : 1756434177080,
      "tn" : 1756434177080614859,
      "q" : "680.0",
      "p" : "0.087996",
      "s" : "sell",
      "i" : "LMWR_USD",
      "m" : "4611686018430240495"
    }, {
      "d" : "1756434177080612328",
      "t" : 1756434177080,
      "tn" : 1756434177080612328,
      "q" : "20.0",
      "p" : "0.088044",
      "s" : "sell",
      "i" : "LMWR_USD",
      "m" : "4611686018430240494"
    }, {
      "d" : "1756434177080609335",
      "t" : 1756434177080,
      "tn" : 1756434177080609335,
      "q" : "106.8",
      "p" : "0.088079",
      "s" : "sell",
      "i" : "LMWR_USD",
      "m" : "4611686018430240493"
    }, {
      "d" : "1756430976865947435",
      "t" : 1756430976865,
      "tn" : 1756430976865947435,
      "q" : "20.0",
      "p" : "0.088218",
      "s" : "sell",
      "i" : "LMWR_USD",
      "m" : "4611686018430240492"
    }, {
      "d" : "1756430361404016904",
      "t" : 1756430361404,
      "tn" : 1756430361404016904,
      "q" : "117.4",
      "p" : "0.088274",
      "s" : "sell",
      "i" : "LMWR_USD",
      "m" : "4611686018430240491"
    }, {
      "d" : "1756430207766711904",
      "t" : 1756430207766,
      "tn" : 1756430207766711904,
      "q" : "20.0",
      "p" : "0.088450",
      "s" : "buy",
      "i" : "LMWR_USD",
      "m" : "4611686018430240490"
    }, {
      "d" : "1756430130535497034",
      "t" : 1756430130535,
      "tn" : 1756430130535497034,
      "q" : "20.0",
      "p" : "0.088392",
      "s" : "buy",
      "i" : "LMWR_USD",
      "m" : "4611686018430240489"
    }, {
      "d" : "1756430119036459551",
      "t" : 1756430119036,
      "tn" : 1756430119036459551,
      "q" : "20.0",
      "p" : "0.088334",
      "s" : "buy",
      "i" : "LMWR_USD",
      "m" : "4611686018430240488"
    }, {
      "d" : "1756430077815960490",
      "t" : 1756430077815,
      "tn" : 1756430077815960490,
      "q" : "121.6",
      "p" : "0.088159",
      "s" : "sell",
      "i" : "LMWR_USD",
      "m" : "4611686018430240487"
    }, {
      "d" : "1756430077805802748",
      "t" : 1756430077805,
      "tn" : 1756430077805802748,
      "q" : "1851.7",
      "p" : "0.088137",
      "s" : "buy",
      "i" : "LMWR_USD",
      "m" : "4611686018430240486"
    }, {
      "d" : "1756430077805800585",
      "t" : 1756430077805,
      "tn" : 1756430077805800585,
      "q" : "1094.5",
      "p" : "0.088109",
      "s" : "buy",
      "i" : "LMWR_USD",
      "m" : "4611686018430240485"
    }, {
      "d" : "1756430077805797742",
      "t" : 1756430077805,
      "tn" : 1756430077805797742,
      "q" : "1555.9",
      "p" : "0.088095",
      "s" : "buy",
      "i" : "LMWR_USD",
      "m" : "4611686018430240484"
    }, {
      "d" : "1756430077805793157",
      "t" : 1756430077805,
      "tn" : 1756430077805793157,
      "q" : "113.7",
      "p" : "0.088089",
      "s" : "buy",
      "i" : "LMWR_USD",
      "m" : "4611686018430240483"
    }, {
      "d" : "1756430077805790459",
      "t" : 1756430077805,
      "tn" : 1756430077805790459,
      "q" : "113.6",
      "p" : "0.088082",
      "s" : "buy",
      "i" : "LMWR_USD",
      "m" : "4611686018430240482"
    }, {
      "d" : "1756430077805096014",
      "t" : 1756430077805,
      "tn" : 1756430077805096014,
      "q" : "107.3",
      "p" : "0.088001",
      "s" : "buy",
      "i" : "LMWR_USD",
      "m" : "4611686018430240481"
    }, {
      "d" : "1756429318973335421",
      "t" : 1756429318973,
      "tn" : 1756429318973335421,
      "q" : "20.0",
      "p" : "0.087986",
      "s" : "buy",
      "i" : "LMWR_USD",
      "m" : "4611686018430240480"
    }, {
      "d" : "1756429318973332267",
      "t" : 1756429318973,
      "tn" : 1756429318973332267,
      "q" : "20.0",
      "p" : "0.087928",
      "s" : "buy",
      "i" : "LMWR_USD",
      "m" : "4611686018430240479"
    }, {
      "d" : "1756428103973345560",
      "t" : 1756428103973,
      "tn" : 1756428103973345560,
      "q" : "20.0",
      "p" : "0.087812",
      "s" : "buy",
      "i" : "LMWR_USD",
      "m" : "4611686018430240478"
    }, {
      "d" : "1756428103973343232",
      "t" : 1756428103973,
      "tn" : 1756428103973343232,
      "q" : "20.0",
      "p" : "0.087754",
      "s" : "buy",
      "i" : "LMWR_USD",
      "m" : "4611686018430240477"
    }, {
      "d" : "1756427747561748504",
      "t" : 1756427747561,
      "tn" : 1756427747561748504,
      "q" : "680.0",
      "p" : "0.087607",
      "s" : "sell",
      "i" : "LMWR_USD",
      "m" : "4611686018430240476"
    }, {
      "d" : "1756427747561745972",
      "t" : 1756427747561,
      "tn" : 1756427747561745972,
      "q" : "110.0",
      "p" : "0.087608",
      "s" : "sell",
      "i" : "LMWR_USD",
      "m" : "4611686018430240475"
    }, {
      "d" : "1756427743059148626",
      "t" : 1756427743059,
      "tn" : 1756427743059148625,
      "q" : "130.0",
      "p" : "0.087609",
      "s" : "sell",
      "i" : "LMWR_USD",
      "m" : "4611686018430240474"
    }, {
      "d" : "1756427743059148625",
      "t" : 1756427743059,
      "tn" : 1756427743059148625,
      "q" : "103.5",
      "p" : "0.087609",
      "s" : "sell",
      "i" : "LMWR_USD",
      "m" : "4611686018430240474"
    }, {
      "d" : "1756427738990394542",
      "t" : 1756427738990,
      "tn" : 1756427738990394542,
      "q" : "576.5",
      "p" : "0.087609",
      "s" : "sell",
      "i" : "LMWR_USD",
      "m" : "4611686018430240473"
    }, {
      "d" : "1756427734930460420",
      "t" : 1756427734930,
      "tn" : 1756427734930460420,
      "q" : "20.0",
      "p" : "0.087638",
      "s" : "sell",
      "i" : "LMWR_USD",
      "m" : "4611686018430240472"
    }, {
      "d" : "1756427734930458036",
      "t" : 1756427734930,
      "tn" : 1756427734930458036,
      "q" : "140.0",
      "p" : "0.087644",
      "s" : "sell",
      "i" : "LMWR_USD",
      "m" : "4611686018430240471"
    }, {
      "d" : "1756427734930454793",
      "t" : 1756427734930,
      "tn" : 1756427734930454793,
      "q" : "680.0",
      "p" : "0.087646",
      "s" : "sell",
      "i" : "LMWR_USD",
      "m" : "4611686018430240470"
    }, {
      "d" : "1756427730913024297",
      "t" : 1756427730913,
      "tn" : 1756427730913024297,
      "q" : "130.0",
      "p" : "0.087647",
      "s" : "sell",
      "i" : "LMWR_USD",
      "m" : "4611686018430240469"
    }, {
      "d" : "1756427726099332486",
      "t" : 1756427726099,
      "tn" : 1756427726099332486,
      "q" : "120.0",
      "p" : "0.087686",
      "s" : "sell",
      "i" : "LMWR_USD",
      "m" : "4611686018430240468"
    }, {
      "d" : "1756427726099329746",
      "t" : 1756427726099,
      "tn" : 1756427726099329746,
      "q" : "20.0",
      "p" : "0.087696",
      "s" : "sell",
      "i" : "LMWR_USD",
      "m" : "4611686018430240467"
    }, {
      "d" : "1756427722563778763",
      "t" : 1756427722563,
      "tn" : 1756427722563778763,
      "q" : "20.0",
      "p" : "0.087754",
      "s" : "sell",
      "i" : "LMWR_USD",
      "m" : "4611686018430240466"
    }, {
      "d" : "1756427712865220022",
      "t" : 1756427712865,
      "tn" : 1756427712865220022,
      "q" : "140.0",
      "p" : "0.087773",
      "s" : "sell",
      "i" : "LMWR_USD",
      "m" : "4611686018430240465"
    }, {
      "d" : "1756427708817819673",
      "t" : 1756427708817,
      "tn" : 1756427708817819673,
      "q" : "140.0",
      "p" : "0.087800",
      "s" : "sell",
      "i" : "LMWR_USD",
      "m" : "4611686018430240464"
    }, {
      "d" : "1756427708817817315",
      "t" : 1756427708817,
      "tn" : 1756427708817817315,
      "q" : "20.0",
      "p" : "0.087812",
      "s" : "sell",
      "i" : "LMWR_USD",
      "m" : "4611686018430240463"
    }, {
      "d" : "1756427684391567435",
      "t" : 1756427684391,
      "tn" : 1756427684391567435,
      "q" : "109.1",
      "p" : "0.087985",
      "s" : "buy",
      "i" : "LMWR_USD",
      "m" : "4611686018430240462"
    }, {
      "d" : "1756427684391566026",
      "t" : 1756427684391,
      "tn" : 1756427684391566026,
      "q" : "733.8",
      "p" : "0.087983",
      "s" : "buy",
      "i" : "LMWR_USD",
      "m" : "4611686018430240461"
    }, {
      "d" : "1756427682681989332",
      "t" : 1756427682681,
      "tn" : 1756427682681989332,
      "q" : "112.0",
      "p" : "0.087874",
      "s" : "buy",
      "i" : "LMWR_USD",
      "m" : "4611686018430240460"
    }, {
      "d" : "1756427681844615315",
      "t" : 1756427681844,
      "tn" : 1756427681844615315,
      "q" : "113.3",
      "p" : "0.087987",
      "s" : "sell",
      "i" : "LMWR_USD",
      "m" : "4611686018430240459"
    }, {
      "d" : "1756427681488346852",
      "t" : 1756427681488,
      "tn" : 1756427681488346852,
      "q" : "1332.1",
      "p" : "0.087948",
      "s" : "sell",
      "i" : "LMWR_USD",
      "m" : "4611686018430240458"
    }, {
      "d" : "1756427681488342644",
      "t" : 1756427681488,
      "tn" : 1756427681488342644,
      "q" : "1278.3",
      "p" : "0.087960",
      "s" : "sell",
      "i" : "LMWR_USD",
      "m" : "4611686018430240457"
    }, {
      "d" : "1756427681488340194",
      "t" : 1756427681488,
      "tn" : 1756427681488340194,
      "q" : "1555.9",
      "p" : "0.087984",
      "s" : "sell",
      "i" : "LMWR_USD",
      "m" : "4611686018430240456"
    }, {
      "d" : "1756427681488337775",
      "t" : 1756427681488,
      "tn" : 1756427681488337775,
      "q" : "113.7",
      "p" : "0.087987",
      "s" : "sell",
      "i" : "LMWR_USD",
      "m" : "4611686018430240455"
    }, {
      "d" : "1756427681488332659",
      "t" : 1756427681488,
      "tn" : 1756427681488332659,
      "q" : "113.2",
      "p" : "0.088012",
      "s" : "sell",
      "i" : "LMWR_USD",
      "m" : "4611686018430240454"
    }, {
      "d" : "1756427681488327485",
      "t" : 1756427681488,
      "tn" : 1756427681488327485,
      "q" : "108.7",
      "p" : "0.088083",
      "s" : "sell",
      "i" : "LMWR_USD",
      "m" : "4611686018430240453"
    }, {
      "d" : "1756427576688159213",
      "t" : 1756427576688,
      "tn" : 1756427576688159213,
      "q" : "1130.5",
      "p" : "0.087960",
      "s" : "sell",
      "i" : "LMWR_USD",
      "m" : "4611686018430240452"
    }, {
      "d" : "1756427576688157692",
      "t" : 1756427576688,
      "tn" : 1756427576688157692,
      "q" : "113.7",
      "p" : "0.087961",
      "s" : "sell",
      "i" : "LMWR_USD",
      "m" : "4611686018430240451"
    }, {
      "d" : "1756427576688154740",
      "t" : 1756427576688,
      "tn" : 1756427576688154740,
      "q" : "20.0",
      "p" : "0.087986",
      "s" : "sell",
      "i" : "LMWR_USD",
      "m" : "4611686018430240450"
    }, {
      "d" : "1756427576688151796",
      "t" : 1756427576688,
      "tn" : 1756427576688151796,
      "q" : "113.3",
      "p" : "0.087996",
      "s" : "sell",
      "i" : "LMWR_USD",
      "m" : "4611686018430240449"
    }, {
      "d" : "1756427576688149009",
      "t" : 1756427576688,
      "tn" : 1756427576688149009,
      "q" : "20.0",
      "p" : "0.088044",
      "s" : "sell",
      "i" : "LMWR_USD",
      "m" : "4611686018430240448"
    }, {
      "d" : "1756427576688146737",
      "t" : 1756427576688,
      "tn" : 1756427576688146737,
      "q" : "114.2",
      "p" : "0.088119",
      "s" : "sell",
      "i" : "LMWR_USD",
      "m" : "4611686018430240447"
    } ]
  }
}