{
  "id" : -1,
  "method" : "public/get-trades",
  "code" : 0,
  "result" : {
    "data" : [ {
      "d" : "1756461351031930058",
      "t" : 1756461351031,
      "tn" : 1756461351031930058,
      "q" : "20.0",
      "p" : "0.084584",
      "s" : "buy",
      "i" : "LMWR_USDT",
      "m" : "4611686018428630187"
    }, {
      "d" : "1756461244522561169",
      "t" : 1756461244522,
      "tn" : 1756461244522561169,
      "q" : "20.0",
      "p" : "0.084636",
      "s" : "buy",
      "i" : "LMWR_USDT",
      "m" : "4611686018428630186"
    }, {
      "d" : "1756461237827095655",
      "t" : 1756461237827,
      "tn" : 1756461237827095655,
      "q" : "20.0",
      "p" : "0.084700",
      "s" : "sell",
      "i" : "LMWR_USDT",
      "m" : "4611686018428630185"
    }, {
      "d" : "1756461237827093548",
      "t" : 1756461237827,
      "tn" : 1756461237827093548,
      "q" : "20.0",
      "p" : "0.084770",
      "s" : "sell",
      "i" : "LMWR_USDT",
      "m" : "4611686018428630184"
    }, {
      "d" : "1756461185097271072",
      "t" : 1756461185097,
      "tn" : 1756461185097271072,
      "q" : "941.6",
      "p" : "0.084978",
      "s" : "sell",
      "i" : "LMWR_USDT",
      "m" : "4611686018428630183"
    }, {
      "d" : "1756457863223705559",
      "t" : 1756457863223,
      "tn" : 1756457863223705559,
      "q" : "20.0",
      "p" : "0.084987",
      "s" : "buy",
      "i" : "LMWR_USDT",
      "m" : "4611686018428630182"
    }, {
      "d" : "1756454128665872389",
      "t" : 1756454128665,
      "tn" : 1756454128665872389,
      "q" : "700.0",
      "p" : "0.085450",
      "s" : "buy",
      "i" : "LMWR_USDT",
      "m" : "4611686018428630181"
    }, {
      "d" : "1756453152439723606",
      "t" : 1756453152439,
      "tn" : 1756453152439723606,
      "q" : "20.0",
      "p" : "0.085381",
      "s" : "buy",
      "i" : "LMWR_USDT",
      "m" : "4611686018428630180"
    }, {
      "d" : "1756453141070149389",
      "t" : 1756453141070,
      "tn" : 1756453141070149389,
      "q" : "116.6",
      "p" : "0.085437",
      "s" : "sell",
      "i" : "LMWR_USDT",
      "m" : "4611686018428630179"
    }, {
      "d" : "1756453141070146019",
      "t" : 1756453141070,
      "tn" : 1756453141070146019,
      "q" : "20.0",
      "p" : "0.085440",
      "s" : "sell",
      "i" : "LMWR_USDT",
      "m" : "4611686018428630178"
    }, {
      "d" : "1756453129014368712",
      "t" : 1756453129014,
      "tn" : 1756453129014368712,
      "q" : "116.6",
      "p" : "0.085479",
      "s" : "sell",
      "i" : "LMWR_USDT",
      "m" : "4611686018428630177"
    }, {
      "d" : "1756453126311590498",
      "t" : 1756453126311,
      "tn" : 1756453126311590498,
      "q" : "20.0",
      "p" : "0.085480",
      "s" : "buy",
      "i" : "LMWR_USDT",
      "m" : "4611686018428630176"
    }, {
      "d" : "1756453124439325191",
      "t" : 1756453124439,
      "tn" : 1756453124439325190,
      "q" : "654.0",
      "p" : "0.085520",
      "s" : "sell",
      "i" : "LMWR_USDT",
      "m" : "4611686018428630175"
    }, {
      "d" : "1756453124439325190",
      "t" : 1756453124439,
      "tn" : 1756453124439325190,
      "q" : "20.0",
      "p" : "0.085520",
      "s" : "sell",
      "i" : "LMWR_USDT",
      "m" : "4611686018428630175"
    }, {
      "d" : "1756453124439321664",
      "t" : 1756453124439,
      "tn" : 1756453124439321664,
      "q" : "142.4",
      "p" : "0.085521",
      "s" : "sell",
      "i" : "LMWR_USDT",
      "m" : "4611686018428630174"
    }, {
      "d" : "1756453120280653076",
      "t" : 1756453120280,
      "tn" : 1756453120280653076,
      "q" : "20.0",
      "p" : "0.085522",
      "s" : "buy",
      "i" : "LMWR_USDT",
      "m" : "4611686018428630173"
    }, {
      "d" : "1756453120266273394",
      "t" : 1756453120266,
      "tn" : 1756453120266273394,
      "q" : "116.3",
      "p" : "0.085558",
      "s" : "sell",
      "i" : "LMWR_USDT",
      "m" : "4611686018428630172"
    }, {
      "d" : "1756453120266270672",
      "t" : 1756453120266,
      "tn" : 1756453120266270672,
      "q" : "20.0",
      "p" : "0.085600",
      "s" : "sell",
      "i" : "LMWR_USDT",
      "m" : "4611686018428630171"
    }, {
      "d" : "1756453110772439203",
      "t" : 1756453110772,
      "tn" : 1756453110772439203,
      "q" : "20.0",
      "p" : "0.085601",
      "s" : "buy",
      "i" : "LMWR_USDT",
      "m" : "4611686018428630170"
    }, {
      "d" : "1756453110759277101",
      "t" : 1756453110759,
      "tn" : 1756453110759277101,
      "q" : "116.4",
      "p" : "0.085652",
      "s" : "sell",
      "i" : "LMWR_USDT",
      "m" : "4611686018428630169"
    }, {
      "d" : "1756453110759274863",
      "t" : 1756453110759,
      "tn" : 1756453110759274863,
      "q" : "20.0",
      "p" : "0.085680",
      "s" : "sell",
      "i" : "LMWR_USDT",
      "m" : "4611686018428630168"
    }, {
      "d" : "1756453106136505220",
      "t" : 1756453106136,
      "tn" : 1756453106136505220,
      "q" : "20.0",
      "p" : "0.085695",
      "s" : "buy",
      "i" : "LMWR_USDT",
      "m" : "4611686018428630167"
    }, {
      "d" : "1756453106115745708",
      "t" : 1756453106115,
      "tn" : 1756453106115745708,
      "q" : "116.4",
      "p" : "0.085734",
      "s" : "sell",
      "i" : "LMWR_USDT",
      "m" : "4611686018428630166"
    }, {
      "d" : "1756453106115743055",
      "t" : 1756453106115,
      "tn" : 1756453106115743055,
      "q" : "20.0",
      "p" : "0.085760",
      "s" : "sell",
      "i" : "LMWR_USDT",
      "m" : "4611686018428630165"
    }, {
      "d" : "1756453074907281350",
      "t" : 1756453074907,
      "tn" : 1756453074907281350,
      "q" : "116.3",
      "p" : "0.085812",
      "s" : "sell",
      "i" : "LMWR_USDT",
      "m" : "4611686018428630164"
    }, {
      "d" : "1756453074907277512",
      "t" : 1756453074907,
      "tn" : 1756453074907277512,
      "q" : "20.0",
      "p" : "0.085840",
      "s" : "sell",
      "i" : "LMWR_USDT",
      "m" : "4611686018428630163"
    }, {
      "d" : "1756452996886246211",
      "t" : 1756452996886,
      "tn" : 1756452996886246211,
      "q" : "20.0",
      "p" : "0.085855",
      "s" : "buy",
      "i" : "LMWR_USDT",
      "m" : "4611686018428630162"
    }, {
      "d" : "1756452996870394548",
      "t" : 1756452996870,
      "tn" : 1756452996870394548,
      "q" : "116.1",
      "p" : "0.085894",
      "s" : "sell",
      "i" : "LMWR_USDT",
      "m" : "4611686018428630161"
    }, {
      "d" : "1756452996870391821",
      "t" : 1756452996870,
      "tn" : 1756452996870391821,
      "q" : "20.0",
      "p" : "0.085920",
      "s" : "sell",
      "i" : "LMWR_USDT",
      "m" : "4611686018428630160"
    }, {
      "d" : "1756452966447335751",
      "t" : 1756452966447,
      "tn" : 1756452966447335751,
      "q" : "20.0",
      "p" : "0.085937",
      "s" : "buy",
      "i" : "LMWR_USDT",
      "m" : "4611686018428630159"
    }, {
      "d" : "1756452966435668737",
      "t" : 1756452966435,
      "tn" : 1756452966435668737,
      "q" : "116.1",
      "p" : "0.085980",
      "s" : "sell",
      "i" : "LMWR_USDT",
      "m" : "4611686018428630158"
    }, {
      "d" : "1756452962374143572",
      "t" : 1756452962374,
      "tn" : 1756452962374143572,
      "q" : "20.0",
      "p" : "0.086000",
      "s" : "sell",
      "i" : "LMWR_USDT",
      "m" : "4611686018428630157"
    }, {
      "d" : "1756452962374141579",
      "t" : 1756452962374,
      "tn" : 1756452962374141579,
      "q" : "20.0",
      "p" : "0.086080",
      "s" : "sell",
      "i" : "LMWR_USDT",
      "m" : "4611686018428630156"
    }, {
      "d" : "1756452875230654572",
      "t" : 1756452875230,
      "tn" : 1756452875230654572,
      "q" : "115.7",
      "p" : "0.086124",
      "s" : "sell",
      "i" : "LMWR_USDT",
      "m" : "4611686018428630155"
    }, {
      "d" : "1756452863242184673",
      "t" : 1756452863242,
      "tn" : 1756452863242184673,
      "q" : "20.0",
      "p" : "0.086127",
      "s" : "buy",
      "i" : "LMWR_USDT",
      "m" : "4611686018428630154"
    }, {
      "d" : "1756452858863961780",
      "t" : 1756452858863,
      "tn" : 1756452858863961780,
      "q" : "115.7",
      "p" : "0.086217",
      "s" : "sell",
      "i" : "LMWR_USDT",
      "m" : "4611686018428630153"
    }, {
      "d" : "1756452858863958822",
      "t" : 1756452858863,
      "tn" : 1756452858863958822,
      "q" : "20.0",
      "p" : "0.086240",
      "s" : "sell",
      "i" : "LMWR_USDT",
      "m" : "4611686018428630152"
    }, {
      "d" : "1756452847481070837",
      "t" : 1756452847481,
      "tn" : 1756452847481070837,
      "q" : "115.6",
      "p" : "0.086301",
      "s" : "sell",
      "i" : "LMWR_USDT",
      "m" : "4611686018428630151"
    }, {
      "d" : "1756445771742320259",
      "t" : 1756445771742,
      "tn" : 1756445771742320259,
      "q" : "20.0",
      "p" : "0.086893",
      "s" : "buy",
      "i" : "LMWR_USDT",
      "m" : "4611686018428630150"
    }, {
      "d" : "1756445763496726251",
      "t" : 1756445763496,
      "tn" : 1756445763496726251,
      "q" : "20.0",
      "p" : "0.086950",
      "s" : "sell",
      "i" : "LMWR_USDT",
      "m" : "4611686018428630149"
    }, {
      "d" : "1756445763496723670",
      "t" : 1756445763496,
      "tn" : 1756445763496723670,
      "q" : "20.0",
      "p" : "0.087044",
      "s" : "sell",
      "i" : "LMWR_USDT",
      "m" : "4611686018428630148"
    }, {
      "d" : "1756444288831829348",
      "t" : 1756444288831,
      "tn" : 1756444288831829348,
      "q" : "109.7",
      "p" : "0.087215",
      "s" : "sell",
      "i" : "LMWR_USDT",
      "m" : "4611686018428630147"
    }, {
      "d" : "1756444287919966215",
      "t" : 1756444287919,
      "tn" : 1756444287919966215,
      "q" : "114.3",
      "p" : "0.087214",
      "s" : "sell",
      "i" : "LMWR_USDT",
      "m" : "4611686018428630146"
    }, {
      "d" : "1756444284604043815",
      "t" : 1756444284604,
      "tn" : 1756444284604043815,
      "q" : "2290.0",
      "p" : "0.087215",
      "s" : "sell",
      "i" : "LMWR_USDT",
      "m" : "4611686018428630145"
    }, {
      "d" : "1756439254697039761",
      "t" : 1756439254697,
      "tn" : 1756439254697039761,
      "q" : "113.8",
      "p" : "0.087585",
      "s" : "sell",
      "i" : "LMWR_USDT",
      "m" : "4611686018428630144"
    }, {
      "d" : "1756439101629822948",
      "t" : 1756439101629,
      "tn" : 1756439101629822948,
      "q" : "1555.9",
      "p" : "0.087657",
      "s" : "sell",
      "i" : "LMWR_USDT",
      "m" : "4611686018428630143"
    }, {
      "d" : "1756438848231085168",
      "t" : 1756438848231,
      "tn" : 1756438848231085168,
      "q" : "20.0",
      "p" : "0.087752",
      "s" : "buy",
      "i" : "LMWR_USDT",
      "m" : "4611686018428630142"
    }, {
      "d" : "1756438848231082644",
      "t" : 1756438848231,
      "tn" : 1756438848231082644,
      "q" : "20.0",
      "p" : "0.087696",
      "s" : "buy",
      "i" : "LMWR_USDT",
      "m" : "4611686018428630141"
    }, {
      "d" : "1756438733187917892",
      "t" : 1756438733187,
      "tn" : 1756438733187917892,
      "q" : "62.0",
      "p" : "0.087665",
      "s" : "buy",
      "i" : "LMWR_USDT",
      "m" : "4611686018428630140"
    }, {
      "d" : "1756438725609509195",
      "t" : 1756438725609,
      "tn" : 1756438725609509195,
      "q" : "618.0",
      "p" : "0.087665",
      "s" : "buy",
      "i" : "LMWR_USDT",
      "m" : "4611686018428630139"
    }, {
      "d" : "1756438725609506452",
      "t" : 1756438725609,
      "tn" : 1756438725609506452,
      "q" : "20.0",
      "p" : "0.087640",
      "s" : "buy",
      "i" : "LMWR_USDT",
      "m" : "4611686018428630138"
    }, {
      "d" : "1756438701884845390",
      "t" : 1756438701884,
      "tn" : 1756438701884845390,
      "q" : "20.0",
      "p" : "0.087584",
      "s" : "buy",
      "i" : "LMWR_USDT",
      "m" : "4611686018428630137"
    }, {
      "d" : "1756438701884842962",
      "t" : 1756438701884,
      "tn" : 1756438701884842962,
      "q" : "20.0",
      "p" : "0.087528",
      "s" : "buy",
      "i" : "LMWR_USDT",
      "m" : "4611686018428630136"
    }, {
      "d" : "1756438686069164767",
      "t" : 1756438686069,
      "tn" : 1756438686069164767,
      "q" : "114.4",
      "p" : "0.087475",
      "s" : "buy",
      "i" : "LMWR_USDT",
      "m" : "4611686018428630135"
    }, {
      "d" : "1756436298983214120",
      "t" : 1756436298983,
      "tn" : 1756436298983214120,
      "q" : "20.0",
      "p" : "0.087473",
      "s" : "buy",
      "i" : "LMWR_USDT",
      "m" : "4611686018428630134"
    }, {
      "d" : "1756436298973656195",
      "t" : 1756436298973,
      "tn" : 1756436298973656195,
      "q" : "20.0",
      "p" : "0.087528",
      "s" : "sell",
      "i" : "LMWR_USDT",
      "m" : "4611686018428630133"
    }, {
      "d" : "1756436298973653269",
      "t" : 1756436298973,
      "tn" : 1756436298973653269,
      "q" : "20.0",
      "p" : "0.087640",
      "s" : "sell",
      "i" : "LMWR_USDT",
      "m" : "4611686018428630132"
    }, {
      "d" : "1756435180512687536",
      "t" : 1756435180512,
      "tn" : 1756435180512687536,
      "q" : "20.0",
      "p" : "0.087641",
      "s" : "buy",
      "i" : "LMWR_USDT",
      "m" : "4611686018428630131"
    }, {
      "d" : "1756434737702226404",
      "t" : 1756434737702,
      "tn" : 1756434737702226404,
      "q" : "20.0",
      "p" : "0.087697",
      "s" : "buy",
      "i" : "LMWR_USDT",
      "m" : "4611686018428630130"
    }, {
      "d" : "1756434737696186301",
      "t" : 1756434737696,
      "tn" : 1756434737696186301,
      "q" : "20.0",
      "p" : "0.087752",
      "s" : "sell",
      "i" : "LMWR_USDT",
      "m" : "4611686018428630129"
    }, {
      "d" : "1756434737696183973",
      "t" : 1756434737696,
      "tn" : 1756434737696183973,
      "q" : "20.0",
      "p" : "0.087808",
      "s" : "sell",
      "i" : "LMWR_USDT",
      "m" : "4611686018428630128"
    }, {
      "d" : "1756434280231006133",
      "t" : 1756434280231,
      "tn" : 1756434280231006133,
      "q" : "138.5",
      "p" : "0.087938",
      "s" : "sell",
      "i" : "LMWR_USDT",
      "m" : "4611686018428630127"
    }, {
      "d" : "1756434280231002662",
      "t" : 1756434280231,
      "tn" : 1756434280231002662,
      "q" : "20.0",
      "p" : "0.087976",
      "s" : "sell",
      "i" : "LMWR_USDT",
      "m" : "4611686018428630126"
    }, {
      "d" : "1756434258806961900",
      "t" : 1756434258806,
      "tn" : 1756434258806961900,
      "q" : "20.0",
      "p" : "0.087976",
      "s" : "sell",
      "i" : "LMWR_USDT",
      "m" : "4611686018428630125"
    }, {
      "d" : "1756434258806959578",
      "t" : 1756434258806,
      "tn" : 1756434258806959578,
      "q" : "20.0",
      "p" : "0.088088",
      "s" : "sell",
      "i" : "LMWR_USDT",
      "m" : "4611686018428630124"
    }, {
      "d" : "1756430976864898605",
      "t" : 1756430976864,
      "tn" : 1756430976864898605,
      "q" : "20.0",
      "p" : "0.088090",
      "s" : "buy",
      "i" : "LMWR_USDT",
      "m" : "4611686018428630123"
    }, {
      "d" : "1756430207765714383",
      "t" : 1756430207765,
      "tn" : 1756430207765714383,
      "q" : "20.0",
      "p" : "0.088523",
      "s" : "sell",
      "i" : "LMWR_USDT",
      "m" : "4611686018428630122"
    }, {
      "d" : "1756430160163855449",
      "t" : 1756430160163,
      "tn" : 1756430160163855449,
      "q" : "589.8",
      "p" : "0.088507",
      "s" : "buy",
      "i" : "LMWR_USDT",
      "m" : "4611686018428630121"
    }, {
      "d" : "1756430160163853458",
      "t" : 1756430160163,
      "tn" : 1756430160163853458,
      "q" : "20.0",
      "p" : "0.088480",
      "s" : "buy",
      "i" : "LMWR_USDT",
      "m" : "4611686018428630120"
    }, {
      "d" : "1756430130535436942",
      "t" : 1756430130535,
      "tn" : 1756430130535436942,
      "q" : "20.0",
      "p" : "0.088469",
      "s" : "sell",
      "i" : "LMWR_USDT",
      "m" : "4611686018428630119"
    }, {
      "d" : "1756430128074759843",
      "t" : 1756430128074,
      "tn" : 1756430128074759843,
      "q" : "113.0",
      "p" : "0.088446",
      "s" : "buy",
      "i" : "LMWR_USDT",
      "m" : "4611686018428630118"
    }, {
      "d" : "1756430128074757139",
      "t" : 1756430128074,
      "tn" : 1756430128074757139,
      "q" : "94.6",
      "p" : "0.088440",
      "s" : "buy",
      "i" : "LMWR_USDT",
      "m" : "4611686018428630117"
    }, {
      "d" : "1756430123994865994",
      "t" : 1756430123994,
      "tn" : 1756430123994865994,
      "q" : "575.4",
      "p" : "0.088440",
      "s" : "buy",
      "i" : "LMWR_USDT",
      "m" : "4611686018428630116"
    }, {
      "d" : "1756430123994864215",
      "t" : 1756430123994,
      "tn" : 1756430123994864215,
      "q" : "20.0",
      "p" : "0.088424",
      "s" : "buy",
      "i" : "LMWR_USDT",
      "m" : "4611686018428630115"
    }, {
      "d" : "1756430119035501503",
      "t" : 1756430119035,
      "tn" : 1756430119035501503,
      "q" : "20.0",
      "p" : "0.088418",
      "s" : "sell",
      "i" : "LMWR_USDT",
      "m" : "4611686018428630114"
    }, {
      "d" : "1756430119016114344",
      "t" : 1756430119016,
      "tn" : 1756430119016114344,
      "q" : "113.1",
      "p" : "0.088383",
      "s" : "buy",
      "i" : "LMWR_USDT",
      "m" : "4611686018428630113"
    }, {
      "d" : "1756430119016111717",
      "t" : 1756430119016,
      "tn" : 1756430119016111717,
      "q" : "20.0",
      "p" : "0.088368",
      "s" : "buy",
      "i" : "LMWR_USDT",
      "m" : "4611686018428630112"
    }, {
      "d" : "1756430107735254107",
      "t" : 1756430107735,
      "tn" : 1756430107735254107,
      "q" : "670.0",
      "p" : "0.088317",
      "s" : "buy",
      "i" : "LMWR_USDT",
      "m" : "4611686018428630111"
    }, {
      "d" : "1756430107735251692",
      "t" : 1756430107735,
      "tn" : 1756430107735251692,
      "q" : "52.3",
      "p" : "0.088316",
      "s" : "buy",
      "i" : "LMWR_USDT",
      "m" : "4611686018428630110"
    }, {
      "d" : "1756430103734965937",
      "t" : 1756430103734,
      "tn" : 1756430103734965937,
      "q" : "61.0",
      "p" : "0.088316",
      "s" : "buy",
      "i" : "LMWR_USDT",
      "m" : "4611686018428630109"
    }, {
      "d" : "1756430103734963960",
      "t" : 1756430103734,
      "tn" : 1756430103734963960,
      "q" : "20.0",
      "p" : "0.088312",
      "s" : "buy",
      "i" : "LMWR_USDT",
      "m" : "4611686018428630108"
    }, {
      "d" : "1756430103734960455",
      "t" : 1756430103734,
      "tn" : 1756430103734960455,
      "q" : "680.0",
      "p" : "0.088299",
      "s" : "buy",
      "i" : "LMWR_USDT",
      "m" : "4611686018428630107"
    }, {
      "d" : "1756430099699175084",
      "t" : 1756430099699,
      "tn" : 1756430099699175084,
      "q" : "113.2",
      "p" : "0.088270",
      "s" : "buy",
      "i" : "LMWR_USDT",
      "m" : "4611686018428630106"
    }, {
      "d" : "1756430095582850286",
      "t" : 1756430095582,
      "tn" : 1756430095582850286,
      "q" : "580.5",
      "p" : "0.088258",
      "s" : "buy",
      "i" : "LMWR_USDT",
      "m" : "4611686018428630105"
    }, {
      "d" : "1756430087797304145",
      "t" : 1756430087797,
      "tn" : 1756430087797304145,
      "q" : "113.6",
      "p" : "0.088189",
      "s" : "buy",
      "i" : "LMWR_USDT",
      "m" : "4611686018428630104"
    }, {
      "d" : "1756430077915080559",
      "t" : 1756430077915,
      "tn" : 1756430077915080559,
      "q" : "5560.4",
      "p" : "0.088199",
      "s" : "buy",
      "i" : "LMWR_USDT",
      "m" : "4611686018428630103"
    }, {
      "d" : "1756430077915075341",
      "t" : 1756430077915,
      "tn" : 1756430077915075341,
      "q" : "1863.7",
      "p" : "0.088197",
      "s" : "buy",
      "i" : "LMWR_USDT",
      "m" : "4611686018428630102"
    }, {
      "d" : "1756430077915073511",
      "t" : 1756430077915,
      "tn" : 1756430077915073511,
      "q" : "113.7",
      "p" : "0.088079",
      "s" : "buy",
      "i" : "LMWR_USDT",
      "m" : "4611686018428630101"
    }, {
      "d" : "1756430077805637072",
      "t" : 1756430077805,
      "tn" : 1756430077805637072,
      "q" : "1599.8",
      "p" : "0.088200",
      "s" : "buy",
      "i" : "LMWR_USDT",
      "m" : "4611686018428630100"
    }, {
      "d" : "1756430077805240340",
      "t" : 1756430077805,
      "tn" : 1756430077805240340,
      "q" : "1423.0",
      "p" : "0.088137",
      "s" : "buy",
      "i" : "LMWR_USDT",
      "m" : "4611686018428630099"
    }, {
      "d" : "1756430077805230086",
      "t" : 1756430077805,
      "tn" : 1756430077805230086,
      "q" : "1095.6",
      "p" : "0.088092",
      "s" : "buy",
      "i" : "LMWR_USDT",
      "m" : "4611686018428630098"
    }, {
      "d" : "1756430077805227252",
      "t" : 1756430077805,
      "tn" : 1756430077805227252,
      "q" : "113.7",
      "p" : "0.088083",
      "s" : "buy",
      "i" : "LMWR_USDT",
      "m" : "4611686018428630097"
    }, {
      "d" : "1756430077805223856",
      "t" : 1756430077805,
      "tn" : 1756430077805223856,
      "q" : "1472.8",
      "p" : "0.088074",
      "s" : "buy",
      "i" : "LMWR_USDT",
      "m" : "4611686018428630096"
    }, {
      "d" : "1756430077805221265",
      "t" : 1756430077805,
      "tn" : 1756430077805221265,
      "q" : "1555.9",
      "p" : "0.088066",
      "s" : "buy",
      "i" : "LMWR_USDT",
      "m" : "4611686018428630095"
    }, {
      "d" : "1756430063286667620",
      "t" : 1756430063286,
      "tn" : 1756430063286667620,
      "q" : "569.5",
      "p" : "0.087945",
      "s" : "sell",
      "i" : "LMWR_USDT",
      "m" : "4611686018428630094"
    }, {
      "d" : "1756429383973316606",
      "t" : 1756429383973,
      "tn" : 1756429383973316606,
      "q" : "20.0",
      "p" : "0.088032",
      "s" : "buy",
      "i" : "LMWR_USDT",
      "m" : "4611686018428630093"
    }, {
      "d" : "1756429383973314463",
      "t" : 1756429383973,
      "tn" : 1756429383973314463,
      "q" : "20.0",
      "p" : "0.087976",
      "s" : "buy",
      "i" : "LMWR_USDT",
      "m" : "4611686018428630092"
    }, {
      "d" : "1756428759870069095",
      "t" : 1756428759870,
      "tn" : 1756428759870069095,
      "q" : "20.0",
      "p" : "0.087920",
      "s" : "buy",
      "i" : "LMWR_USDT",
      "m" : "4611686018428630091"
    }, {
      "d" : "1756428759870066775",
      "t" : 1756428759870,
      "tn" : 1756428759870066775,
      "q" : "20.0",
      "p" : "0.087864",
      "s" : "buy",
      "i" : "LMWR_USDT",
      "m" : "4611686018428630090"
    }, {
      "d" : "1756427744865240831",
      "t" : 1756427744865,
      "tn" : 1756427744865240831,
      "q" : "98.8",
      "p" : "0.087570",
      "s" : "sell",
      "i" : "LMWR_USDT",
      "m" : "4611686018428630089"
    }, {
      "d" : "1756427738521886930",
      "t" : 1756427738521,
      "tn" : 1756427738521886930,
      "q" : "581.2",
      "p" : "0.087570",
      "s" : "sell",
      "i" : "LMWR_USDT",
      "m" : "4611686018428630088"
    }, {
      "d" : "1756427738521884976",
      "t" : 1756427738521,
      "tn" : 1756427738521884976,
      "q" : "20.0",
      "p" : "0.087584",
      "s" : "sell",
      "i" : "LMWR_USDT",
      "m" : "4611686018428630087"
    }, {
      "d" : "1756427732097085963",
      "t" : 1756427732097,
      "tn" : 1756427732097085963,
      "q" : "680.0",
      "p" : "0.087606",
      "s" : "sell",
      "i" : "LMWR_USDT",
      "m" : "4611686018428630086"
    }, {
      "d" : "1756427728075621748",
      "t" : 1756427728075,
      "tn" : 1756427728075621748,
      "q" : "58.6",
      "p" : "0.087639",
      "s" : "sell",
      "i" : "LMWR_USDT",
      "m" : "4611686018428630085"
    }, {
      "d" : "1756427723899519224",
      "t" : 1756427723899,
      "tn" : 1756427723899519224,
      "q" : "621.4",
      "p" : "0.087639",
      "s" : "sell",
      "i" : "LMWR_USDT",
      "m" : "4611686018428630084"
    }, {
      "d" : "1756427723899517320",
      "t" : 1756427723899,
      "tn" : 1756427723899517320,
      "q" : "20.0",
      "p" : "0.087640",
      "s" : "sell",
      "i" : "LMWR_USDT",
      "m" : "4611686018428630083"
    }, {
      "d" : "1756427722563758215",
      "t" : 1756427722563,
      "tn" : 1756427722563758215,
      "q" : "20.0",
      "p" : "0.087641",
      "s" : "buy",
      "i" : "LMWR_USDT",
      "m" : "4611686018428630082"
    }, {
      "d" : "1756427719557883983",
      "t" : 1756427719557,
      "tn" : 1756427719557883983,
      "q" : "680.0",
      "p" : "0.087664",
      "s" : "sell",
      "i" : "LMWR_USDT",
      "m" : "4611686018428630081"
    }, {
      "d" : "1756427714579353985",
      "t" : 1756427714579,
      "tn" : 1756427714579353985,
      "q" : "20.0",
      "p" : "0.087696",
      "s" : "sell",
      "i" : "LMWR_USDT",
      "m" : "4611686018428630080"
    }, {
      "d" : "1756427714579351686",
      "t" : 1756427714579,
      "tn" : 1756427714579351686,
      "q" : "680.0",
      "p" : "0.087702",
      "s" : "sell",
      "i" : "LMWR_USDT",
      "m" : "4611686018428630079"
    }, {
      "d" : "1756427710579179468",
      "t" : 1756427710579,
      "tn" : 1756427710579179468,
      "q" : "113.7",
      "p" : "0.087740",
      "s" : "sell",
      "i" : "LMWR_USDT",
      "m" : "4611686018428630078"
    }, {
      "d" : "1756427710579176814",
      "t" : 1756427710579,
      "tn" : 1756427710579176814,
      "q" : "680.0",
      "p" : "0.087776",
      "s" : "sell",
      "i" : "LMWR_USDT",
      "m" : "4611686018428630077"
    }, {
      "d" : "1756427706578886475",
      "t" : 1756427706578,
      "tn" : 1756427706578886475,
      "q" : "680.0",
      "p" : "0.087790",
      "s" : "sell",
      "i" : "LMWR_USDT",
      "m" : "4611686018428630076"
    }, {
      "d" : "1756427702578050049",
      "t" : 1756427702578,
      "tn" : 1756427702578050049,
      "q" : "113.6",
      "p" : "0.087773",
      "s" : "sell",
      "i" : "LMWR_USDT",
      "m" : "4611686018428630075"
    }, {
      "d" : "1756427702578046881",
      "t" : 1756427702578,
      "tn" : 1756427702578046881,
      "q" : "167.2",
      "p" : "0.087790",
      "s" : "sell",
      "i" : "LMWR_USDT",
      "m" : "4611686018428630074"
    }, {
      "d" : "1756427698531583989",
      "t" : 1756427698531,
      "tn" : 1756427698531583989,
      "q" : "512.8",
      "p" : "0.087790",
      "s" : "sell",
      "i" : "LMWR_USDT",
      "m" : "4611686018428630073"
    }, {
      "d" : "1756427698531581876",
      "t" : 1756427698531,
      "tn" : 1756427698531581876,
      "q" : "113.5",
      "p" : "0.087821",
      "s" : "sell",
      "i" : "LMWR_USDT",
      "m" : "4611686018428630072"
    }, {
      "d" : "1756427694352086806",
      "t" : 1756427694352,
      "tn" : 1756427694352086806,
      "q" : "113.6",
      "p" : "0.087827",
      "s" : "sell",
      "i" : "LMWR_USDT",
      "m" : "4611686018428630071"
    }, {
      "d" : "1756427689635895862",
      "t" : 1756427689635,
      "tn" : 1756427689635895862,
      "q" : "576.2",
      "p" : "0.087918",
      "s" : "sell",
      "i" : "LMWR_USDT",
      "m" : "4611686018428630070"
    }, {
      "d" : "1756427684391518357",
      "t" : 1756427684391,
      "tn" : 1756427684391518357,
      "q" : "767.2",
      "p" : "0.087967",
      "s" : "buy",
      "i" : "LMWR_USDT",
      "m" : "4611686018428630069"
    }, {
      "d" : "1756427682681934780",
      "t" : 1756427682681,
      "tn" : 1756427682681934780,
      "q" : "112.0",
      "p" : "0.087959",
      "s" : "sell",
      "i" : "LMWR_USDT",
      "m" : "4611686018428630068"
    }, {
      "d" : "1756427681917132940",
      "t" : 1756427681917,
      "tn" : 1756427681917132940,
      "q" : "20.0",
      "p" : "0.087752",
      "s" : "sell",
      "i" : "LMWR_USDT",
      "m" : "4611686018428630067"
    }, {
      "d" : "1756427681917130764",
      "t" : 1756427681917,
      "tn" : 1756427681917130764,
      "q" : "1095.5",
      "p" : "0.087758",
      "s" : "sell",
      "i" : "LMWR_USDT",
      "m" : "4611686018428630066"
    }, {
      "d" : "1756427681917128950",
      "t" : 1756427681917,
      "tn" : 1756427681917128950,
      "q" : "138.8",
      "p" : "0.087759",
      "s" : "sell",
      "i" : "LMWR_USDT",
      "m" : "4611686018428630065"
    }, {
      "d" : "1756427681801372733",
      "t" : 1756427681801,
      "tn" : 1756427681801372733,
      "q" : "5425.5",
      "p" : "0.087758",
      "s" : "sell",
      "i" : "LMWR_USDT",
      "m" : "4611686018428630064"
    }, {
      "d" : "1756427681801370621",
      "t" : 1756427681801,
      "tn" : 1756427681801370621,
      "q" : "138.8",
      "p" : "0.087759",
      "s" : "sell",
      "i" : "LMWR_USDT",
      "m" : "4611686018428630063"
    }, {
      "d" : "1756427681801368710",
      "t" : 1756427681801,
      "tn" : 1756427681801368710,
      "q" : "20.0",
      "p" : "0.087976",
      "s" : "sell",
      "i" : "LMWR_USDT",
      "m" : "4611686018428630062"
    }, {
      "d" : "1756427681801366715",
      "t" : 1756427681801,
      "tn" : 1756427681801366715,
      "q" : "113.2",
      "p" : "0.087989",
      "s" : "sell",
      "i" : "LMWR_USDT",
      "m" : "4611686018428630061"
    }, {
      "d" : "1756427681488248779",
      "t" : 1756427681488,
      "tn" : 1756427681488248779,
      "q" : "1839.1",
      "p" : "0.087822",
      "s" : "sell",
      "i" : "LMWR_USDT",
      "m" : "4611686018428630060"
    }, {
      "d" : "1756427681488244630",
      "t" : 1756427681488,
      "tn" : 1756427681488244630,
      "q" : "1410.2",
      "p" : "0.087885",
      "s" : "sell",
      "i" : "LMWR_USDT",
      "m" : "4611686018428630059"
    }, {
      "d" : "1756427681488239857",
      "t" : 1756427681488,
      "tn" : 1756427681488239857,
      "q" : "1138.3",
      "p" : "0.087947",
      "s" : "sell",
      "i" : "LMWR_USDT",
      "m" : "4611686018428630058"
    }, {
      "d" : "1756427681488235600",
      "t" : 1756427681488,
      "tn" : 1756427681488235600,
      "q" : "1436.8",
      "p" : "0.087948",
      "s" : "sell",
      "i" : "LMWR_USDT",
      "m" : "4611686018428630057"
    }, {
      "d" : "1756427681488231891",
      "t" : 1756427681488,
      "tn" : 1756427681488231891,
      "q" : "1555.9",
      "p" : "0.087986",
      "s" : "sell",
      "i" : "LMWR_USDT",
      "m" : "4611686018428630056"
    }, {
      "d" : "1756427681488225590",
      "t" : 1756427681488,
      "tn" : 1756427681488225590,
      "q" : "113.2",
      "p" : "0.088001",
      "s" : "sell",
      "i" : "LMWR_USDT",
      "m" : "4611686018428630055"
    }, {
      "d" : "1756426332995800529",
      "t" : 1756426332995,
      "tn" : 1756426332995800529,
      "q" : "20.0",
      "p" : "0.087808",
      "s" : "sell",
      "i" : "LMWR_USDT",
      "m" : "4611686018428630054"
    }, {
      "d" : "1756426332995798182",
      "t" : 1756426332995,
      "tn" : 1756426332995798182,
      "q" : "20.0",
      "p" : "0.087864",
      "s" : "sell",
      "i" : "LMWR_USDT",
      "m" : "4611686018428630053"
    }, {
      "d" : "1756426271103715087",
      "t" : 1756426271103,
      "tn" : 1756426271103715087,
      "q" : "20.0",
      "p" : "0.088031",
      "s" : "sell",
      "i" : "LMWR_USDT",
      "m" : "4611686018428630052"
    }, {
      "d" : "1756426271091048658",
      "t" : 1756426271091,
      "tn" : 1756426271091048658,
      "q" : "113.6",
      "p" : "0.088005",
      "s" : "buy",
      "i" : "LMWR_USDT",
      "m" : "4611686018428630051"
    }, {
      "d" : "1756426271091045355",
      "t" : 1756426271091,
      "tn" : 1756426271091045355,
      "q" : "20.0",
      "p" : "0.087976",
      "s" : "buy",
      "i" : "LMWR_USDT",
      "m" : "4611686018428630050"
    }, {
      "d" : "1756426266087151366",
      "t" : 1756426266087,
      "tn" : 1756426266087151366,
      "q" : "113.9",
      "p" : "0.087972",
      "s" : "buy",
      "i" : "LMWR_USDT",
      "m" : "4611686018428630049"
    }, {
      "d" : "1756426257972145933",
      "t" : 1756426257972,
      "tn" : 1756426257972145933,
      "q" : "114.0",
      "p" : "0.087848",
      "s" : "buy",
      "i" : "LMWR_USDT",
      "m" : "4611686018428630048"
    }, {
      "d" : "1756426245484723912",
      "t" : 1756426245484,
      "tn" : 1756426245484723912,
      "q" : "114.0",
      "p" : "0.087702",
      "s" : "buy",
      "i" : "LMWR_USDT",
      "m" : "4611686018428630047"
    }, {
      "d" : "1756426103251753857",
      "t" : 1756426103251,
      "tn" : 1756426103251753857,
      "q" : "20.0",
      "p" : "0.087752",
      "s" : "sell",
      "i" : "LMWR_USDT",
      "m" : "4611686018428630046"
    }, {
      "d" : "1756426103251751532",
      "t" : 1756426103251,
      "tn" : 1756426103251751532,
      "q" : "20.0",
      "p" : "0.087808",
      "s" : "sell",
      "i" : "LMWR_USDT",
      "m" : "4611686018428630045"
    }, {
      "d" : "1756426089129096982",
      "t" : 1756426089129,
      "tn" : 1756426089129096982,
      "q" : "113.6",
      "p" : "0.087999",
      "s" : "sell",
      "i" : "LMWR_USDT",
      "m" : "4611686018428630044"
    }, {
      "d" : "1756426068797160882",
      "t" : 1756426068797,
      "tn" : 1756426068797160882,
      "q" : "113.7",
      "p" : "0.087928",
      "s" : "buy",
      "i" : "LMWR_USDT",
      "m" : "4611686018428630043"
    }, {
      "d" : "1756426068027247391",
      "t" : 1756426068027,
      "tn" : 1756426068027247391,
      "q" : "113.6",
      "p" : "0.087922",
      "s" : "buy",
      "i" : "LMWR_USDT",
      "m" : "4611686018428630042"
    }, {
      "d" : "1756426064303928001",
      "t" : 1756426064303,
      "tn" : 1756426064303928001,
      "q" : "113.9",
      "p" : "0.087975",
      "s" : "buy",
      "i" : "LMWR_USDT",
      "m" : "4611686018428630041"
    }, {
      "d" : "1756426060695004700",
      "t" : 1756426060695,
      "tn" : 1756426060695004700,
      "q" : "914.4",
      "p" : "0.087973",
      "s" : "sell",
      "i" : "LMWR_USDT",
      "m" : "4611686018428630040"
    }, {
      "d" : "1756426058921058100",
      "t" : 1756426058921,
      "tn" : 1756426058921058100,
      "q" : "108.1",
      "p" : "0.088255",
      "s" : "buy",
      "i" : "LMWR_USDT",
      "m" : "4611686018428630039"
    } ]
  }
}