{
  "id" : -1,
  "method" : "public/get-trades",
  "code" : 0,
  "result" : {
    "data" : [ {
      "d" : "1756445722575001819",
      "t" : 1756445722575,
      "tn" : 1756445722575001819,
      "q" : "200",
      "p" : "0.024089",
      "s" : "buy",
      "i" : "LOAF_USD",
      "m" : "4611686018427978123"
    }, {
      "d" : "1756443372933876005",
      "t" : 1756443372933,
      "tn" : 1756443372933876005,
      "q" : "10",
      "p" : "0.027500",
      "s" : "sell",
      "i" : "LOAF_USD",
      "m" : "4611686018427978122"
    }, {
      "d" : "1756438616858900447",
      "t" : 1756438616858,
      "tn" : 1756438616858900447,
      "q" : "700",
      "p" : "0.027500",
      "s" : "sell",
      "i" : "LOAF_USD",
      "m" : "4611686018427978121"
    }, {
      "d" : "1756388043928260390",
      "t" : 1756388043928,
      "tn" : 1756388043928260390,
      "q" : "4490",
      "p" : "0.028924",
      "s" : "sell",
      "i" : "LOAF_USD",
      "m" : "4611686018427978120"
    }, {
      "d" : "1756388037405924399",
      "t" : 1756388037405,
      "tn" : 1756388037405924399,
      "q" : "4490",
      "p" : "0.028931",
      "s" : "sell",
      "i" : "LOAF_USD",
      "m" : "4611686018427978119"
    }, {
      "d" : "1756382872322957440",
      "t" : 1756382872322,
      "tn" : 1756382872322957440,
      "q" : "1330",
      "p" : "0.030000",
      "s" : "buy",
      "i" : "LOAF_USD",
      "m" : "4611686018427978118"
    }, {
      "d" : "1756382855661463646",
      "t" : 1756382855661,
      "tn" : 1756382855661463646,
      "q" : "15000",
      "p" : "0.030000",
      "s" : "buy",
      "i" : "LOAF_USD",
      "m" : "4611686018427978117"
    }, {
      "d" : "1756382843499769659",
      "t" : 1756382843499,
      "tn" : 1756382843499769659,
      "q" : "30000",
      "p" : "0.030000",
      "s" : "buy",
      "i" : "LOAF_USD",
      "m" : "4611686018427978116"
    }, {
      "d" : "1756380428574623123",
      "t" : 1756380428574,
      "tn" : 1756380428574623123,
      "q" : "3490",
      "p" : "0.028716",
      "s" : "buy",
      "i" : "LOAF_USD",
      "m" : "4611686018427978115"
    }, {
      "d" : "1756378305786261115",
      "t" : 1756378305786,
      "tn" : 1756378305786261115,
      "q" : "1740",
      "p" : "0.027478",
      "s" : "sell",
      "i" : "LOAF_USD",
      "m" : "4611686018427978114"
    }, {
      "d" : "1756378261728544194",
      "t" : 1756378261728,
      "tn" : 1756378261728544194,
      "q" : "5470",
      "p" : "0.027415",
      "s" : "buy",
      "i" : "LOAF_USD",
      "m" : "4611686018427978113"
    }, {
      "d" : "1756378261721971519",
      "t" : 1756378261721,
      "tn" : 1756378261721971519,
      "q" : "25860",
      "p" : "0.027445",
      "s" : "sell",
      "i" : "LOAF_USD",
      "m" : "4611686018427978112"
    }, {
      "d" : "1756378241472809336",
      "t" : 1756378241472,
      "tn" : 1756378241472809336,
      "q" : "10930",
      "p" : "0.027437",
      "s" : "buy",
      "i" : "LOAF_USD",
      "m" : "4611686018427978111"
    }, {
      "d" : "1756378237361925991",
      "t" : 1756378237361,
      "tn" : 1756378237361925991,
      "q" : "25860",
      "p" : "0.027437",
      "s" : "sell",
      "i" : "LOAF_USD",
      "m" : "4611686018427978110"
    }, {
      "d" : "1756378233468460477",
      "t" : 1756378233468,
      "tn" : 1756378233468460477,
      "q" : "730",
      "p" : "0.027488",
      "s" : "buy",
      "i" : "LOAF_USD",
      "m" : "4611686018427978109"
    }, {
      "d" : "1756378233462185969",
      "t" : 1756378233462,
      "tn" : 1756378233462185969,
      "q" : "3270",
      "p" : "0.027488",
      "s" : "buy",
      "i" : "LOAF_USD",
      "m" : "4611686018427978108"
    }, {
      "d" : "1756378224896149629",
      "t" : 1756378224896,
      "tn" : 1756378224896149629,
      "q" : "32740",
      "p" : "0.027488",
      "s" : "buy",
      "i" : "LOAF_USD",
      "m" : "4611686018427978107"
    }, {
      "d" : "1756378189782137909",
      "t" : 1756378189782,
      "tn" : 1756378189782137909,
      "q" : "10880",
      "p" : "0.027561",
      "s" : "buy",
      "i" : "LOAF_USD",
      "m" : "4611686018427978106"
    }, {
      "d" : "1756378189776969973",
      "t" : 1756378189776,
      "tn" : 1756378189776969973,
      "q" : "25860",
      "p" : "0.027561",
      "s" : "sell",
      "i" : "LOAF_USD",
      "m" : "4611686018427978105"
    }, {
      "d" : "1756375754753485691",
      "t" : 1756375754753,
      "tn" : 1756375754753485691,
      "q" : "490",
      "p" : "0.028000",
      "s" : "buy",
      "i" : "LOAF_USD",
      "m" : "4611686018427978104"
    }, {
      "d" : "1756375754748993400",
      "t" : 1756375754748,
      "tn" : 1756375754748993400,
      "q" : "300",
      "p" : "0.028000",
      "s" : "buy",
      "i" : "LOAF_USD",
      "m" : "4611686018427978103"
    }, {
      "d" : "1756375754748991882",
      "t" : 1756375754748,
      "tn" : 1756375754748991882,
      "q" : "410",
      "p" : "0.027145",
      "s" : "buy",
      "i" : "LOAF_USD",
      "m" : "4611686018427978102"
    } ]
  }
}