{
  "id" : -1,
  "method" : "public/get-trades",
  "code" : 0,
  "result" : {
    "data" : [ {
      "d" : "1756461374349096231",
      "t" : 1756461374349,
      "tn" : 1756461374349096231,
      "q" : "1.48",
      "p" : "7.202",
      "s" : "buy",
      "i" : "LPT_USDT",
      "m" : "4611686018429671831"
    }, {
      "d" : "1756461374347940065",
      "t" : 1756461374347,
      "tn" : 1756461374347940065,
      "q" : "7.44",
      "p" : "7.202",
      "s" : "buy",
      "i" : "LPT_USDT",
      "m" : "4611686018429671830"
    }, {
      "d" : "1756454245371037850",
      "t" : 1756454245371,
      "tn" : 1756454245371037850,
      "q" : "0.27",
      "p" : "7.208",
      "s" : "sell",
      "i" : "LPT_USDT",
      "m" : "4611686018429671829"
    }, {
      "d" : "1756454245371035425",
      "t" : 1756454245371,
      "tn" : 1756454245371035425,
      "q" : "4.70",
      "p" : "7.209",
      "s" : "sell",
      "i" : "LPT_USDT",
      "m" : "4611686018429671828"
    }, {
      "d" : "1756453794245609181",
      "t" : 1756453794245,
      "tn" : 1756453794245609181,
      "q" : "13.82",
      "p" : "7.234",
      "s" : "sell",
      "i" : "LPT_USDT",
      "m" : "4611686018429671827"
    }, {
      "d" : "1756451910290965270",
      "t" : 1756451910290,
      "tn" : 1756451910290965270,
      "q" : "13.68",
      "p" : "7.308",
      "s" : "sell",
      "i" : "LPT_USDT",
      "m" : "4611686018429671826"
    }, {
      "d" : "1756451862539985744",
      "t" : 1756451862539,
      "tn" : 1756451862539985744,
      "q" : "2.72",
      "p" : "7.304",
      "s" : "sell",
      "i" : "LPT_USDT",
      "m" : "4611686018429671825"
    }, {
      "d" : "1756450712393359744",
      "t" : 1756450712393,
      "tn" : 1756450712393359744,
      "q" : "10.89",
      "p" : "7.306",
      "s" : "sell",
      "i" : "LPT_USDT",
      "m" : "4611686018429671824"
    }, {
      "d" : "1756450712393357730",
      "t" : 1756450712393,
      "tn" : 1756450712393357730,
      "q" : "4.64",
      "p" : "7.307",
      "s" : "sell",
      "i" : "LPT_USDT",
      "m" : "4611686018429671823"
    }, {
      "d" : "1756450542614838377",
      "t" : 1756450542614,
      "tn" : 1756450542614838377,
      "q" : "17.04",
      "p" : "7.296",
      "s" : "sell",
      "i" : "LPT_USDT",
      "m" : "4611686018429671822"
    }, {
      "d" : "1756449703884474376",
      "t" : 1756449703884,
      "tn" : 1756449703884474376,
      "q" : "0.16",
      "p" : "7.323",
      "s" : "sell",
      "i" : "LPT_USDT",
      "m" : "4611686018429671821"
    }, {
      "d" : "1756449671432434288",
      "t" : 1756449671432,
      "tn" : 1756449671432434288,
      "q" : "2.73",
      "p" : "7.323",
      "s" : "sell",
      "i" : "LPT_USDT",
      "m" : "4611686018429671820"
    }, {
      "d" : "1756449670090840485",
      "t" : 1756449670090,
      "tn" : 1756449670090840485,
      "q" : "2.86",
      "p" : "7.313",
      "s" : "sell",
      "i" : "LPT_USDT",
      "m" : "4611686018429671819"
    }, {
      "d" : "1756449670089862070",
      "t" : 1756449670089,
      "tn" : 1756449670089862070,
      "q" : "13.59",
      "p" : "7.314",
      "s" : "sell",
      "i" : "LPT_USDT",
      "m" : "4611686018429671818"
    }, {
      "d" : "1756449670088926647",
      "t" : 1756449670088,
      "tn" : 1756449670088926647,
      "q" : "11.84",
      "p" : "7.316",
      "s" : "sell",
      "i" : "LPT_USDT",
      "m" : "4611686018429671817"
    }, {
      "d" : "1756443621178833363",
      "t" : 1756443621178,
      "tn" : 1756443621178833363,
      "q" : "1.73",
      "p" : "7.440",
      "s" : "buy",
      "i" : "LPT_USDT",
      "m" : "4611686018429671816"
    }, {
      "d" : "1756440497806265066",
      "t" : 1756440497806,
      "tn" : 1756440497806265065,
      "q" : "4.60",
      "p" : "7.375",
      "s" : "sell",
      "i" : "LPT_USDT",
      "m" : "4611686018429671815"
    }, {
      "d" : "1756440497806265065",
      "t" : 1756440497806,
      "tn" : 1756440497806265065,
      "q" : "4.60",
      "p" : "7.375",
      "s" : "sell",
      "i" : "LPT_USDT",
      "m" : "4611686018429671815"
    }, {
      "d" : "1756440497804227703",
      "t" : 1756440497804,
      "tn" : 1756440497804227703,
      "q" : "63.13",
      "p" : "7.383",
      "s" : "sell",
      "i" : "LPT_USDT",
      "m" : "4611686018429671814"
    }, {
      "d" : "1756440497804225199",
      "t" : 1756440497804,
      "tn" : 1756440497804225199,
      "q" : "4.59",
      "p" : "7.384",
      "s" : "sell",
      "i" : "LPT_USDT",
      "m" : "4611686018429671813"
    }, {
      "d" : "1756440243374518847",
      "t" : 1756440243374,
      "tn" : 1756440243374518847,
      "q" : "2.06",
      "p" : "7.447",
      "s" : "sell",
      "i" : "LPT_USDT",
      "m" : "4611686018429671812"
    }, {
      "d" : "1756440243373929492",
      "t" : 1756440243373,
      "tn" : 1756440243373929492,
      "q" : "0.72",
      "p" : "7.447",
      "s" : "sell",
      "i" : "LPT_USDT",
      "m" : "4611686018429671811"
    }, {
      "d" : "1756440243373927830",
      "t" : 1756440243373,
      "tn" : 1756440243373927830,
      "q" : "0.85",
      "p" : "7.448",
      "s" : "sell",
      "i" : "LPT_USDT",
      "m" : "4611686018429671810"
    }, {
      "d" : "1756440243367119701",
      "t" : 1756440243367,
      "tn" : 1756440243367119701,
      "q" : "1.21",
      "p" : "7.448",
      "s" : "sell",
      "i" : "LPT_USDT",
      "m" : "4611686018429671809"
    }, {
      "d" : "1756440240882130879",
      "t" : 1756440240882,
      "tn" : 1756440240882130879,
      "q" : "0.85",
      "p" : "7.448",
      "s" : "sell",
      "i" : "LPT_USDT",
      "m" : "4611686018429671808"
    }, {
      "d" : "1756440001352179581",
      "t" : 1756440001352,
      "tn" : 1756440001352179581,
      "q" : "43.08",
      "p" : "7.484",
      "s" : "sell",
      "i" : "LPT_USDT",
      "m" : "4611686018429671807"
    }, {
      "d" : "1756440001350786081",
      "t" : 1756440001350,
      "tn" : 1756440001350786081,
      "q" : "4.53",
      "p" : "7.485",
      "s" : "sell",
      "i" : "LPT_USDT",
      "m" : "4611686018429671806"
    }, {
      "d" : "1756434661947920014",
      "t" : 1756434661947,
      "tn" : 1756434661947920014,
      "q" : "4.45",
      "p" : "7.627",
      "s" : "sell",
      "i" : "LPT_USDT",
      "m" : "4611686018429671805"
    }, {
      "d" : "1756432069858752355",
      "t" : 1756432069858,
      "tn" : 1756432069858752355,
      "q" : "2.69",
      "p" : "7.633",
      "s" : "sell",
      "i" : "LPT_USDT",
      "m" : "4611686018429671804"
    }, {
      "d" : "1756431986323749022",
      "t" : 1756431986323,
      "tn" : 1756431986323749022,
      "q" : "0.40",
      "p" : "7.631",
      "s" : "sell",
      "i" : "LPT_USDT",
      "m" : "4611686018429671803"
    }, {
      "d" : "1756431602010867011",
      "t" : 1756431602010,
      "tn" : 1756431602010867011,
      "q" : "3.51",
      "p" : "7.661",
      "s" : "sell",
      "i" : "LPT_USDT",
      "m" : "4611686018429671802"
    }, {
      "d" : "1756431445567996013",
      "t" : 1756431445567,
      "tn" : 1756431445567996013,
      "q" : "1.86",
      "p" : "7.631",
      "s" : "sell",
      "i" : "LPT_USDT",
      "m" : "4611686018429671801"
    }, {
      "d" : "1756431440647284796",
      "t" : 1756431440647,
      "tn" : 1756431440647284796,
      "q" : "0.40",
      "p" : "7.631",
      "s" : "sell",
      "i" : "LPT_USDT",
      "m" : "4611686018429671800"
    }, {
      "d" : "1756431399072414971",
      "t" : 1756431399072,
      "tn" : 1756431399072414971,
      "q" : "32.68",
      "p" : "7.657",
      "s" : "sell",
      "i" : "LPT_USDT",
      "m" : "4611686018429671799"
    }, {
      "d" : "1756431399043136996",
      "t" : 1756431399043,
      "tn" : 1756431399043136996,
      "q" : "13.01",
      "p" : "7.683",
      "s" : "sell",
      "i" : "LPT_USDT",
      "m" : "4611686018429671798"
    }, {
      "d" : "1756431137175384799",
      "t" : 1756431137175,
      "tn" : 1756431137175384799,
      "q" : "15.86",
      "p" : "7.768",
      "s" : "buy",
      "i" : "LPT_USDT",
      "m" : "4611686018429671797"
    }, {
      "d" : "1756430478837855330",
      "t" : 1756430478837,
      "tn" : 1756430478837855330,
      "q" : "2.60",
      "p" : "7.750",
      "s" : "sell",
      "i" : "LPT_USDT",
      "m" : "4611686018429671796"
    }, {
      "d" : "1756430165209066125",
      "t" : 1756430165209,
      "tn" : 1756430165209066125,
      "q" : "47.60",
      "p" : "7.788",
      "s" : "sell",
      "i" : "LPT_USDT",
      "m" : "4611686018429671795"
    }, {
      "d" : "1756430165209064186",
      "t" : 1756430165209,
      "tn" : 1756430165209064186,
      "q" : "82.78",
      "p" : "7.790",
      "s" : "sell",
      "i" : "LPT_USDT",
      "m" : "4611686018429671794"
    }, {
      "d" : "1756430147824998090",
      "t" : 1756430147824,
      "tn" : 1756430147824998090,
      "q" : "3.43",
      "p" : "7.821",
      "s" : "sell",
      "i" : "LPT_USDT",
      "m" : "4611686018429671793"
    }, {
      "d" : "1756429511055128568",
      "t" : 1756429511055,
      "tn" : 1756429511055128568,
      "q" : "4.41",
      "p" : "7.935",
      "s" : "buy",
      "i" : "LPT_USDT",
      "m" : "4611686018429671792"
    }, {
      "d" : "1756429511055106488",
      "t" : 1756429511055,
      "tn" : 1756429511055106488,
      "q" : "11.34",
      "p" : "7.935",
      "s" : "buy",
      "i" : "LPT_USDT",
      "m" : "4611686018429671791"
    }, {
      "d" : "1756429333330984624",
      "t" : 1756429333330,
      "tn" : 1756429333330984624,
      "q" : "12.81",
      "p" : "7.805",
      "s" : "sell",
      "i" : "LPT_USDT",
      "m" : "4611686018429671790"
    }, {
      "d" : "1756429194025938707",
      "t" : 1756429194025,
      "tn" : 1756429194025938707,
      "q" : "46.69",
      "p" : "7.866",
      "s" : "buy",
      "i" : "LPT_USDT",
      "m" : "4611686018429671789"
    }, {
      "d" : "1756429194025936975",
      "t" : 1756429194025,
      "tn" : 1756429194025936975,
      "q" : "1.59",
      "p" : "7.865",
      "s" : "buy",
      "i" : "LPT_USDT",
      "m" : "4611686018429671788"
    }, {
      "d" : "1756429194025933924",
      "t" : 1756429194025,
      "tn" : 1756429194025933924,
      "q" : "82.78",
      "p" : "7.862",
      "s" : "buy",
      "i" : "LPT_USDT",
      "m" : "4611686018429671787"
    }, {
      "d" : "1756429194025929972",
      "t" : 1756429194025,
      "tn" : 1756429194025929972,
      "q" : "15.60",
      "p" : "7.861",
      "s" : "buy",
      "i" : "LPT_USDT",
      "m" : "4611686018429671786"
    }, {
      "d" : "1756427785780776012",
      "t" : 1756427785780,
      "tn" : 1756427785780776012,
      "q" : "8.92",
      "p" : "7.913",
      "s" : "sell",
      "i" : "LPT_USDT",
      "m" : "4611686018429671785"
    }, {
      "d" : "1756427785684035960",
      "t" : 1756427785684,
      "tn" : 1756427785684035960,
      "q" : "8.93",
      "p" : "7.914",
      "s" : "sell",
      "i" : "LPT_USDT",
      "m" : "4611686018429671784"
    }, {
      "d" : "1756427785682924653",
      "t" : 1756427785682,
      "tn" : 1756427785682924653,
      "q" : "0.28",
      "p" : "7.914",
      "s" : "sell",
      "i" : "LPT_USDT",
      "m" : "4611686018429671783"
    }, {
      "d" : "1756427733995752562",
      "t" : 1756427733995,
      "tn" : 1756427733995752562,
      "q" : "8.65",
      "p" : "7.956",
      "s" : "sell",
      "i" : "LPT_USDT",
      "m" : "4611686018429671782"
    }, {
      "d" : "1756427708537760473",
      "t" : 1756427708537,
      "tn" : 1756427708537760473,
      "q" : "12.44",
      "p" : "8.036",
      "s" : "sell",
      "i" : "LPT_USDT",
      "m" : "4611686018429671781"
    }, {
      "d" : "1756427044836814424",
      "t" : 1756427044836,
      "tn" : 1756427044836814424,
      "q" : "1.30",
      "p" : "8.082",
      "s" : "sell",
      "i" : "LPT_USDT",
      "m" : "4611686018429671780"
    }, {
      "d" : "1756427042568010981",
      "t" : 1756427042568,
      "tn" : 1756427042568010981,
      "q" : "1.16",
      "p" : "8.082",
      "s" : "sell",
      "i" : "LPT_USDT",
      "m" : "4611686018429671779"
    }, {
      "d" : "1756427040080093023",
      "t" : 1756427040080,
      "tn" : 1756427040080093023,
      "q" : "1.16",
      "p" : "8.111",
      "s" : "buy",
      "i" : "LPT_USDT",
      "m" : "4611686018429671778"
    }, {
      "d" : "1756427040078391922",
      "t" : 1756427040078,
      "tn" : 1756427040078391922,
      "q" : "11.10",
      "p" : "8.111",
      "s" : "buy",
      "i" : "LPT_USDT",
      "m" : "4611686018429671777"
    }, {
      "d" : "1756427038943785676",
      "t" : 1756427038943,
      "tn" : 1756427038943785676,
      "q" : "8.78",
      "p" : "8.110",
      "s" : "buy",
      "i" : "LPT_USDT",
      "m" : "4611686018429671776"
    }, {
      "d" : "1756427038943783866",
      "t" : 1756427038943,
      "tn" : 1756427038943783866,
      "q" : "15.41",
      "p" : "8.108",
      "s" : "buy",
      "i" : "LPT_USDT",
      "m" : "4611686018429671775"
    }, {
      "d" : "1756427025405744711",
      "t" : 1756427025405,
      "tn" : 1756427025405744711,
      "q" : "15.60",
      "p" : "8.010",
      "s" : "sell",
      "i" : "LPT_USDT",
      "m" : "4611686018429671774"
    }, {
      "d" : "1756427013047749388",
      "t" : 1756427013047,
      "tn" : 1756427013047749388,
      "q" : "0.42",
      "p" : "7.996",
      "s" : "buy",
      "i" : "LPT_USDT",
      "m" : "4611686018429671773"
    }, {
      "d" : "1756427013042176170",
      "t" : 1756427013042,
      "tn" : 1756427013042176170,
      "q" : "0.35",
      "p" : "7.992",
      "s" : "buy",
      "i" : "LPT_USDT",
      "m" : "4611686018429671772"
    }, {
      "d" : "1756427013035065746",
      "t" : 1756427013035,
      "tn" : 1756427013035065746,
      "q" : "0.35",
      "p" : "7.988",
      "s" : "buy",
      "i" : "LPT_USDT",
      "m" : "4611686018429671771"
    }, {
      "d" : "1756427013027806421",
      "t" : 1756427013027,
      "tn" : 1756427013027806421,
      "q" : "0.35",
      "p" : "7.984",
      "s" : "buy",
      "i" : "LPT_USDT",
      "m" : "4611686018429671770"
    }, {
      "d" : "1756427012443773081",
      "t" : 1756427012443,
      "tn" : 1756427012443773081,
      "q" : "0.35",
      "p" : "7.980",
      "s" : "buy",
      "i" : "LPT_USDT",
      "m" : "4611686018429671769"
    }, {
      "d" : "1756427012436044127",
      "t" : 1756427012436,
      "tn" : 1756427012436044127,
      "q" : "0.35",
      "p" : "7.977",
      "s" : "buy",
      "i" : "LPT_USDT",
      "m" : "4611686018429671768"
    }, {
      "d" : "1756427012349714317",
      "t" : 1756427012349,
      "tn" : 1756427012349714317,
      "q" : "0.35",
      "p" : "7.973",
      "s" : "buy",
      "i" : "LPT_USDT",
      "m" : "4611686018429671767"
    }, {
      "d" : "1756427012339037680",
      "t" : 1756427012339,
      "tn" : 1756427012339037680,
      "q" : "0.35",
      "p" : "7.969",
      "s" : "buy",
      "i" : "LPT_USDT",
      "m" : "4611686018429671766"
    }, {
      "d" : "1756427012331693719",
      "t" : 1756427012331,
      "tn" : 1756427012331693719,
      "q" : "0.35",
      "p" : "7.965",
      "s" : "buy",
      "i" : "LPT_USDT",
      "m" : "4611686018429671765"
    }, {
      "d" : "1756427012328818046",
      "t" : 1756427012328,
      "tn" : 1756427012328818046,
      "q" : "0.35",
      "p" : "7.961",
      "s" : "buy",
      "i" : "LPT_USDT",
      "m" : "4611686018429671764"
    }, {
      "d" : "1756426501723810515",
      "t" : 1756426501723,
      "tn" : 1756426501723810514,
      "q" : "6.27",
      "p" : "7.780",
      "s" : "sell",
      "i" : "LPT_USDT",
      "m" : "4611686018429671763"
    }, {
      "d" : "1756426501723810514",
      "t" : 1756426501723,
      "tn" : 1756426501723810514,
      "q" : "6.36",
      "p" : "7.780",
      "s" : "sell",
      "i" : "LPT_USDT",
      "m" : "4611686018429671763"
    }, {
      "d" : "1756426501715027435",
      "t" : 1756426501715,
      "tn" : 1756426501715027435,
      "q" : "4.93",
      "p" : "7.783",
      "s" : "sell",
      "i" : "LPT_USDT",
      "m" : "4611686018429671762"
    }, {
      "d" : "1756426483505565743",
      "t" : 1756426483505,
      "tn" : 1756426483505565743,
      "q" : "2.57",
      "p" : "7.830",
      "s" : "sell",
      "i" : "LPT_USDT",
      "m" : "4611686018429671761"
    }, {
      "d" : "1756426479406278975",
      "t" : 1756426479406,
      "tn" : 1756426479406278975,
      "q" : "0.42",
      "p" : "7.831",
      "s" : "sell",
      "i" : "LPT_USDT",
      "m" : "4611686018429671760"
    }, {
      "d" : "1756426418884715853",
      "t" : 1756426418884,
      "tn" : 1756426418884715853,
      "q" : "12.14",
      "p" : "7.901",
      "s" : "sell",
      "i" : "LPT_USDT",
      "m" : "4611686018429671759"
    }, {
      "d" : "1756426266689847604",
      "t" : 1756426266689,
      "tn" : 1756426266689847603,
      "q" : "17.92",
      "p" : "7.887",
      "s" : "sell",
      "i" : "LPT_USDT",
      "m" : "4611686018429671758"
    }, {
      "d" : "1756426266689847603",
      "t" : 1756426266689,
      "tn" : 1756426266689847603,
      "q" : "7.17",
      "p" : "7.887",
      "s" : "sell",
      "i" : "LPT_USDT",
      "m" : "4611686018429671758"
    }, {
      "d" : "1756426266687911792",
      "t" : 1756426266687,
      "tn" : 1756426266687911792,
      "q" : "12.67",
      "p" : "7.890",
      "s" : "sell",
      "i" : "LPT_USDT",
      "m" : "4611686018429671757"
    }, {
      "d" : "1756426264921131255",
      "t" : 1756426264921,
      "tn" : 1756426264921131255,
      "q" : "12.67",
      "p" : "7.890",
      "s" : "sell",
      "i" : "LPT_USDT",
      "m" : "4611686018429671756"
    }, {
      "d" : "1756425934295011086",
      "t" : 1756425934295,
      "tn" : 1756425934295011086,
      "q" : "0.22",
      "p" : "8.135",
      "s" : "sell",
      "i" : "LPT_USDT",
      "m" : "4611686018429671755"
    }, {
      "d" : "1756425933476635682",
      "t" : 1756425933476,
      "tn" : 1756425933476635682,
      "q" : "4.34",
      "p" : "8.135",
      "s" : "sell",
      "i" : "LPT_USDT",
      "m" : "4611686018429671754"
    }, {
      "d" : "1756425933463638812",
      "t" : 1756425933463,
      "tn" : 1756425933463638812,
      "q" : "9.85",
      "p" : "8.135",
      "s" : "sell",
      "i" : "LPT_USDT",
      "m" : "4611686018429671753"
    }, {
      "d" : "1756425933439099873",
      "t" : 1756425933439,
      "tn" : 1756425933439099873,
      "q" : "7.11",
      "p" : "8.135",
      "s" : "sell",
      "i" : "LPT_USDT",
      "m" : "4611686018429671752"
    }, {
      "d" : "1756425926883787648",
      "t" : 1756425926883,
      "tn" : 1756425926883787648,
      "q" : "0.24",
      "p" : "8.269",
      "s" : "buy",
      "i" : "LPT_USDT",
      "m" : "4611686018429671751"
    }, {
      "d" : "1756425926883785485",
      "t" : 1756425926883,
      "tn" : 1756425926883785485,
      "q" : "0.24",
      "p" : "8.268",
      "s" : "buy",
      "i" : "LPT_USDT",
      "m" : "4611686018429671750"
    }, {
      "d" : "1756425926883783176",
      "t" : 1756425926883,
      "tn" : 1756425926883783176,
      "q" : "0.24",
      "p" : "8.267",
      "s" : "buy",
      "i" : "LPT_USDT",
      "m" : "4611686018429671749"
    }, {
      "d" : "1756425926883780255",
      "t" : 1756425926883,
      "tn" : 1756425926883780255,
      "q" : "0.24",
      "p" : "8.266",
      "s" : "buy",
      "i" : "LPT_USDT",
      "m" : "4611686018429671748"
    }, {
      "d" : "1756425926767986161",
      "t" : 1756425926767,
      "tn" : 1756425926767986161,
      "q" : "0.24",
      "p" : "8.265",
      "s" : "buy",
      "i" : "LPT_USDT",
      "m" : "4611686018429671747"
    }, {
      "d" : "1756425926767983807",
      "t" : 1756425926767,
      "tn" : 1756425926767983807,
      "q" : "0.24",
      "p" : "8.264",
      "s" : "buy",
      "i" : "LPT_USDT",
      "m" : "4611686018429671746"
    }, {
      "d" : "1756425926767981038",
      "t" : 1756425926767,
      "tn" : 1756425926767981038,
      "q" : "8.13",
      "p" : "8.263",
      "s" : "buy",
      "i" : "LPT_USDT",
      "m" : "4611686018429671745"
    }, {
      "d" : "1756425913506247177",
      "t" : 1756425913506,
      "tn" : 1756425913506247177,
      "q" : "2.44",
      "p" : "8.151",
      "s" : "sell",
      "i" : "LPT_USDT",
      "m" : "4611686018429671744"
    }, {
      "d" : "1756425911412231083",
      "t" : 1756425911412,
      "tn" : 1756425911412231083,
      "q" : "0.31",
      "p" : "8.179",
      "s" : "buy",
      "i" : "LPT_USDT",
      "m" : "4611686018429671743"
    }, {
      "d" : "1756425911373750711",
      "t" : 1756425911373,
      "tn" : 1756425911373750709,
      "q" : "0.24",
      "p" : "8.176",
      "s" : "buy",
      "i" : "LPT_USDT",
      "m" : "4611686018429671742"
    }, {
      "d" : "1756425911373750710",
      "t" : 1756425911373,
      "tn" : 1756425911373750709,
      "q" : "0.24",
      "p" : "8.176",
      "s" : "buy",
      "i" : "LPT_USDT",
      "m" : "4611686018429671742"
    }, {
      "d" : "1756425911373750709",
      "t" : 1756425911373,
      "tn" : 1756425911373750709,
      "q" : "0.24",
      "p" : "8.176",
      "s" : "buy",
      "i" : "LPT_USDT",
      "m" : "4611686018429671742"
    }, {
      "d" : "1756425911298251841",
      "t" : 1756425911298,
      "tn" : 1756425911298251839,
      "q" : "0.24",
      "p" : "8.173",
      "s" : "buy",
      "i" : "LPT_USDT",
      "m" : "4611686018429671741"
    }, {
      "d" : "1756425911298251840",
      "t" : 1756425911298,
      "tn" : 1756425911298251839,
      "q" : "0.24",
      "p" : "8.173",
      "s" : "buy",
      "i" : "LPT_USDT",
      "m" : "4611686018429671741"
    }, {
      "d" : "1756425911298251839",
      "t" : 1756425911298,
      "tn" : 1756425911298251839,
      "q" : "0.24",
      "p" : "8.173",
      "s" : "buy",
      "i" : "LPT_USDT",
      "m" : "4611686018429671741"
    }, {
      "d" : "1756425911243830633",
      "t" : 1756425911243,
      "tn" : 1756425911243830631,
      "q" : "0.24",
      "p" : "8.170",
      "s" : "buy",
      "i" : "LPT_USDT",
      "m" : "4611686018429671740"
    }, {
      "d" : "1756425911243830632",
      "t" : 1756425911243,
      "tn" : 1756425911243830631,
      "q" : "0.24",
      "p" : "8.170",
      "s" : "buy",
      "i" : "LPT_USDT",
      "m" : "4611686018429671740"
    }, {
      "d" : "1756425911243830631",
      "t" : 1756425911243,
      "tn" : 1756425911243830631,
      "q" : "0.24",
      "p" : "8.170",
      "s" : "buy",
      "i" : "LPT_USDT",
      "m" : "4611686018429671740"
    }, {
      "d" : "1756425909869265467",
      "t" : 1756425909869,
      "tn" : 1756425909869265467,
      "q" : "3.77",
      "p" : "8.165",
      "s" : "buy",
      "i" : "LPT_USDT",
      "m" : "4611686018429671739"
    }, {
      "d" : "1756425896085983148",
      "t" : 1756425896085,
      "tn" : 1756425896085983148,
      "q" : "2.47",
      "p" : "8.071",
      "s" : "sell",
      "i" : "LPT_USDT",
      "m" : "4611686018429671738"
    }, {
      "d" : "1756425894313807497",
      "t" : 1756425894313,
      "tn" : 1756425894313807497,
      "q" : "9.35",
      "p" : "8.072",
      "s" : "buy",
      "i" : "LPT_USDT",
      "m" : "4611686018429671737"
    }, {
      "d" : "1756425894311017413",
      "t" : 1756425894311,
      "tn" : 1756425894311017413,
      "q" : "2.70",
      "p" : "8.072",
      "s" : "buy",
      "i" : "LPT_USDT",
      "m" : "4611686018429671736"
    }, {
      "d" : "1756425892173219141",
      "t" : 1756425892173,
      "tn" : 1756425892173219140,
      "q" : "0.34",
      "p" : "8.000",
      "s" : "buy",
      "i" : "LPT_USDT",
      "m" : "4611686018429671735"
    }, {
      "d" : "1756425892173219140",
      "t" : 1756425892173,
      "tn" : 1756425892173219140,
      "q" : "0.35",
      "p" : "8.000",
      "s" : "buy",
      "i" : "LPT_USDT",
      "m" : "4611686018429671735"
    }, {
      "d" : "1756425886235594101",
      "t" : 1756425886235,
      "tn" : 1756425886235594101,
      "q" : "0.35",
      "p" : "7.998",
      "s" : "buy",
      "i" : "LPT_USDT",
      "m" : "4611686018429671734"
    }, {
      "d" : "1756425886235591926",
      "t" : 1756425886235,
      "tn" : 1756425886235591926,
      "q" : "0.35",
      "p" : "7.997",
      "s" : "buy",
      "i" : "LPT_USDT",
      "m" : "4611686018429671733"
    }, {
      "d" : "1756425886235589445",
      "t" : 1756425886235,
      "tn" : 1756425886235589445,
      "q" : "0.35",
      "p" : "7.996",
      "s" : "buy",
      "i" : "LPT_USDT",
      "m" : "4611686018429671732"
    }, {
      "d" : "1756425886235017238",
      "t" : 1756425886235,
      "tn" : 1756425886235017238,
      "q" : "0.35",
      "p" : "7.995",
      "s" : "buy",
      "i" : "LPT_USDT",
      "m" : "4611686018429671731"
    }, {
      "d" : "1756425886221336481",
      "t" : 1756425886221,
      "tn" : 1756425886221336481,
      "q" : "0.35",
      "p" : "7.994",
      "s" : "buy",
      "i" : "LPT_USDT",
      "m" : "4611686018429671730"
    }, {
      "d" : "1756425886146856055",
      "t" : 1756425886146,
      "tn" : 1756425886146856055,
      "q" : "0.35",
      "p" : "7.993",
      "s" : "buy",
      "i" : "LPT_USDT",
      "m" : "4611686018429671729"
    }, {
      "d" : "1756425886144308031",
      "t" : 1756425886144,
      "tn" : 1756425886144308030,
      "q" : "0.35",
      "p" : "7.992",
      "s" : "buy",
      "i" : "LPT_USDT",
      "m" : "4611686018429671728"
    }, {
      "d" : "1756425886144308030",
      "t" : 1756425886144,
      "tn" : 1756425886144308030,
      "q" : "0.35",
      "p" : "7.992",
      "s" : "buy",
      "i" : "LPT_USDT",
      "m" : "4611686018429671728"
    }, {
      "d" : "1756425885647254851",
      "t" : 1756425885647,
      "tn" : 1756425885647254851,
      "q" : "6.21",
      "p" : "7.990",
      "s" : "buy",
      "i" : "LPT_USDT",
      "m" : "4611686018429671727"
    }, {
      "d" : "1756425690253135000",
      "t" : 1756425690253,
      "tn" : 1756425690253135000,
      "q" : "6.47",
      "p" : "7.938",
      "s" : "buy",
      "i" : "LPT_USDT",
      "m" : "4611686018429671726"
    }, {
      "d" : "1756425683381606647",
      "t" : 1756425683381,
      "tn" : 1756425683381606647,
      "q" : "6.47",
      "p" : "7.934",
      "s" : "buy",
      "i" : "LPT_USDT",
      "m" : "4611686018429671725"
    }, {
      "d" : "1756425683068774327",
      "t" : 1756425683068,
      "tn" : 1756425683068774327,
      "q" : "2.49",
      "p" : "7.930",
      "s" : "buy",
      "i" : "LPT_USDT",
      "m" : "4611686018429671724"
    }, {
      "d" : "1756425683068037736",
      "t" : 1756425683068,
      "tn" : 1756425683068037736,
      "q" : "3.98",
      "p" : "7.930",
      "s" : "buy",
      "i" : "LPT_USDT",
      "m" : "4611686018429671723"
    }, {
      "d" : "1756425683041331468",
      "t" : 1756425683041,
      "tn" : 1756425683041331468,
      "q" : "6.47",
      "p" : "7.926",
      "s" : "buy",
      "i" : "LPT_USDT",
      "m" : "4611686018429671722"
    }, {
      "d" : "1756425682362272871",
      "t" : 1756425682362,
      "tn" : 1756425682362272871,
      "q" : "6.47",
      "p" : "7.921",
      "s" : "buy",
      "i" : "LPT_USDT",
      "m" : "4611686018429671721"
    }, {
      "d" : "1756425682187258859",
      "t" : 1756425682187,
      "tn" : 1756425682187258859,
      "q" : "6.47",
      "p" : "7.918",
      "s" : "buy",
      "i" : "LPT_USDT",
      "m" : "4611686018429671720"
    }, {
      "d" : "1756425682142230659",
      "t" : 1756425682142,
      "tn" : 1756425682142230659,
      "q" : "15.78",
      "p" : "7.917",
      "s" : "buy",
      "i" : "LPT_USDT",
      "m" : "4611686018429671719"
    }, {
      "d" : "1756425681901426993",
      "t" : 1756425681901,
      "tn" : 1756425681901426993,
      "q" : "6.47",
      "p" : "7.913",
      "s" : "buy",
      "i" : "LPT_USDT",
      "m" : "4611686018429671718"
    }, {
      "d" : "1756425681865300324",
      "t" : 1756425681865,
      "tn" : 1756425681865300324,
      "q" : "6.47",
      "p" : "7.910",
      "s" : "buy",
      "i" : "LPT_USDT",
      "m" : "4611686018429671717"
    }, {
      "d" : "1756425681862400939",
      "t" : 1756425681862,
      "tn" : 1756425681862400939,
      "q" : "5.31",
      "p" : "7.908",
      "s" : "buy",
      "i" : "LPT_USDT",
      "m" : "4611686018429671716"
    }, {
      "d" : "1756425681861824964",
      "t" : 1756425681861,
      "tn" : 1756425681861824964,
      "q" : "15.71",
      "p" : "7.908",
      "s" : "buy",
      "i" : "LPT_USDT",
      "m" : "4611686018429671715"
    }, {
      "d" : "1756425681861823196",
      "t" : 1756425681861,
      "tn" : 1756425681861823196,
      "q" : "1.16",
      "p" : "7.905",
      "s" : "buy",
      "i" : "LPT_USDT",
      "m" : "4611686018429671714"
    }, {
      "d" : "1756425681778177905",
      "t" : 1756425681778,
      "tn" : 1756425681778177905,
      "q" : "4.15",
      "p" : "7.905",
      "s" : "buy",
      "i" : "LPT_USDT",
      "m" : "4611686018429671713"
    }, {
      "d" : "1756425681643122520",
      "t" : 1756425681643,
      "tn" : 1756425681643122520,
      "q" : "1.16",
      "p" : "7.905",
      "s" : "buy",
      "i" : "LPT_USDT",
      "m" : "4611686018429671712"
    }, {
      "d" : "1756425681279862090",
      "t" : 1756425681279,
      "tn" : 1756425681279862090,
      "q" : "36.48",
      "p" : "7.900",
      "s" : "buy",
      "i" : "LPT_USDT",
      "m" : "4611686018429671711"
    }, {
      "d" : "1756425669634358030",
      "t" : 1756425669634,
      "tn" : 1756425669634358030,
      "q" : "4.34",
      "p" : "7.823",
      "s" : "buy",
      "i" : "LPT_USDT",
      "m" : "4611686018429671710"
    }, {
      "d" : "1756425669634031291",
      "t" : 1756425669634,
      "tn" : 1756425669634031291,
      "q" : "12.00",
      "p" : "7.823",
      "s" : "buy",
      "i" : "LPT_USDT",
      "m" : "4611686018429671709"
    }, {
      "d" : "1756425669614258835",
      "t" : 1756425669614,
      "tn" : 1756425669614258835,
      "q" : "52.01",
      "p" : "7.823",
      "s" : "buy",
      "i" : "LPT_USDT",
      "m" : "4611686018429671708"
    }, {
      "d" : "1756424454163334206",
      "t" : 1756424454163,
      "tn" : 1756424454163334206,
      "q" : "13.02",
      "p" : "7.677",
      "s" : "sell",
      "i" : "LPT_USDT",
      "m" : "4611686018429671707"
    }, {
      "d" : "1756422102760980331",
      "t" : 1756422102760,
      "tn" : 1756422102760980331,
      "q" : "2.87",
      "p" : "7.846",
      "s" : "buy",
      "i" : "LPT_USDT",
      "m" : "4611686018429671706"
    }, {
      "d" : "1756419760946276618",
      "t" : 1756419760946,
      "tn" : 1756419760946276618,
      "q" : "5.34",
      "p" : "7.692",
      "s" : "sell",
      "i" : "LPT_USDT",
      "m" : "4611686018429671705"
    }, {
      "d" : "1756419493723074212",
      "t" : 1756419493723,
      "tn" : 1756419493723074212,
      "q" : "14.46",
      "p" : "7.715",
      "s" : "buy",
      "i" : "LPT_USDT",
      "m" : "4611686018429671704"
    }, {
      "d" : "1756417926132727020",
      "t" : 1756417926132,
      "tn" : 1756417926132727020,
      "q" : "11.87",
      "p" : "7.583",
      "s" : "buy",
      "i" : "LPT_USDT",
      "m" : "4611686018429671703"
    }, {
      "d" : "1756415246326267629",
      "t" : 1756415246326,
      "tn" : 1756415246326267629,
      "q" : "13.44",
      "p" : "7.438",
      "s" : "sell",
      "i" : "LPT_USDT",
      "m" : "4611686018429671702"
    }, {
      "d" : "1756415246326265280",
      "t" : 1756415246326,
      "tn" : 1756415246326265280,
      "q" : "1.54",
      "p" : "7.450",
      "s" : "sell",
      "i" : "LPT_USDT",
      "m" : "4611686018429671701"
    }, {
      "d" : "1756407621682115453",
      "t" : 1756407621682,
      "tn" : 1756407621682115453,
      "q" : "19.54",
      "p" : "7.568",
      "s" : "buy",
      "i" : "LPT_USDT",
      "m" : "4611686018429671700"
    }, {
      "d" : "1756402459159107967",
      "t" : 1756402459159,
      "tn" : 1756402459159107967,
      "q" : "4.74",
      "p" : "7.587",
      "s" : "buy",
      "i" : "LPT_USDT",
      "m" : "4611686018429671699"
    }, {
      "d" : "1756401916239984605",
      "t" : 1756401916239,
      "tn" : 1756401916239984605,
      "q" : "9.08",
      "p" : "7.510",
      "s" : "buy",
      "i" : "LPT_USDT",
      "m" : "4611686018429671698"
    }, {
      "d" : "1756400405602494878",
      "t" : 1756400405602,
      "tn" : 1756400405602494878,
      "q" : "67.37",
      "p" : "7.422",
      "s" : "sell",
      "i" : "LPT_USDT",
      "m" : "4611686018429671697"
    }, {
      "d" : "1756400077790534430",
      "t" : 1756400077790,
      "tn" : 1756400077790534430,
      "q" : "0.21",
      "p" : "7.497",
      "s" : "sell",
      "i" : "LPT_USDT",
      "m" : "4611686018429671696"
    }, {
      "d" : "1756400058837375220",
      "t" : 1756400058837,
      "tn" : 1756400058837375220,
      "q" : "0.38",
      "p" : "7.497",
      "s" : "sell",
      "i" : "LPT_USDT",
      "m" : "4611686018429671695"
    }, {
      "d" : "1756399925917159759",
      "t" : 1756399925917,
      "tn" : 1756399925917159759,
      "q" : "2.67",
      "p" : "7.497",
      "s" : "sell",
      "i" : "LPT_USDT",
      "m" : "4611686018429671694"
    }, {
      "d" : "1756399684118053410",
      "t" : 1756399684118,
      "tn" : 1756399684118053410,
      "q" : "0.55",
      "p" : "7.559",
      "s" : "sell",
      "i" : "LPT_USDT",
      "m" : "4611686018429671693"
    } ]
  }
}