{
  "id" : -1,
  "method" : "public/get-trades",
  "code" : 0,
  "result" : {
    "data" : [ {
      "d" : "1756461374338310795",
      "t" : 1756461374338,
      "tn" : 1756461374338310795,
      "q" : "82.78",
      "p" : "7.205",
      "s" : "buy",
      "i" : "LPT_USD",
      "m" : "4611686018430469907"
    }, {
      "d" : "1756461374338308536",
      "t" : 1756461374338,
      "tn" : 1756461374338308536,
      "q" : "33.05",
      "p" : "7.202",
      "s" : "buy",
      "i" : "LPT_USD",
      "m" : "4611686018430469906"
    }, {
      "d" : "1756457373211830209",
      "t" : 1756457373211,
      "tn" : 1756457373211830209,
      "q" : "1.51",
      "p" : "7.163",
      "s" : "buy",
      "i" : "LPT_USD",
      "m" : "4611686018430469905"
    }, {
      "d" : "1756455635926502590",
      "t" : 1756455635926,
      "tn" : 1756455635926502590,
      "q" : "0.07",
      "p" : "7.177",
      "s" : "sell",
      "i" : "LPT_USD",
      "m" : "4611686018430469904"
    }, {
      "d" : "1756455635926500530",
      "t" : 1756455635926,
      "tn" : 1756455635926500530,
      "q" : "1.54",
      "p" : "7.178",
      "s" : "sell",
      "i" : "LPT_USD",
      "m" : "4611686018430469903"
    }, {
      "d" : "1756454746475830467",
      "t" : 1756454746475,
      "tn" : 1756454746475830467,
      "q" : "6.45",
      "p" : "7.226",
      "s" : "sell",
      "i" : "LPT_USD",
      "m" : "4611686018430469902"
    }, {
      "d" : "1756454746474815544",
      "t" : 1756454746474,
      "tn" : 1756454746474815544,
      "q" : "2.72",
      "p" : "7.226",
      "s" : "sell",
      "i" : "LPT_USD",
      "m" : "4611686018430469901"
    }, {
      "d" : "1756454245371379636",
      "t" : 1756454245371,
      "tn" : 1756454245371379636,
      "q" : "26.20",
      "p" : "7.212",
      "s" : "sell",
      "i" : "LPT_USD",
      "m" : "4611686018430469900"
    }, {
      "d" : "1756454245371377923",
      "t" : 1756454245371,
      "tn" : 1756454245371377923,
      "q" : "1.53",
      "p" : "7.213",
      "s" : "sell",
      "i" : "LPT_USD",
      "m" : "4611686018430469899"
    }, {
      "d" : "1756453794245629435",
      "t" : 1756453794245,
      "tn" : 1756453794245629435,
      "q" : "20.72",
      "p" : "7.238",
      "s" : "sell",
      "i" : "LPT_USD",
      "m" : "4611686018430469898"
    }, {
      "d" : "1756451910290242125",
      "t" : 1756451910290,
      "tn" : 1756451910290242125,
      "q" : "12.99",
      "p" : "7.313",
      "s" : "sell",
      "i" : "LPT_USD",
      "m" : "4611686018430469897"
    }, {
      "d" : "1756451402957983184",
      "t" : 1756451402957,
      "tn" : 1756451402957983184,
      "q" : "19.24",
      "p" : "7.364",
      "s" : "sell",
      "i" : "LPT_USD",
      "m" : "4611686018430469896"
    }, {
      "d" : "1756451402956749233",
      "t" : 1756451402956,
      "tn" : 1756451402956749233,
      "q" : "12.02",
      "p" : "7.364",
      "s" : "sell",
      "i" : "LPT_USD",
      "m" : "4611686018430469895"
    }, {
      "d" : "1756450665448270642",
      "t" : 1756450665448,
      "tn" : 1756450665448270642,
      "q" : "33.26",
      "p" : "7.341",
      "s" : "sell",
      "i" : "LPT_USD",
      "m" : "4611686018430469894"
    }, {
      "d" : "1756450665445199818",
      "t" : 1756450665445,
      "tn" : 1756450665445199818,
      "q" : "5.50",
      "p" : "7.341",
      "s" : "sell",
      "i" : "LPT_USD",
      "m" : "4611686018430469893"
    }, {
      "d" : "1756450665428369226",
      "t" : 1756450665428,
      "tn" : 1756450665428369226,
      "q" : "68.11",
      "p" : "7.341",
      "s" : "sell",
      "i" : "LPT_USD",
      "m" : "4611686018430469892"
    }, {
      "d" : "1756450665417978437",
      "t" : 1756450665417,
      "tn" : 1756450665417978437,
      "q" : "1.51",
      "p" : "7.341",
      "s" : "buy",
      "i" : "LPT_USD",
      "m" : "4611686018430469891"
    }, {
      "d" : "1756450662207732780",
      "t" : 1756450662207,
      "tn" : 1756450662207732780,
      "q" : "5.45",
      "p" : "7.341",
      "s" : "sell",
      "i" : "LPT_USD",
      "m" : "4611686018430469890"
    }, {
      "d" : "1756450662199255417",
      "t" : 1756450662199,
      "tn" : 1756450662199255417,
      "q" : "1.51",
      "p" : "7.341",
      "s" : "buy",
      "i" : "LPT_USD",
      "m" : "4611686018430469889"
    }, {
      "d" : "1756450620576655047",
      "t" : 1756450620576,
      "tn" : 1756450620576655047,
      "q" : "10.47",
      "p" : "7.319",
      "s" : "sell",
      "i" : "LPT_USD",
      "m" : "4611686018430469888"
    }, {
      "d" : "1756450065867360898",
      "t" : 1756450065867,
      "tn" : 1756450065867360898,
      "q" : "32.87",
      "p" : "7.354",
      "s" : "buy",
      "i" : "LPT_USD",
      "m" : "4611686018430469887"
    }, {
      "d" : "1756450063352993631",
      "t" : 1756450063352,
      "tn" : 1756450063352993631,
      "q" : "25.68",
      "p" : "7.354",
      "s" : "buy",
      "i" : "LPT_USD",
      "m" : "4611686018430469886"
    }, {
      "d" : "1756450060409178503",
      "t" : 1756450060409,
      "tn" : 1756450060409178503,
      "q" : "19.18",
      "p" : "7.354",
      "s" : "buy",
      "i" : "LPT_USD",
      "m" : "4611686018430469885"
    }, {
      "d" : "1756450058777157930",
      "t" : 1756450058777,
      "tn" : 1756450058777157930,
      "q" : "2.62",
      "p" : "7.354",
      "s" : "buy",
      "i" : "LPT_USD",
      "m" : "4611686018430469884"
    }, {
      "d" : "1756449703885516800",
      "t" : 1756449703885,
      "tn" : 1756449703885516800,
      "q" : "0.16",
      "p" : "7.316",
      "s" : "buy",
      "i" : "LPT_USD",
      "m" : "4611686018430469883"
    }, {
      "d" : "1756449670094149593",
      "t" : 1756449670094,
      "tn" : 1756449670094149593,
      "q" : "2.73",
      "p" : "7.318",
      "s" : "sell",
      "i" : "LPT_USD",
      "m" : "4611686018430469882"
    }, {
      "d" : "1756449510429047188",
      "t" : 1756449510429,
      "tn" : 1756449510429047188,
      "q" : "5.69",
      "p" : "7.408",
      "s" : "sell",
      "i" : "LPT_USD",
      "m" : "4611686018430469881"
    }, {
      "d" : "1756449510429031970",
      "t" : 1756449510429,
      "tn" : 1756449510429031970,
      "q" : "27.00",
      "p" : "7.408",
      "s" : "sell",
      "i" : "LPT_USD",
      "m" : "4611686018430469880"
    }, {
      "d" : "1756449510426282660",
      "t" : 1756449510426,
      "tn" : 1756449510426282660,
      "q" : "1.50",
      "p" : "7.408",
      "s" : "buy",
      "i" : "LPT_USD",
      "m" : "4611686018430469879"
    }, {
      "d" : "1756449389382986545",
      "t" : 1756449389382,
      "tn" : 1756449389382986545,
      "q" : "1.55",
      "p" : "7.345",
      "s" : "sell",
      "i" : "LPT_USD",
      "m" : "4611686018430469878"
    }, {
      "d" : "1756448367850784891",
      "t" : 1756448367850,
      "tn" : 1756448367850784891,
      "q" : "1.94",
      "p" : "7.416",
      "s" : "buy",
      "i" : "LPT_USD",
      "m" : "4611686018430469877"
    }, {
      "d" : "1756447801960209964",
      "t" : 1756447801960,
      "tn" : 1756447801960209964,
      "q" : "6.73",
      "p" : "7.419",
      "s" : "buy",
      "i" : "LPT_USD",
      "m" : "4611686018430469876"
    }, {
      "d" : "1756447801957686598",
      "t" : 1756447801957,
      "tn" : 1756447801957686598,
      "q" : "2.61",
      "p" : "7.419",
      "s" : "buy",
      "i" : "LPT_USD",
      "m" : "4611686018430469875"
    }, {
      "d" : "1756447531209843672",
      "t" : 1756447531209,
      "tn" : 1756447531209843672,
      "q" : "1.52",
      "p" : "7.408",
      "s" : "sell",
      "i" : "LPT_USD",
      "m" : "4611686018430469874"
    }, {
      "d" : "1756447531209840924",
      "t" : 1756447531209,
      "tn" : 1756447531209840924,
      "q" : "10.80",
      "p" : "7.408",
      "s" : "sell",
      "i" : "LPT_USD",
      "m" : "4611686018430469873"
    }, {
      "d" : "1756447531201723219",
      "t" : 1756447531201,
      "tn" : 1756447531201723219,
      "q" : "1.50",
      "p" : "7.408",
      "s" : "buy",
      "i" : "LPT_USD",
      "m" : "4611686018430469872"
    }, {
      "d" : "1756441405647493407",
      "t" : 1756441405647,
      "tn" : 1756441405647493407,
      "q" : "12.84",
      "p" : "7.436",
      "s" : "sell",
      "i" : "LPT_USD",
      "m" : "4611686018430469871"
    }, {
      "d" : "1756440998941151972",
      "t" : 1756440998941,
      "tn" : 1756440998941151972,
      "q" : "1.58",
      "p" : "7.393",
      "s" : "sell",
      "i" : "LPT_USD",
      "m" : "4611686018430469870"
    }, {
      "d" : "1756440567353601610",
      "t" : 1756440567353,
      "tn" : 1756440567353601610,
      "q" : "3.02",
      "p" : "7.380",
      "s" : "sell",
      "i" : "LPT_USD",
      "m" : "4611686018430469869"
    }, {
      "d" : "1756440431072393049",
      "t" : 1756440431072,
      "tn" : 1756440431072393049,
      "q" : "0.06",
      "p" : "7.461",
      "s" : "sell",
      "i" : "LPT_USD",
      "m" : "4611686018430469868"
    }, {
      "d" : "1756440243374628255",
      "t" : 1756440243374,
      "tn" : 1756440243374628255,
      "q" : "0.85",
      "p" : "7.461",
      "s" : "sell",
      "i" : "LPT_USD",
      "m" : "4611686018430469867"
    }, {
      "d" : "1756440243367937328",
      "t" : 1756440243367,
      "tn" : 1756440243367937327,
      "q" : "0.76",
      "p" : "7.461",
      "s" : "sell",
      "i" : "LPT_USD",
      "m" : "4611686018430469866"
    }, {
      "d" : "1756440243367937327",
      "t" : 1756440243367,
      "tn" : 1756440243367937327,
      "q" : "0.45",
      "p" : "7.461",
      "s" : "sell",
      "i" : "LPT_USD",
      "m" : "4611686018430469866"
    }, {
      "d" : "1756440240882864330",
      "t" : 1756440240882,
      "tn" : 1756440240882864330,
      "q" : "0.85",
      "p" : "7.461",
      "s" : "sell",
      "i" : "LPT_USD",
      "m" : "4611686018430469865"
    }, {
      "d" : "1756440216101308159",
      "t" : 1756440216101,
      "tn" : 1756440216101308159,
      "q" : "0.86",
      "p" : "7.461",
      "s" : "sell",
      "i" : "LPT_USD",
      "m" : "4611686018430469864"
    }, {
      "d" : "1756440020793725529",
      "t" : 1756440020793,
      "tn" : 1756440020793725529,
      "q" : "1.39",
      "p" : "7.464",
      "s" : "sell",
      "i" : "LPT_USD",
      "m" : "4611686018430469863"
    }, {
      "d" : "1756439967040374451",
      "t" : 1756439967040,
      "tn" : 1756439967040374451,
      "q" : "0.79",
      "p" : "7.521",
      "s" : "buy",
      "i" : "LPT_USD",
      "m" : "4611686018430469862"
    }, {
      "d" : "1756439967037333653",
      "t" : 1756439967037,
      "tn" : 1756439967037333653,
      "q" : "2.66",
      "p" : "7.521",
      "s" : "buy",
      "i" : "LPT_USD",
      "m" : "4611686018430469861"
    }, {
      "d" : "1756439908847906711",
      "t" : 1756439908847,
      "tn" : 1756439908847906711,
      "q" : "2.67",
      "p" : "7.514",
      "s" : "buy",
      "i" : "LPT_USD",
      "m" : "4611686018430469860"
    }, {
      "d" : "1756439713596402259",
      "t" : 1756439713596,
      "tn" : 1756439713596402259,
      "q" : "2.64",
      "p" : "7.578",
      "s" : "buy",
      "i" : "LPT_USD",
      "m" : "4611686018430469859"
    }, {
      "d" : "1756439644538218711",
      "t" : 1756439644538,
      "tn" : 1756439644538218711,
      "q" : "1.49",
      "p" : "7.549",
      "s" : "sell",
      "i" : "LPT_USD",
      "m" : "4611686018430469858"
    }, {
      "d" : "1756439233313995510",
      "t" : 1756439233313,
      "tn" : 1756439233313995510,
      "q" : "2.64",
      "p" : "7.596",
      "s" : "buy",
      "i" : "LPT_USD",
      "m" : "4611686018430469857"
    }, {
      "d" : "1756439184580142921",
      "t" : 1756439184580,
      "tn" : 1756439184580142921,
      "q" : "2.64",
      "p" : "7.597",
      "s" : "buy",
      "i" : "LPT_USD",
      "m" : "4611686018430469856"
    }, {
      "d" : "1756439184468503608",
      "t" : 1756439184468,
      "tn" : 1756439184468503608,
      "q" : "2.64",
      "p" : "7.592",
      "s" : "buy",
      "i" : "LPT_USD",
      "m" : "4611686018430469855"
    }, {
      "d" : "1756439184466849083",
      "t" : 1756439184466,
      "tn" : 1756439184466849083,
      "q" : "2.64",
      "p" : "7.592",
      "s" : "buy",
      "i" : "LPT_USD",
      "m" : "4611686018430469854"
    }, {
      "d" : "1756439179108349637",
      "t" : 1756439179108,
      "tn" : 1756439179108349637,
      "q" : "2.64",
      "p" : "7.584",
      "s" : "buy",
      "i" : "LPT_USD",
      "m" : "4611686018430469853"
    }, {
      "d" : "1756439179105990206",
      "t" : 1756439179105,
      "tn" : 1756439179105990206,
      "q" : "2.64",
      "p" : "7.584",
      "s" : "buy",
      "i" : "LPT_USD",
      "m" : "4611686018430469852"
    }, {
      "d" : "1756439160505941229",
      "t" : 1756439160505,
      "tn" : 1756439160505941229,
      "q" : "2.64",
      "p" : "7.582",
      "s" : "buy",
      "i" : "LPT_USD",
      "m" : "4611686018430469851"
    }, {
      "d" : "1756439160497303650",
      "t" : 1756439160497,
      "tn" : 1756439160497303650,
      "q" : "2.64",
      "p" : "7.582",
      "s" : "buy",
      "i" : "LPT_USD",
      "m" : "4611686018430469850"
    }, {
      "d" : "1756439160486977936",
      "t" : 1756439160486,
      "tn" : 1756439160486977936,
      "q" : "2.64",
      "p" : "7.582",
      "s" : "buy",
      "i" : "LPT_USD",
      "m" : "4611686018430469849"
    }, {
      "d" : "1756439160484342687",
      "t" : 1756439160484,
      "tn" : 1756439160484342687,
      "q" : "2.64",
      "p" : "7.582",
      "s" : "buy",
      "i" : "LPT_USD",
      "m" : "4611686018430469848"
    }, {
      "d" : "1756439145418064574",
      "t" : 1756439145418,
      "tn" : 1756439145418064574,
      "q" : "2.64",
      "p" : "7.580",
      "s" : "buy",
      "i" : "LPT_USD",
      "m" : "4611686018430469847"
    }, {
      "d" : "1756439145415585742",
      "t" : 1756439145415,
      "tn" : 1756439145415585742,
      "q" : "2.64",
      "p" : "7.580",
      "s" : "buy",
      "i" : "LPT_USD",
      "m" : "4611686018430469846"
    }, {
      "d" : "1756439101494455389",
      "t" : 1756439101494,
      "tn" : 1756439101494455389,
      "q" : "2.64",
      "p" : "7.584",
      "s" : "buy",
      "i" : "LPT_USD",
      "m" : "4611686018430469845"
    }, {
      "d" : "1756439101491879816",
      "t" : 1756439101491,
      "tn" : 1756439101491879816,
      "q" : "2.64",
      "p" : "7.584",
      "s" : "buy",
      "i" : "LPT_USD",
      "m" : "4611686018430469844"
    }, {
      "d" : "1756439030994804494",
      "t" : 1756439030994,
      "tn" : 1756439030994804494,
      "q" : "2.64",
      "p" : "7.591",
      "s" : "buy",
      "i" : "LPT_USD",
      "m" : "4611686018430469843"
    }, {
      "d" : "1756439030984840889",
      "t" : 1756439030984,
      "tn" : 1756439030984840889,
      "q" : "2.64",
      "p" : "7.591",
      "s" : "buy",
      "i" : "LPT_USD",
      "m" : "4611686018430469842"
    }, {
      "d" : "1756438973209020927",
      "t" : 1756438973209,
      "tn" : 1756438973209020927,
      "q" : "2.64",
      "p" : "7.601",
      "s" : "buy",
      "i" : "LPT_USD",
      "m" : "4611686018430469841"
    }, {
      "d" : "1756438973207385576",
      "t" : 1756438973207,
      "tn" : 1756438973207385576,
      "q" : "2.64",
      "p" : "7.601",
      "s" : "buy",
      "i" : "LPT_USD",
      "m" : "4611686018430469840"
    }, {
      "d" : "1756438973110276806",
      "t" : 1756438973110,
      "tn" : 1756438973110276806,
      "q" : "2.64",
      "p" : "7.596",
      "s" : "buy",
      "i" : "LPT_USD",
      "m" : "4611686018430469839"
    }, {
      "d" : "1756438973106619636",
      "t" : 1756438973106,
      "tn" : 1756438973106619636,
      "q" : "2.64",
      "p" : "7.596",
      "s" : "buy",
      "i" : "LPT_USD",
      "m" : "4611686018430469838"
    }, {
      "d" : "1756438973098165064",
      "t" : 1756438973098,
      "tn" : 1756438973098165064,
      "q" : "2.64",
      "p" : "7.596",
      "s" : "buy",
      "i" : "LPT_USD",
      "m" : "4611686018430469837"
    }, {
      "d" : "1756438973086754749",
      "t" : 1756438973086,
      "tn" : 1756438973086754749,
      "q" : "2.64",
      "p" : "7.596",
      "s" : "buy",
      "i" : "LPT_USD",
      "m" : "4611686018430469836"
    }, {
      "d" : "1756438971079944562",
      "t" : 1756438971079,
      "tn" : 1756438971079944562,
      "q" : "1.32",
      "p" : "7.593",
      "s" : "buy",
      "i" : "LPT_USD",
      "m" : "4611686018430469835"
    }, {
      "d" : "1756438963100507975",
      "t" : 1756438963100,
      "tn" : 1756438963100507975,
      "q" : "2.64",
      "p" : "7.591",
      "s" : "buy",
      "i" : "LPT_USD",
      "m" : "4611686018430469834"
    }, {
      "d" : "1756438963090269370",
      "t" : 1756438963090,
      "tn" : 1756438963090269370,
      "q" : "2.64",
      "p" : "7.591",
      "s" : "buy",
      "i" : "LPT_USD",
      "m" : "4611686018430469833"
    }, {
      "d" : "1756438963083563412",
      "t" : 1756438963083,
      "tn" : 1756438963083563412,
      "q" : "2.64",
      "p" : "7.591",
      "s" : "buy",
      "i" : "LPT_USD",
      "m" : "4611686018430469832"
    }, {
      "d" : "1756438963078189486",
      "t" : 1756438963078,
      "tn" : 1756438963078189486,
      "q" : "2.64",
      "p" : "7.591",
      "s" : "buy",
      "i" : "LPT_USD",
      "m" : "4611686018430469831"
    }, {
      "d" : "1756438819232341073",
      "t" : 1756438819232,
      "tn" : 1756438819232341073,
      "q" : "26.34",
      "p" : "7.576",
      "s" : "sell",
      "i" : "LPT_USD",
      "m" : "4611686018430469830"
    }, {
      "d" : "1756438819232338187",
      "t" : 1756438819232,
      "tn" : 1756438819232338187,
      "q" : "1.32",
      "p" : "7.577",
      "s" : "sell",
      "i" : "LPT_USD",
      "m" : "4611686018430469829"
    }, {
      "d" : "1756438814311748214",
      "t" : 1756438814311,
      "tn" : 1756438814311748214,
      "q" : "25.13",
      "p" : "7.578",
      "s" : "sell",
      "i" : "LPT_USD",
      "m" : "4611686018430469828"
    }, {
      "d" : "1756438763628941732",
      "t" : 1756438763628,
      "tn" : 1756438763628941732,
      "q" : "2.63",
      "p" : "7.604",
      "s" : "buy",
      "i" : "LPT_USD",
      "m" : "4611686018430469827"
    }, {
      "d" : "1756438763625733015",
      "t" : 1756438763625,
      "tn" : 1756438763625733015,
      "q" : "2.63",
      "p" : "7.604",
      "s" : "buy",
      "i" : "LPT_USD",
      "m" : "4611686018430469826"
    }, {
      "d" : "1756438758919548829",
      "t" : 1756438758919,
      "tn" : 1756438758919548829,
      "q" : "2.64",
      "p" : "7.600",
      "s" : "buy",
      "i" : "LPT_USD",
      "m" : "4611686018430469825"
    }, {
      "d" : "1756438758911378710",
      "t" : 1756438758911,
      "tn" : 1756438758911378710,
      "q" : "2.64",
      "p" : "7.600",
      "s" : "buy",
      "i" : "LPT_USD",
      "m" : "4611686018430469824"
    }, {
      "d" : "1756438758909343649",
      "t" : 1756438758909,
      "tn" : 1756438758909343649,
      "q" : "2.64",
      "p" : "7.600",
      "s" : "buy",
      "i" : "LPT_USD",
      "m" : "4611686018430469823"
    }, {
      "d" : "1756438751662403160",
      "t" : 1756438751662,
      "tn" : 1756438751662403160,
      "q" : "2.64",
      "p" : "7.598",
      "s" : "buy",
      "i" : "LPT_USD",
      "m" : "4611686018430469822"
    }, {
      "d" : "1756438751651789759",
      "t" : 1756438751651,
      "tn" : 1756438751651789759,
      "q" : "2.64",
      "p" : "7.598",
      "s" : "buy",
      "i" : "LPT_USD",
      "m" : "4611686018430469821"
    }, {
      "d" : "1756438751640626947",
      "t" : 1756438751640,
      "tn" : 1756438751640626947,
      "q" : "2.64",
      "p" : "7.597",
      "s" : "buy",
      "i" : "LPT_USD",
      "m" : "4611686018430469820"
    }, {
      "d" : "1756438751632201859",
      "t" : 1756438751632,
      "tn" : 1756438751632201859,
      "q" : "2.64",
      "p" : "7.597",
      "s" : "buy",
      "i" : "LPT_USD",
      "m" : "4611686018430469819"
    }, {
      "d" : "1756438751587762554",
      "t" : 1756438751587,
      "tn" : 1756438751587762554,
      "q" : "2.64",
      "p" : "7.597",
      "s" : "buy",
      "i" : "LPT_USD",
      "m" : "4611686018430469818"
    }, {
      "d" : "1756438751585951387",
      "t" : 1756438751585,
      "tn" : 1756438751585951387,
      "q" : "2.64",
      "p" : "7.597",
      "s" : "buy",
      "i" : "LPT_USD",
      "m" : "4611686018430469817"
    }, {
      "d" : "1756438750742736838",
      "t" : 1756438750742,
      "tn" : 1756438750742736838,
      "q" : "2.64",
      "p" : "7.596",
      "s" : "buy",
      "i" : "LPT_USD",
      "m" : "4611686018430469816"
    }, {
      "d" : "1756438750733628415",
      "t" : 1756438750733,
      "tn" : 1756438750733628415,
      "q" : "2.64",
      "p" : "7.596",
      "s" : "buy",
      "i" : "LPT_USD",
      "m" : "4611686018430469815"
    }, {
      "d" : "1756438750723666371",
      "t" : 1756438750723,
      "tn" : 1756438750723666371,
      "q" : "2.64",
      "p" : "7.595",
      "s" : "buy",
      "i" : "LPT_USD",
      "m" : "4611686018430469814"
    }, {
      "d" : "1756438750681907390",
      "t" : 1756438750681,
      "tn" : 1756438750681907390,
      "q" : "2.64",
      "p" : "7.595",
      "s" : "buy",
      "i" : "LPT_USD",
      "m" : "4611686018430469813"
    }, {
      "d" : "1756438750634699716",
      "t" : 1756438750634,
      "tn" : 1756438750634699716,
      "q" : "2.64",
      "p" : "7.595",
      "s" : "buy",
      "i" : "LPT_USD",
      "m" : "4611686018430469812"
    }, {
      "d" : "1756438750632046883",
      "t" : 1756438750632,
      "tn" : 1756438750632046883,
      "q" : "2.64",
      "p" : "7.595",
      "s" : "buy",
      "i" : "LPT_USD",
      "m" : "4611686018430469811"
    }, {
      "d" : "1756438748390123804",
      "t" : 1756438748390,
      "tn" : 1756438748390123804,
      "q" : "2.64",
      "p" : "7.591",
      "s" : "buy",
      "i" : "LPT_USD",
      "m" : "4611686018430469810"
    }, {
      "d" : "1756438748387148841",
      "t" : 1756438748387,
      "tn" : 1756438748387148841,
      "q" : "2.64",
      "p" : "7.591",
      "s" : "buy",
      "i" : "LPT_USD",
      "m" : "4611686018430469809"
    }, {
      "d" : "1756438707365957266",
      "t" : 1756438707365,
      "tn" : 1756438707365957266,
      "q" : "26.40",
      "p" : "7.574",
      "s" : "sell",
      "i" : "LPT_USD",
      "m" : "4611686018430469808"
    }, {
      "d" : "1756438703691422590",
      "t" : 1756438703691,
      "tn" : 1756438703691422590,
      "q" : "26.41",
      "p" : "7.572",
      "s" : "sell",
      "i" : "LPT_USD",
      "m" : "4611686018430469807"
    }, {
      "d" : "1756438500604371312",
      "t" : 1756438500604,
      "tn" : 1756438500604371312,
      "q" : "2.64",
      "p" : "7.584",
      "s" : "buy",
      "i" : "LPT_USD",
      "m" : "4611686018430469806"
    }, {
      "d" : "1756438500594340799",
      "t" : 1756438500594,
      "tn" : 1756438500594340799,
      "q" : "2.64",
      "p" : "7.584",
      "s" : "buy",
      "i" : "LPT_USD",
      "m" : "4611686018430469805"
    }, {
      "d" : "1756438500591056096",
      "t" : 1756438500591,
      "tn" : 1756438500591056096,
      "q" : "2.64",
      "p" : "7.584",
      "s" : "buy",
      "i" : "LPT_USD",
      "m" : "4611686018430469804"
    }, {
      "d" : "1756438165576999859",
      "t" : 1756438165576,
      "tn" : 1756438165576999859,
      "q" : "2.64",
      "p" : "7.602",
      "s" : "buy",
      "i" : "LPT_USD",
      "m" : "4611686018430469803"
    }, {
      "d" : "1756438163396369069",
      "t" : 1756438163396,
      "tn" : 1756438163396369069,
      "q" : "2.64",
      "p" : "7.598",
      "s" : "buy",
      "i" : "LPT_USD",
      "m" : "4611686018430469802"
    }, {
      "d" : "1756438152031395700",
      "t" : 1756438152031,
      "tn" : 1756438152031395700,
      "q" : "2.64",
      "p" : "7.595",
      "s" : "buy",
      "i" : "LPT_USD",
      "m" : "4611686018430469801"
    }, {
      "d" : "1756438141988371221",
      "t" : 1756438141988,
      "tn" : 1756438141988371221,
      "q" : "1.32",
      "p" : "7.598",
      "s" : "buy",
      "i" : "LPT_USD",
      "m" : "4611686018430469800"
    }, {
      "d" : "1756438141657468188",
      "t" : 1756438141657,
      "tn" : 1756438141657468188,
      "q" : "2.64",
      "p" : "7.594",
      "s" : "buy",
      "i" : "LPT_USD",
      "m" : "4611686018430469799"
    }, {
      "d" : "1756438141654850129",
      "t" : 1756438141654,
      "tn" : 1756438141654850129,
      "q" : "2.64",
      "p" : "7.594",
      "s" : "buy",
      "i" : "LPT_USD",
      "m" : "4611686018430469798"
    }, {
      "d" : "1756438080514764769",
      "t" : 1756438080514,
      "tn" : 1756438080514764769,
      "q" : "2.64",
      "p" : "7.599",
      "s" : "buy",
      "i" : "LPT_USD",
      "m" : "4611686018430469797"
    }, {
      "d" : "1756438080505194851",
      "t" : 1756438080505,
      "tn" : 1756438080505194851,
      "q" : "2.64",
      "p" : "7.599",
      "s" : "buy",
      "i" : "LPT_USD",
      "m" : "4611686018430469796"
    }, {
      "d" : "1756438016332013679",
      "t" : 1756438016332,
      "tn" : 1756438016332013679,
      "q" : "2.64",
      "p" : "7.600",
      "s" : "buy",
      "i" : "LPT_USD",
      "m" : "4611686018430469795"
    }, {
      "d" : "1756438016326513106",
      "t" : 1756438016326,
      "tn" : 1756438016326513106,
      "q" : "2.64",
      "p" : "7.600",
      "s" : "buy",
      "i" : "LPT_USD",
      "m" : "4611686018430469794"
    }, {
      "d" : "1756438016322248559",
      "t" : 1756438016322,
      "tn" : 1756438016322248559,
      "q" : "2.64",
      "p" : "7.600",
      "s" : "buy",
      "i" : "LPT_USD",
      "m" : "4611686018430469793"
    }, {
      "d" : "1756437961709997242",
      "t" : 1756437961709,
      "tn" : 1756437961709997242,
      "q" : "26.34",
      "p" : "7.592",
      "s" : "sell",
      "i" : "LPT_USD",
      "m" : "4611686018430469792"
    }, {
      "d" : "1756437961709994967",
      "t" : 1756437961709,
      "tn" : 1756437961709994967,
      "q" : "1.32",
      "p" : "7.593",
      "s" : "sell",
      "i" : "LPT_USD",
      "m" : "4611686018430469791"
    }, {
      "d" : "1756437949278235361",
      "t" : 1756437949278,
      "tn" : 1756437949278235361,
      "q" : "2.63",
      "p" : "7.622",
      "s" : "buy",
      "i" : "LPT_USD",
      "m" : "4611686018430469790"
    }, {
      "d" : "1756437616018176297",
      "t" : 1756437616018,
      "tn" : 1756437616018176297,
      "q" : "2.64",
      "p" : "7.576",
      "s" : "buy",
      "i" : "LPT_USD",
      "m" : "4611686018430469789"
    }, {
      "d" : "1756437483223554535",
      "t" : 1756437483223,
      "tn" : 1756437483223554535,
      "q" : "2.65",
      "p" : "7.552",
      "s" : "buy",
      "i" : "LPT_USD",
      "m" : "4611686018430469788"
    }, {
      "d" : "1756437483213734413",
      "t" : 1756437483213,
      "tn" : 1756437483213734413,
      "q" : "2.65",
      "p" : "7.552",
      "s" : "buy",
      "i" : "LPT_USD",
      "m" : "4611686018430469787"
    }, {
      "d" : "1756437483205185344",
      "t" : 1756437483205,
      "tn" : 1756437483205185344,
      "q" : "2.65",
      "p" : "7.552",
      "s" : "buy",
      "i" : "LPT_USD",
      "m" : "4611686018430469786"
    }, {
      "d" : "1756437483200507398",
      "t" : 1756437483200,
      "tn" : 1756437483200507398,
      "q" : "2.65",
      "p" : "7.552",
      "s" : "buy",
      "i" : "LPT_USD",
      "m" : "4611686018430469785"
    }, {
      "d" : "1756436467903274114",
      "t" : 1756436467903,
      "tn" : 1756436467903274114,
      "q" : "2.64",
      "p" : "7.583",
      "s" : "buy",
      "i" : "LPT_USD",
      "m" : "4611686018430469784"
    }, {
      "d" : "1756436467890189101",
      "t" : 1756436467890,
      "tn" : 1756436467890189101,
      "q" : "2.64",
      "p" : "7.583",
      "s" : "buy",
      "i" : "LPT_USD",
      "m" : "4611686018430469783"
    }, {
      "d" : "1756436467881897943",
      "t" : 1756436467881,
      "tn" : 1756436467881897943,
      "q" : "2.64",
      "p" : "7.583",
      "s" : "buy",
      "i" : "LPT_USD",
      "m" : "4611686018430469782"
    }, {
      "d" : "1756436467873037620",
      "t" : 1756436467873,
      "tn" : 1756436467873037620,
      "q" : "2.64",
      "p" : "7.583",
      "s" : "buy",
      "i" : "LPT_USD",
      "m" : "4611686018430469781"
    }, {
      "d" : "1756436467793272358",
      "t" : 1756436467793,
      "tn" : 1756436467793272358,
      "q" : "2.64",
      "p" : "7.583",
      "s" : "buy",
      "i" : "LPT_USD",
      "m" : "4611686018430469780"
    }, {
      "d" : "1756436467783617052",
      "t" : 1756436467783,
      "tn" : 1756436467783617052,
      "q" : "2.64",
      "p" : "7.583",
      "s" : "buy",
      "i" : "LPT_USD",
      "m" : "4611686018430469779"
    }, {
      "d" : "1756436467774909225",
      "t" : 1756436467774,
      "tn" : 1756436467774909225,
      "q" : "2.64",
      "p" : "7.583",
      "s" : "buy",
      "i" : "LPT_USD",
      "m" : "4611686018430469778"
    }, {
      "d" : "1756436467771049804",
      "t" : 1756436467771,
      "tn" : 1756436467771049804,
      "q" : "2.64",
      "p" : "7.583",
      "s" : "buy",
      "i" : "LPT_USD",
      "m" : "4611686018430469777"
    }, {
      "d" : "1756436467761837630",
      "t" : 1756436467761,
      "tn" : 1756436467761837630,
      "q" : "2.64",
      "p" : "7.583",
      "s" : "buy",
      "i" : "LPT_USD",
      "m" : "4611686018430469776"
    }, {
      "d" : "1756436467667128056",
      "t" : 1756436467667,
      "tn" : 1756436467667128056,
      "q" : "2.64",
      "p" : "7.583",
      "s" : "buy",
      "i" : "LPT_USD",
      "m" : "4611686018430469775"
    }, {
      "d" : "1756436467659344204",
      "t" : 1756436467659,
      "tn" : 1756436467659344204,
      "q" : "2.64",
      "p" : "7.583",
      "s" : "buy",
      "i" : "LPT_USD",
      "m" : "4611686018430469774"
    }, {
      "d" : "1756436467655607077",
      "t" : 1756436467655,
      "tn" : 1756436467655607077,
      "q" : "2.64",
      "p" : "7.583",
      "s" : "buy",
      "i" : "LPT_USD",
      "m" : "4611686018430469773"
    }, {
      "d" : "1756436467556598426",
      "t" : 1756436467556,
      "tn" : 1756436467556598426,
      "q" : "2.64",
      "p" : "7.583",
      "s" : "buy",
      "i" : "LPT_USD",
      "m" : "4611686018430469772"
    }, {
      "d" : "1756436467546692229",
      "t" : 1756436467546,
      "tn" : 1756436467546692229,
      "q" : "2.64",
      "p" : "7.583",
      "s" : "buy",
      "i" : "LPT_USD",
      "m" : "4611686018430469771"
    }, {
      "d" : "1756436467454123568",
      "t" : 1756436467454,
      "tn" : 1756436467454123568,
      "q" : "2.64",
      "p" : "7.583",
      "s" : "buy",
      "i" : "LPT_USD",
      "m" : "4611686018430469770"
    }, {
      "d" : "1756436467443765366",
      "t" : 1756436467443,
      "tn" : 1756436467443765366,
      "q" : "2.64",
      "p" : "7.583",
      "s" : "buy",
      "i" : "LPT_USD",
      "m" : "4611686018430469769"
    }, {
      "d" : "1756436467401544511",
      "t" : 1756436467401,
      "tn" : 1756436467401544511,
      "q" : "2.64",
      "p" : "7.583",
      "s" : "buy",
      "i" : "LPT_USD",
      "m" : "4611686018430469768"
    }, {
      "d" : "1756436467342559006",
      "t" : 1756436467342,
      "tn" : 1756436467342559006,
      "q" : "2.64",
      "p" : "7.583",
      "s" : "buy",
      "i" : "LPT_USD",
      "m" : "4611686018430469767"
    }, {
      "d" : "1756436467333947114",
      "t" : 1756436467333,
      "tn" : 1756436467333947114,
      "q" : "2.64",
      "p" : "7.583",
      "s" : "buy",
      "i" : "LPT_USD",
      "m" : "4611686018430469766"
    }, {
      "d" : "1756436467236944064",
      "t" : 1756436467236,
      "tn" : 1756436467236944064,
      "q" : "2.64",
      "p" : "7.583",
      "s" : "buy",
      "i" : "LPT_USD",
      "m" : "4611686018430469765"
    }, {
      "d" : "1756436467225441418",
      "t" : 1756436467225,
      "tn" : 1756436467225441418,
      "q" : "2.64",
      "p" : "7.583",
      "s" : "buy",
      "i" : "LPT_USD",
      "m" : "4611686018430469764"
    }, {
      "d" : "1756436467191425099",
      "t" : 1756436467191,
      "tn" : 1756436467191425099,
      "q" : "2.64",
      "p" : "7.583",
      "s" : "buy",
      "i" : "LPT_USD",
      "m" : "4611686018430469763"
    }, {
      "d" : "1756436467190071462",
      "t" : 1756436467190,
      "tn" : 1756436467190071462,
      "q" : "2.64",
      "p" : "7.583",
      "s" : "buy",
      "i" : "LPT_USD",
      "m" : "4611686018430469762"
    }, {
      "d" : "1756436467177725976",
      "t" : 1756436467177,
      "tn" : 1756436467177725976,
      "q" : "2.64",
      "p" : "7.583",
      "s" : "buy",
      "i" : "LPT_USD",
      "m" : "4611686018430469761"
    }, {
      "d" : "1756436467115251438",
      "t" : 1756436467115,
      "tn" : 1756436467115251438,
      "q" : "2.64",
      "p" : "7.583",
      "s" : "buy",
      "i" : "LPT_USD",
      "m" : "4611686018430469760"
    }, {
      "d" : "1756436467105911101",
      "t" : 1756436467105,
      "tn" : 1756436467105911101,
      "q" : "2.64",
      "p" : "7.583",
      "s" : "buy",
      "i" : "LPT_USD",
      "m" : "4611686018430469759"
    } ]
  }
}