{
  "id" : -1,
  "method" : "public/get-trades",
  "code" : 0,
  "result" : {
    "data" : [ {
      "d" : "1756461374389895870",
      "t" : 1756461374389,
      "tn" : 1756461374389895870,
      "q" : "21.1",
      "p" : "7.206",
      "s" : "buy",
      "i" : "LPTUSD-PERP",
      "m" : "4611686018430375172"
    }, {
      "d" : "1756461374360625797",
      "t" : 1756461374360,
      "tn" : 1756461374360625797,
      "q" : "174.5",
      "p" : "7.193",
      "s" : "buy",
      "i" : "LPTUSD-PERP",
      "m" : "4611686018430375171"
    }, {
      "d" : "1756461374349211478",
      "t" : 1756461374349,
      "tn" : 1756461374349211477,
      "q" : "13.6",
      "p" : "7.183",
      "s" : "buy",
      "i" : "LPTUSD-PERP",
      "m" : "4611686018430375170"
    }, {
      "d" : "1756461374349211477",
      "t" : 1756461374349,
      "tn" : 1756461374349211477,
      "q" : "0.1",
      "p" : "7.183",
      "s" : "buy",
      "i" : "LPTUSD-PERP",
      "m" : "4611686018430375170"
    }, {
      "d" : "1756461374347833681",
      "t" : 1756461374347,
      "tn" : 1756461374347833681,
      "q" : "20.8",
      "p" : "7.183",
      "s" : "buy",
      "i" : "LPTUSD-PERP",
      "m" : "4611686018430375169"
    }, {
      "d" : "1756461374346762774",
      "t" : 1756461374346,
      "tn" : 1756461374346762774,
      "q" : "0.1",
      "p" : "7.179",
      "s" : "buy",
      "i" : "LPTUSD-PERP",
      "m" : "4611686018430375168"
    }, {
      "d" : "1756461139884627004",
      "t" : 1756461139884,
      "tn" : 1756461139884627004,
      "q" : "0.1",
      "p" : "7.159",
      "s" : "sell",
      "i" : "LPTUSD-PERP",
      "m" : "4611686018430375167"
    }, {
      "d" : "1756460996374573440",
      "t" : 1756460996374,
      "tn" : 1756460996374573440,
      "q" : "0.1",
      "p" : "7.155",
      "s" : "sell",
      "i" : "LPTUSD-PERP",
      "m" : "4611686018430375166"
    }, {
      "d" : "1756460985094906444",
      "t" : 1756460985094,
      "tn" : 1756460985094906444,
      "q" : "0.1",
      "p" : "7.155",
      "s" : "sell",
      "i" : "LPTUSD-PERP",
      "m" : "4611686018430375165"
    }, {
      "d" : "1756460964785715053",
      "t" : 1756460964785,
      "tn" : 1756460964785715052,
      "q" : "12.8",
      "p" : "7.161",
      "s" : "buy",
      "i" : "LPTUSD-PERP",
      "m" : "4611686018430375164"
    }, {
      "d" : "1756460964785715052",
      "t" : 1756460964785,
      "tn" : 1756460964785715052,
      "q" : "0.1",
      "p" : "7.161",
      "s" : "buy",
      "i" : "LPTUSD-PERP",
      "m" : "4611686018430375164"
    }, {
      "d" : "1756460893614547991",
      "t" : 1756460893614,
      "tn" : 1756460893614547991,
      "q" : "0.1",
      "p" : "7.169",
      "s" : "sell",
      "i" : "LPTUSD-PERP",
      "m" : "4611686018430375163"
    }, {
      "d" : "1756460881134703552",
      "t" : 1756460881134,
      "tn" : 1756460881134703552,
      "q" : "0.1",
      "p" : "7.173",
      "s" : "sell",
      "i" : "LPTUSD-PERP",
      "m" : "4611686018430375162"
    }, {
      "d" : "1756460850334613388",
      "t" : 1756460850334,
      "tn" : 1756460850334613388,
      "q" : "0.1",
      "p" : "7.172",
      "s" : "sell",
      "i" : "LPTUSD-PERP",
      "m" : "4611686018430375161"
    }, {
      "d" : "1756460840334696412",
      "t" : 1756460840334,
      "tn" : 1756460840334696412,
      "q" : "0.1",
      "p" : "7.174",
      "s" : "sell",
      "i" : "LPTUSD-PERP",
      "m" : "4611686018430375160"
    }, {
      "d" : "1756460840024700155",
      "t" : 1756460840024,
      "tn" : 1756460840024700155,
      "q" : "0.1",
      "p" : "7.170",
      "s" : "sell",
      "i" : "LPTUSD-PERP",
      "m" : "4611686018430375159"
    }, {
      "d" : "1756460812706612246",
      "t" : 1756460812706,
      "tn" : 1756460812706612246,
      "q" : "0.1",
      "p" : "7.163",
      "s" : "sell",
      "i" : "LPTUSD-PERP",
      "m" : "4611686018430375158"
    }, {
      "d" : "1756460802694644066",
      "t" : 1756460802694,
      "tn" : 1756460802694644066,
      "q" : "0.1",
      "p" : "7.179",
      "s" : "sell",
      "i" : "LPTUSD-PERP",
      "m" : "4611686018430375157"
    }, {
      "d" : "1756460566974474249",
      "t" : 1756460566974,
      "tn" : 1756460566974474249,
      "q" : "0.1",
      "p" : "7.189",
      "s" : "sell",
      "i" : "LPTUSD-PERP",
      "m" : "4611686018430375156"
    }, {
      "d" : "1756460335784700050",
      "t" : 1756460335784,
      "tn" : 1756460335784700050,
      "q" : "0.1",
      "p" : "7.141",
      "s" : "sell",
      "i" : "LPTUSD-PERP",
      "m" : "4611686018430375155"
    }, {
      "d" : "1756460300684574145",
      "t" : 1756460300684,
      "tn" : 1756460300684574145,
      "q" : "0.1",
      "p" : "7.146",
      "s" : "sell",
      "i" : "LPTUSD-PERP",
      "m" : "4611686018430375154"
    }, {
      "d" : "1756460203384615382",
      "t" : 1756460203384,
      "tn" : 1756460203384615382,
      "q" : "0.1",
      "p" : "7.135",
      "s" : "sell",
      "i" : "LPTUSD-PERP",
      "m" : "4611686018430375153"
    }, {
      "d" : "1756460122763209161",
      "t" : 1756460122763,
      "tn" : 1756460122763209160,
      "q" : "13.9",
      "p" : "7.144",
      "s" : "buy",
      "i" : "LPTUSD-PERP",
      "m" : "4611686018430375152"
    }, {
      "d" : "1756460122763209160",
      "t" : 1756460122763,
      "tn" : 1756460122763209160,
      "q" : "0.1",
      "p" : "7.144",
      "s" : "buy",
      "i" : "LPTUSD-PERP",
      "m" : "4611686018430375152"
    }, {
      "d" : "1756460120874574560",
      "t" : 1756460120874,
      "tn" : 1756460120874574560,
      "q" : "0.1",
      "p" : "7.144",
      "s" : "sell",
      "i" : "LPTUSD-PERP",
      "m" : "4611686018430375151"
    }, {
      "d" : "1756460080784626511",
      "t" : 1756460080784,
      "tn" : 1756460080784626511,
      "q" : "0.1",
      "p" : "7.131",
      "s" : "sell",
      "i" : "LPTUSD-PERP",
      "m" : "4611686018430375150"
    }, {
      "d" : "1756460068894560890",
      "t" : 1756460068894,
      "tn" : 1756460068894560890,
      "q" : "0.1",
      "p" : "7.130",
      "s" : "sell",
      "i" : "LPTUSD-PERP",
      "m" : "4611686018430375149"
    }, {
      "d" : "1756460056284519407",
      "t" : 1756460056284,
      "tn" : 1756460056284519407,
      "q" : "0.1",
      "p" : "7.130",
      "s" : "sell",
      "i" : "LPTUSD-PERP",
      "m" : "4611686018430375148"
    }, {
      "d" : "1756460045144526531",
      "t" : 1756460045144,
      "tn" : 1756460045144526531,
      "q" : "0.1",
      "p" : "7.131",
      "s" : "sell",
      "i" : "LPTUSD-PERP",
      "m" : "4611686018430375147"
    }, {
      "d" : "1756460035124608130",
      "t" : 1756460035124,
      "tn" : 1756460035124608130,
      "q" : "0.1",
      "p" : "7.133",
      "s" : "sell",
      "i" : "LPTUSD-PERP",
      "m" : "4611686018430375146"
    }, {
      "d" : "1756460025104456600",
      "t" : 1756460025104,
      "tn" : 1756460025104456600,
      "q" : "0.1",
      "p" : "7.134",
      "s" : "sell",
      "i" : "LPTUSD-PERP",
      "m" : "4611686018430375145"
    }, {
      "d" : "1756460001914646034",
      "t" : 1756460001914,
      "tn" : 1756460001914646034,
      "q" : "0.1",
      "p" : "7.133",
      "s" : "sell",
      "i" : "LPTUSD-PERP",
      "m" : "4611686018430375144"
    }, {
      "d" : "1756459985744497966",
      "t" : 1756459985744,
      "tn" : 1756459985744497966,
      "q" : "0.1",
      "p" : "7.137",
      "s" : "sell",
      "i" : "LPTUSD-PERP",
      "m" : "4611686018430375143"
    }, {
      "d" : "1756459982314888869",
      "t" : 1756459982314,
      "tn" : 1756459982314888869,
      "q" : "0.1",
      "p" : "7.138",
      "s" : "sell",
      "i" : "LPTUSD-PERP",
      "m" : "4611686018430375142"
    }, {
      "d" : "1756459934774820382",
      "t" : 1756459934774,
      "tn" : 1756459934774820382,
      "q" : "0.1",
      "p" : "7.135",
      "s" : "sell",
      "i" : "LPTUSD-PERP",
      "m" : "4611686018430375141"
    }, {
      "d" : "1756459909274595215",
      "t" : 1756459909274,
      "tn" : 1756459909274595215,
      "q" : "0.1",
      "p" : "7.130",
      "s" : "sell",
      "i" : "LPTUSD-PERP",
      "m" : "4611686018430375140"
    }, {
      "d" : "1756459896874455045",
      "t" : 1756459896874,
      "tn" : 1756459896874455045,
      "q" : "0.1",
      "p" : "7.132",
      "s" : "sell",
      "i" : "LPTUSD-PERP",
      "m" : "4611686018430375139"
    }, {
      "d" : "1756459853784495820",
      "t" : 1756459853784,
      "tn" : 1756459853784495820,
      "q" : "0.1",
      "p" : "7.134",
      "s" : "sell",
      "i" : "LPTUSD-PERP",
      "m" : "4611686018430375138"
    }, {
      "d" : "1756459843784388063",
      "t" : 1756459843784,
      "tn" : 1756459843784388063,
      "q" : "0.1",
      "p" : "7.135",
      "s" : "sell",
      "i" : "LPTUSD-PERP",
      "m" : "4611686018430375137"
    }, {
      "d" : "1756459821774429677",
      "t" : 1756459821774,
      "tn" : 1756459821774429677,
      "q" : "0.1",
      "p" : "7.134",
      "s" : "sell",
      "i" : "LPTUSD-PERP",
      "m" : "4611686018430375136"
    }, {
      "d" : "1756459809674831378",
      "t" : 1756459809674,
      "tn" : 1756459809674831378,
      "q" : "0.1",
      "p" : "7.140",
      "s" : "sell",
      "i" : "LPTUSD-PERP",
      "m" : "4611686018430375135"
    }, {
      "d" : "1756459799674457910",
      "t" : 1756459799674,
      "tn" : 1756459799674457910,
      "q" : "0.1",
      "p" : "7.142",
      "s" : "sell",
      "i" : "LPTUSD-PERP",
      "m" : "4611686018430375134"
    }, {
      "d" : "1756459798344573498",
      "t" : 1756459798344,
      "tn" : 1756459798344573498,
      "q" : "0.1",
      "p" : "7.144",
      "s" : "sell",
      "i" : "LPTUSD-PERP",
      "m" : "4611686018430375133"
    }, {
      "d" : "1756459786684829354",
      "t" : 1756459786684,
      "tn" : 1756459786684829354,
      "q" : "0.1",
      "p" : "7.144",
      "s" : "sell",
      "i" : "LPTUSD-PERP",
      "m" : "4611686018430375132"
    }, {
      "d" : "1756459768734422981",
      "t" : 1756459768734,
      "tn" : 1756459768734422981,
      "q" : "0.1",
      "p" : "7.144",
      "s" : "sell",
      "i" : "LPTUSD-PERP",
      "m" : "4611686018430375131"
    }, {
      "d" : "1756459768430778095",
      "t" : 1756459768430,
      "tn" : 1756459768430778095,
      "q" : "12.8",
      "p" : "7.136",
      "s" : "buy",
      "i" : "LPTUSD-PERP",
      "m" : "4611686018430375130"
    }, {
      "d" : "1756459766404536473",
      "t" : 1756459766404,
      "tn" : 1756459766404536473,
      "q" : "0.1",
      "p" : "7.140",
      "s" : "sell",
      "i" : "LPTUSD-PERP",
      "m" : "4611686018430375129"
    }, {
      "d" : "1756459740584727749",
      "t" : 1756459740584,
      "tn" : 1756459740584727749,
      "q" : "0.1",
      "p" : "7.143",
      "s" : "sell",
      "i" : "LPTUSD-PERP",
      "m" : "4611686018430375128"
    }, {
      "d" : "1756459726484551953",
      "t" : 1756459726484,
      "tn" : 1756459726484551953,
      "q" : "0.1",
      "p" : "7.143",
      "s" : "sell",
      "i" : "LPTUSD-PERP",
      "m" : "4611686018430375127"
    }, {
      "d" : "1756459699984688033",
      "t" : 1756459699984,
      "tn" : 1756459699984688033,
      "q" : "0.1",
      "p" : "7.142",
      "s" : "sell",
      "i" : "LPTUSD-PERP",
      "m" : "4611686018430375126"
    }, {
      "d" : "1756459659984534338",
      "t" : 1756459659984,
      "tn" : 1756459659984534338,
      "q" : "0.1",
      "p" : "7.144",
      "s" : "sell",
      "i" : "LPTUSD-PERP",
      "m" : "4611686018430375125"
    }, {
      "d" : "1756459633284488119",
      "t" : 1756459633284,
      "tn" : 1756459633284488119,
      "q" : "0.1",
      "p" : "7.142",
      "s" : "sell",
      "i" : "LPTUSD-PERP",
      "m" : "4611686018430375124"
    }, {
      "d" : "1756459620934603578",
      "t" : 1756459620934,
      "tn" : 1756459620934603578,
      "q" : "0.1",
      "p" : "7.142",
      "s" : "sell",
      "i" : "LPTUSD-PERP",
      "m" : "4611686018430375123"
    }, {
      "d" : "1756459610924718869",
      "t" : 1756459610924,
      "tn" : 1756459610924718869,
      "q" : "0.1",
      "p" : "7.144",
      "s" : "sell",
      "i" : "LPTUSD-PERP",
      "m" : "4611686018430375122"
    }, {
      "d" : "1756459591744484792",
      "t" : 1756459591744,
      "tn" : 1756459591744484792,
      "q" : "0.1",
      "p" : "7.148",
      "s" : "sell",
      "i" : "LPTUSD-PERP",
      "m" : "4611686018430375121"
    }, {
      "d" : "1756459540514704431",
      "t" : 1756459540514,
      "tn" : 1756459540514704431,
      "q" : "0.1",
      "p" : "7.142",
      "s" : "sell",
      "i" : "LPTUSD-PERP",
      "m" : "4611686018430375120"
    }, {
      "d" : "1756459501464715861",
      "t" : 1756459501464,
      "tn" : 1756459501464715861,
      "q" : "0.1",
      "p" : "7.139",
      "s" : "sell",
      "i" : "LPTUSD-PERP",
      "m" : "4611686018430375119"
    }, {
      "d" : "1756459488564539776",
      "t" : 1756459488564,
      "tn" : 1756459488564539776,
      "q" : "0.1",
      "p" : "7.140",
      "s" : "sell",
      "i" : "LPTUSD-PERP",
      "m" : "4611686018430375118"
    }, {
      "d" : "1756459488258406479",
      "t" : 1756459488258,
      "tn" : 1756459488258406479,
      "q" : "12.7",
      "p" : "7.133",
      "s" : "buy",
      "i" : "LPTUSD-PERP",
      "m" : "4611686018430375117"
    }, {
      "d" : "1756459483064528194",
      "t" : 1756459483064,
      "tn" : 1756459483064528194,
      "q" : "0.1",
      "p" : "7.132",
      "s" : "sell",
      "i" : "LPTUSD-PERP",
      "m" : "4611686018430375116"
    }, {
      "d" : "1756459468014769037",
      "t" : 1756459468014,
      "tn" : 1756459468014769037,
      "q" : "0.1",
      "p" : "7.133",
      "s" : "sell",
      "i" : "LPTUSD-PERP",
      "m" : "4611686018430375115"
    }, {
      "d" : "1756459450267199062",
      "t" : 1756459450267,
      "tn" : 1756459450267199062,
      "q" : "0.1",
      "p" : "7.136",
      "s" : "sell",
      "i" : "LPTUSD-PERP",
      "m" : "4611686018430375114"
    }, {
      "d" : "1756459450267196989",
      "t" : 1756459450267,
      "tn" : 1756459450267196989,
      "q" : "0.1",
      "p" : "7.137",
      "s" : "sell",
      "i" : "LPTUSD-PERP",
      "m" : "4611686018430375113"
    }, {
      "d" : "1756459440634508720",
      "t" : 1756459440634,
      "tn" : 1756459440634508720,
      "q" : "0.1",
      "p" : "7.143",
      "s" : "sell",
      "i" : "LPTUSD-PERP",
      "m" : "4611686018430375112"
    }, {
      "d" : "1756459397934461145",
      "t" : 1756459397934,
      "tn" : 1756459397934461145,
      "q" : "0.1",
      "p" : "7.145",
      "s" : "sell",
      "i" : "LPTUSD-PERP",
      "m" : "4611686018430375111"
    }, {
      "d" : "1756459387614607961",
      "t" : 1756459387614,
      "tn" : 1756459387614607961,
      "q" : "0.1",
      "p" : "7.149",
      "s" : "sell",
      "i" : "LPTUSD-PERP",
      "m" : "4611686018430375110"
    }, {
      "d" : "1756459331304722417",
      "t" : 1756459331304,
      "tn" : 1756459331304722417,
      "q" : "0.1",
      "p" : "7.154",
      "s" : "sell",
      "i" : "LPTUSD-PERP",
      "m" : "4611686018430375109"
    }, {
      "d" : "1756459301054492186",
      "t" : 1756459301054,
      "tn" : 1756459301054492186,
      "q" : "0.1",
      "p" : "7.150",
      "s" : "sell",
      "i" : "LPTUSD-PERP",
      "m" : "4611686018430375108"
    }, {
      "d" : "1756459297954246428",
      "t" : 1756459297954,
      "tn" : 1756459297954246427,
      "q" : "0.1",
      "p" : "7.154",
      "s" : "sell",
      "i" : "LPTUSD-PERP",
      "m" : "4611686018430375107"
    }, {
      "d" : "1756459297954246427",
      "t" : 1756459297954,
      "tn" : 1756459297954246427,
      "q" : "0.1",
      "p" : "7.154",
      "s" : "sell",
      "i" : "LPTUSD-PERP",
      "m" : "4611686018430375107"
    }, {
      "d" : "1756459290974737155",
      "t" : 1756459290974,
      "tn" : 1756459290974737155,
      "q" : "0.1",
      "p" : "7.156",
      "s" : "sell",
      "i" : "LPTUSD-PERP",
      "m" : "4611686018430375106"
    }, {
      "d" : "1756459269024495516",
      "t" : 1756459269024,
      "tn" : 1756459269024495516,
      "q" : "0.1",
      "p" : "7.157",
      "s" : "sell",
      "i" : "LPTUSD-PERP",
      "m" : "4611686018430375105"
    }, {
      "d" : "1756459258404691489",
      "t" : 1756459258404,
      "tn" : 1756459258404691489,
      "q" : "0.1",
      "p" : "7.162",
      "s" : "sell",
      "i" : "LPTUSD-PERP",
      "m" : "4611686018430375104"
    }, {
      "d" : "1756459222314667622",
      "t" : 1756459222314,
      "tn" : 1756459222314667622,
      "q" : "0.1",
      "p" : "7.162",
      "s" : "sell",
      "i" : "LPTUSD-PERP",
      "m" : "4611686018430375103"
    }, {
      "d" : "1756459219534468570",
      "t" : 1756459219534,
      "tn" : 1756459219534468570,
      "q" : "0.1",
      "p" : "7.162",
      "s" : "sell",
      "i" : "LPTUSD-PERP",
      "m" : "4611686018430375102"
    }, {
      "d" : "1756459218864603010",
      "t" : 1756459218864,
      "tn" : 1756459218864603010,
      "q" : "0.1",
      "p" : "7.159",
      "s" : "sell",
      "i" : "LPTUSD-PERP",
      "m" : "4611686018430375101"
    }, {
      "d" : "1756459199584458502",
      "t" : 1756459199584,
      "tn" : 1756459199584458502,
      "q" : "0.1",
      "p" : "7.162",
      "s" : "sell",
      "i" : "LPTUSD-PERP",
      "m" : "4611686018430375100"
    }, {
      "d" : "1756459155984673392",
      "t" : 1756459155984,
      "tn" : 1756459155984673392,
      "q" : "0.1",
      "p" : "7.150",
      "s" : "sell",
      "i" : "LPTUSD-PERP",
      "m" : "4611686018430375099"
    }, {
      "d" : "1756459136284614532",
      "t" : 1756459136284,
      "tn" : 1756459136284614532,
      "q" : "0.1",
      "p" : "7.147",
      "s" : "sell",
      "i" : "LPTUSD-PERP",
      "m" : "4611686018430375098"
    }, {
      "d" : "1756459111164609490",
      "t" : 1756459111164,
      "tn" : 1756459111164609490,
      "q" : "0.1",
      "p" : "7.147",
      "s" : "sell",
      "i" : "LPTUSD-PERP",
      "m" : "4611686018430375097"
    }, {
      "d" : "1756459110694737441",
      "t" : 1756459110694,
      "tn" : 1756459110694737441,
      "q" : "0.1",
      "p" : "7.148",
      "s" : "sell",
      "i" : "LPTUSD-PERP",
      "m" : "4611686018430375096"
    }, {
      "d" : "1756459098584452443",
      "t" : 1756459098584,
      "tn" : 1756459098584452443,
      "q" : "0.1",
      "p" : "7.148",
      "s" : "sell",
      "i" : "LPTUSD-PERP",
      "m" : "4611686018430375095"
    }, {
      "d" : "1756459060984499369",
      "t" : 1756459060984,
      "tn" : 1756459060984499369,
      "q" : "0.1",
      "p" : "7.147",
      "s" : "sell",
      "i" : "LPTUSD-PERP",
      "m" : "4611686018430375094"
    }, {
      "d" : "1756459039284497953",
      "t" : 1756459039284,
      "tn" : 1756459039284497953,
      "q" : "0.1",
      "p" : "7.147",
      "s" : "sell",
      "i" : "LPTUSD-PERP",
      "m" : "4611686018430375093"
    }, {
      "d" : "1756459027194557518",
      "t" : 1756459027194,
      "tn" : 1756459027194557518,
      "q" : "0.1",
      "p" : "7.146",
      "s" : "sell",
      "i" : "LPTUSD-PERP",
      "m" : "4611686018430375092"
    }, {
      "d" : "1756459015314434405",
      "t" : 1756459015314,
      "tn" : 1756459015314434405,
      "q" : "0.1",
      "p" : "7.148",
      "s" : "sell",
      "i" : "LPTUSD-PERP",
      "m" : "4611686018430375091"
    }, {
      "d" : "1756459005294495681",
      "t" : 1756459005294,
      "tn" : 1756459005294495681,
      "q" : "0.1",
      "p" : "7.150",
      "s" : "sell",
      "i" : "LPTUSD-PERP",
      "m" : "4611686018430375090"
    }, {
      "d" : "1756458991594526299",
      "t" : 1756458991594,
      "tn" : 1756458991594526299,
      "q" : "0.1",
      "p" : "7.146",
      "s" : "sell",
      "i" : "LPTUSD-PERP",
      "m" : "4611686018430375089"
    }, {
      "d" : "1756458978464516945",
      "t" : 1756458978464,
      "tn" : 1756458978464516945,
      "q" : "0.1",
      "p" : "7.149",
      "s" : "sell",
      "i" : "LPTUSD-PERP",
      "m" : "4611686018430375088"
    }, {
      "d" : "1756458967484513625",
      "t" : 1756458967484,
      "tn" : 1756458967484513625,
      "q" : "0.1",
      "p" : "7.153",
      "s" : "sell",
      "i" : "LPTUSD-PERP",
      "m" : "4611686018430375087"
    }, {
      "d" : "1756458957474697584",
      "t" : 1756458957474,
      "tn" : 1756458957474697584,
      "q" : "0.1",
      "p" : "7.151",
      "s" : "sell",
      "i" : "LPTUSD-PERP",
      "m" : "4611686018430375086"
    }, {
      "d" : "1756458935084400296",
      "t" : 1756458935084,
      "tn" : 1756458935084400296,
      "q" : "0.1",
      "p" : "7.151",
      "s" : "sell",
      "i" : "LPTUSD-PERP",
      "m" : "4611686018430375085"
    }, {
      "d" : "1756458925074490461",
      "t" : 1756458925074,
      "tn" : 1756458925074490461,
      "q" : "0.1",
      "p" : "7.154",
      "s" : "sell",
      "i" : "LPTUSD-PERP",
      "m" : "4611686018430375084"
    }, {
      "d" : "1756458896754665246",
      "t" : 1756458896754,
      "tn" : 1756458896754665246,
      "q" : "0.1",
      "p" : "7.155",
      "s" : "sell",
      "i" : "LPTUSD-PERP",
      "m" : "4611686018430375083"
    }, {
      "d" : "1756458883744638698",
      "t" : 1756458883744,
      "tn" : 1756458883744638698,
      "q" : "0.1",
      "p" : "7.157",
      "s" : "sell",
      "i" : "LPTUSD-PERP",
      "m" : "4611686018430375082"
    }, {
      "d" : "1756458873726234584",
      "t" : 1756458873726,
      "tn" : 1756458873726234584,
      "q" : "0.1",
      "p" : "7.160",
      "s" : "sell",
      "i" : "LPTUSD-PERP",
      "m" : "4611686018430375081"
    }, {
      "d" : "1756458872354510409",
      "t" : 1756458872354,
      "tn" : 1756458872354510409,
      "q" : "0.1",
      "p" : "7.159",
      "s" : "sell",
      "i" : "LPTUSD-PERP",
      "m" : "4611686018430375080"
    }, {
      "d" : "1756458871514397304",
      "t" : 1756458871514,
      "tn" : 1756458871514397304,
      "q" : "0.1",
      "p" : "7.156",
      "s" : "sell",
      "i" : "LPTUSD-PERP",
      "m" : "4611686018430375079"
    }, {
      "d" : "1756458848414651261",
      "t" : 1756458848414,
      "tn" : 1756458848414651261,
      "q" : "0.1",
      "p" : "7.159",
      "s" : "sell",
      "i" : "LPTUSD-PERP",
      "m" : "4611686018430375078"
    }, {
      "d" : "1756458828564403805",
      "t" : 1756458828564,
      "tn" : 1756458828564403805,
      "q" : "0.1",
      "p" : "7.161",
      "s" : "sell",
      "i" : "LPTUSD-PERP",
      "m" : "4611686018430375077"
    }, {
      "d" : "1756458811574682786",
      "t" : 1756458811574,
      "tn" : 1756458811574682786,
      "q" : "0.1",
      "p" : "7.157",
      "s" : "sell",
      "i" : "LPTUSD-PERP",
      "m" : "4611686018430375076"
    }, {
      "d" : "1756458768424611042",
      "t" : 1756458768424,
      "tn" : 1756458768424611042,
      "q" : "0.1",
      "p" : "7.153",
      "s" : "sell",
      "i" : "LPTUSD-PERP",
      "m" : "4611686018430375075"
    }, {
      "d" : "1756458725764575235",
      "t" : 1756458725764,
      "tn" : 1756458725764575235,
      "q" : "0.1",
      "p" : "7.144",
      "s" : "sell",
      "i" : "LPTUSD-PERP",
      "m" : "4611686018430375074"
    }, {
      "d" : "1756458715744436300",
      "t" : 1756458715744,
      "tn" : 1756458715744436300,
      "q" : "0.1",
      "p" : "7.143",
      "s" : "sell",
      "i" : "LPTUSD-PERP",
      "m" : "4611686018430375073"
    }, {
      "d" : "1756458686294660846",
      "t" : 1756458686294,
      "tn" : 1756458686294660846,
      "q" : "0.1",
      "p" : "7.128",
      "s" : "sell",
      "i" : "LPTUSD-PERP",
      "m" : "4611686018430375072"
    }, {
      "d" : "1756458634684567715",
      "t" : 1756458634684,
      "tn" : 1756458634684567715,
      "q" : "0.1",
      "p" : "7.121",
      "s" : "sell",
      "i" : "LPTUSD-PERP",
      "m" : "4611686018430375071"
    }, {
      "d" : "1756458611084635971",
      "t" : 1756458611084,
      "tn" : 1756458611084635971,
      "q" : "0.1",
      "p" : "7.121",
      "s" : "sell",
      "i" : "LPTUSD-PERP",
      "m" : "4611686018430375070"
    }, {
      "d" : "1756458598014530497",
      "t" : 1756458598014,
      "tn" : 1756458598014530497,
      "q" : "0.1",
      "p" : "7.126",
      "s" : "sell",
      "i" : "LPTUSD-PERP",
      "m" : "4611686018430375069"
    }, {
      "d" : "1756458523294420622",
      "t" : 1756458523294,
      "tn" : 1756458523294420622,
      "q" : "0.1",
      "p" : "7.122",
      "s" : "sell",
      "i" : "LPTUSD-PERP",
      "m" : "4611686018430375068"
    }, {
      "d" : "1756458510954484261",
      "t" : 1756458510954,
      "tn" : 1756458510954484261,
      "q" : "0.1",
      "p" : "7.122",
      "s" : "sell",
      "i" : "LPTUSD-PERP",
      "m" : "4611686018430375067"
    }, {
      "d" : "1756458498204467000",
      "t" : 1756458498204,
      "tn" : 1756458498204467000,
      "q" : "0.1",
      "p" : "7.124",
      "s" : "sell",
      "i" : "LPTUSD-PERP",
      "m" : "4611686018430375066"
    }, {
      "d" : "1756458469704446809",
      "t" : 1756458469704,
      "tn" : 1756458469704446809,
      "q" : "0.1",
      "p" : "7.121",
      "s" : "sell",
      "i" : "LPTUSD-PERP",
      "m" : "4611686018430375065"
    }, {
      "d" : "1756458439474646495",
      "t" : 1756458439474,
      "tn" : 1756458439474646495,
      "q" : "0.1",
      "p" : "7.122",
      "s" : "sell",
      "i" : "LPTUSD-PERP",
      "m" : "4611686018430375064"
    }, {
      "d" : "1756458424554410688",
      "t" : 1756458424554,
      "tn" : 1756458424554410688,
      "q" : "0.1",
      "p" : "7.127",
      "s" : "sell",
      "i" : "LPTUSD-PERP",
      "m" : "4611686018430375063"
    }, {
      "d" : "1756458394534517108",
      "t" : 1756458394534,
      "tn" : 1756458394534517108,
      "q" : "0.1",
      "p" : "7.141",
      "s" : "sell",
      "i" : "LPTUSD-PERP",
      "m" : "4611686018430375062"
    }, {
      "d" : "1756458374374797120",
      "t" : 1756458374374,
      "tn" : 1756458374374797120,
      "q" : "0.1",
      "p" : "7.143",
      "s" : "sell",
      "i" : "LPTUSD-PERP",
      "m" : "4611686018430375061"
    }, {
      "d" : "1756458364374893335",
      "t" : 1756458364374,
      "tn" : 1756458364374893335,
      "q" : "0.1",
      "p" : "7.144",
      "s" : "sell",
      "i" : "LPTUSD-PERP",
      "m" : "4611686018430375060"
    }, {
      "d" : "1756458343004493339",
      "t" : 1756458343004,
      "tn" : 1756458343004493339,
      "q" : "0.1",
      "p" : "7.142",
      "s" : "sell",
      "i" : "LPTUSD-PERP",
      "m" : "4611686018430375059"
    }, {
      "d" : "1756458342694532022",
      "t" : 1756458342694,
      "tn" : 1756458342694532022,
      "q" : "0.1",
      "p" : "7.141",
      "s" : "sell",
      "i" : "LPTUSD-PERP",
      "m" : "4611686018430375058"
    }, {
      "d" : "1756458342384657889",
      "t" : 1756458342384,
      "tn" : 1756458342384657889,
      "q" : "0.1",
      "p" : "7.138",
      "s" : "sell",
      "i" : "LPTUSD-PERP",
      "m" : "4611686018430375057"
    }, {
      "d" : "1756458330744730242",
      "t" : 1756458330744,
      "tn" : 1756458330744730242,
      "q" : "0.1",
      "p" : "7.139",
      "s" : "sell",
      "i" : "LPTUSD-PERP",
      "m" : "4611686018430375056"
    }, {
      "d" : "1756458319644582538",
      "t" : 1756458319644,
      "tn" : 1756458319644582538,
      "q" : "0.1",
      "p" : "7.142",
      "s" : "sell",
      "i" : "LPTUSD-PERP",
      "m" : "4611686018430375055"
    }, {
      "d" : "1756458319234467448",
      "t" : 1756458319234,
      "tn" : 1756458319234467448,
      "q" : "0.1",
      "p" : "7.140",
      "s" : "sell",
      "i" : "LPTUSD-PERP",
      "m" : "4611686018430375054"
    }, {
      "d" : "1756458294674738393",
      "t" : 1756458294674,
      "tn" : 1756458294674738393,
      "q" : "0.1",
      "p" : "7.129",
      "s" : "sell",
      "i" : "LPTUSD-PERP",
      "m" : "4611686018430375053"
    }, {
      "d" : "1756458259874709087",
      "t" : 1756458259874,
      "tn" : 1756458259874709087,
      "q" : "0.1",
      "p" : "7.124",
      "s" : "sell",
      "i" : "LPTUSD-PERP",
      "m" : "4611686018430375052"
    }, {
      "d" : "1756458249864578594",
      "t" : 1756458249864,
      "tn" : 1756458249864578594,
      "q" : "0.1",
      "p" : "7.128",
      "s" : "sell",
      "i" : "LPTUSD-PERP",
      "m" : "4611686018430375051"
    }, {
      "d" : "1756458239844446182",
      "t" : 1756458239844,
      "tn" : 1756458239844446182,
      "q" : "0.1",
      "p" : "7.130",
      "s" : "sell",
      "i" : "LPTUSD-PERP",
      "m" : "4611686018430375050"
    }, {
      "d" : "1756458220384445189",
      "t" : 1756458220384,
      "tn" : 1756458220384445189,
      "q" : "0.1",
      "p" : "7.135",
      "s" : "sell",
      "i" : "LPTUSD-PERP",
      "m" : "4611686018430375049"
    }, {
      "d" : "1756458204134638875",
      "t" : 1756458204134,
      "tn" : 1756458204134638875,
      "q" : "0.1",
      "p" : "7.131",
      "s" : "sell",
      "i" : "LPTUSD-PERP",
      "m" : "4611686018430375048"
    }, {
      "d" : "1756458203654765780",
      "t" : 1756458203654,
      "tn" : 1756458203654765780,
      "q" : "0.1",
      "p" : "7.129",
      "s" : "sell",
      "i" : "LPTUSD-PERP",
      "m" : "4611686018430375047"
    }, {
      "d" : "1756458179754507038",
      "t" : 1756458179754,
      "tn" : 1756458179754507038,
      "q" : "0.1",
      "p" : "7.129",
      "s" : "sell",
      "i" : "LPTUSD-PERP",
      "m" : "4611686018430375046"
    }, {
      "d" : "1756458155964615617",
      "t" : 1756458155964,
      "tn" : 1756458155964615617,
      "q" : "0.1",
      "p" : "7.132",
      "s" : "sell",
      "i" : "LPTUSD-PERP",
      "m" : "4611686018430375045"
    }, {
      "d" : "1756458145284585244",
      "t" : 1756458145284,
      "tn" : 1756458145284585244,
      "q" : "0.1",
      "p" : "7.145",
      "s" : "sell",
      "i" : "LPTUSD-PERP",
      "m" : "4611686018430375044"
    }, {
      "d" : "1756458129824525693",
      "t" : 1756458129824,
      "tn" : 1756458129824525693,
      "q" : "0.1",
      "p" : "7.146",
      "s" : "sell",
      "i" : "LPTUSD-PERP",
      "m" : "4611686018430375043"
    }, {
      "d" : "1756458115734458353",
      "t" : 1756458115734,
      "tn" : 1756458115734458353,
      "q" : "0.1",
      "p" : "7.147",
      "s" : "sell",
      "i" : "LPTUSD-PERP",
      "m" : "4611686018430375042"
    }, {
      "d" : "1756458105424384339",
      "t" : 1756458105424,
      "tn" : 1756458105424384339,
      "q" : "0.1",
      "p" : "7.149",
      "s" : "sell",
      "i" : "LPTUSD-PERP",
      "m" : "4611686018430375041"
    }, {
      "d" : "1756458095424630003",
      "t" : 1756458095424,
      "tn" : 1756458095424630003,
      "q" : "0.1",
      "p" : "7.153",
      "s" : "sell",
      "i" : "LPTUSD-PERP",
      "m" : "4611686018430375040"
    }, {
      "d" : "1756458085415125887",
      "t" : 1756458085415,
      "tn" : 1756458085415125887,
      "q" : "0.1",
      "p" : "7.163",
      "s" : "sell",
      "i" : "LPTUSD-PERP",
      "m" : "4611686018430375039"
    }, {
      "d" : "1756458058814451369",
      "t" : 1756458058814,
      "tn" : 1756458058814451369,
      "q" : "0.1",
      "p" : "7.155",
      "s" : "sell",
      "i" : "LPTUSD-PERP",
      "m" : "4611686018430375038"
    }, {
      "d" : "1756458057969826904",
      "t" : 1756458057969,
      "tn" : 1756458057969826904,
      "q" : "12.8",
      "p" : "7.146",
      "s" : "buy",
      "i" : "LPTUSD-PERP",
      "m" : "4611686018430375037"
    }, {
      "d" : "1756458056524554852",
      "t" : 1756458056524,
      "tn" : 1756458056524554852,
      "q" : "0.1",
      "p" : "7.149",
      "s" : "sell",
      "i" : "LPTUSD-PERP",
      "m" : "4611686018430375036"
    }, {
      "d" : "1756458054354357801",
      "t" : 1756458054354,
      "tn" : 1756458054354357801,
      "q" : "0.1",
      "p" : "7.147",
      "s" : "sell",
      "i" : "LPTUSD-PERP",
      "m" : "4611686018430375035"
    }, {
      "d" : "1756458037574604893",
      "t" : 1756458037574,
      "tn" : 1756458037574604893,
      "q" : "0.1",
      "p" : "7.146",
      "s" : "sell",
      "i" : "LPTUSD-PERP",
      "m" : "4611686018430375034"
    }, {
      "d" : "1756458009284438202",
      "t" : 1756458009284,
      "tn" : 1756458009284438202,
      "q" : "0.1",
      "p" : "7.139",
      "s" : "sell",
      "i" : "LPTUSD-PERP",
      "m" : "4611686018430375033"
    }, {
      "d" : "1756457998474777045",
      "t" : 1756457998474,
      "tn" : 1756457998474777045,
      "q" : "0.1",
      "p" : "7.138",
      "s" : "sell",
      "i" : "LPTUSD-PERP",
      "m" : "4611686018430375032"
    }, {
      "d" : "1756457923784774499",
      "t" : 1756457923784,
      "tn" : 1756457923784774499,
      "q" : "0.1",
      "p" : "7.123",
      "s" : "sell",
      "i" : "LPTUSD-PERP",
      "m" : "4611686018430375031"
    }, {
      "d" : "1756457909894624690",
      "t" : 1756457909894,
      "tn" : 1756457909894624690,
      "q" : "0.1",
      "p" : "7.125",
      "s" : "sell",
      "i" : "LPTUSD-PERP",
      "m" : "4611686018430375030"
    }, {
      "d" : "1756457899884888156",
      "t" : 1756457899884,
      "tn" : 1756457899884888156,
      "q" : "0.1",
      "p" : "7.127",
      "s" : "sell",
      "i" : "LPTUSD-PERP",
      "m" : "4611686018430375029"
    }, {
      "d" : "1756457863704722123",
      "t" : 1756457863704,
      "tn" : 1756457863704722123,
      "q" : "0.1",
      "p" : "7.122",
      "s" : "sell",
      "i" : "LPTUSD-PERP",
      "m" : "4611686018430375028"
    }, {
      "d" : "1756457853694503694",
      "t" : 1756457853694,
      "tn" : 1756457853694503694,
      "q" : "0.1",
      "p" : "7.126",
      "s" : "sell",
      "i" : "LPTUSD-PERP",
      "m" : "4611686018430375027"
    } ]
  }
}