{
  "id" : -1,
  "method" : "public/get-trades",
  "code" : 0,
  "result" : {
    "data" : [ {
      "d" : "1756459507569061913",
      "t" : 1756459507569,
      "tn" : 1756459507569061913,
      "q" : "180.9",
      "p" : "0.7706",
      "s" : "buy",
      "i" : "LQTY_USD",
      "m" : "4611686018429907085"
    }, {
      "d" : "1756459457688548697",
      "t" : 1756459457688,
      "tn" : 1756459457688548697,
      "q" : "196.5",
      "p" : "0.7717",
      "s" : "buy",
      "i" : "LQTY_USD",
      "m" : "4611686018429907084"
    }, {
      "d" : "1756459286075831011",
      "t" : 1756459286075,
      "tn" : 1756459286075831011,
      "q" : "164.1",
      "p" : "0.7728",
      "s" : "buy",
      "i" : "LQTY_USD",
      "m" : "4611686018429907083"
    }, {
      "d" : "1756459286068284511",
      "t" : 1756459286068,
      "tn" : 1756459286068284511,
      "q" : "194.6",
      "p" : "0.7728",
      "s" : "buy",
      "i" : "LQTY_USD",
      "m" : "4611686018429907082"
    }, {
      "d" : "1756458855507953852",
      "t" : 1756458855507,
      "tn" : 1756458855507953852,
      "q" : "192.8",
      "p" : "0.7687",
      "s" : "buy",
      "i" : "LQTY_USD",
      "m" : "4611686018429907081"
    }, {
      "d" : "1756458855501070341",
      "t" : 1756458855501,
      "tn" : 1756458855501070341,
      "q" : "192.6",
      "p" : "0.7686",
      "s" : "buy",
      "i" : "LQTY_USD",
      "m" : "4611686018429907080"
    }, {
      "d" : "1756458510527757259",
      "t" : 1756458510527,
      "tn" : 1756458510527757259,
      "q" : "199.6",
      "p" : "0.7669",
      "s" : "buy",
      "i" : "LQTY_USD",
      "m" : "4611686018429907079"
    }, {
      "d" : "1756458272003421483",
      "t" : 1756458272003,
      "tn" : 1756458272003421483,
      "q" : "6.2",
      "p" : "0.7650",
      "s" : "sell",
      "i" : "LQTY_USD",
      "m" : "4611686018429907078"
    }, {
      "d" : "1756458186365491300",
      "t" : 1756458186365,
      "tn" : 1756458186365491300,
      "q" : "336.3",
      "p" : "0.7630",
      "s" : "buy",
      "i" : "LQTY_USD",
      "m" : "4611686018429907077"
    }, {
      "d" : "1756458186365489178",
      "t" : 1756458186365,
      "tn" : 1756458186365489178,
      "q" : "52.4",
      "p" : "0.7629",
      "s" : "buy",
      "i" : "LQTY_USD",
      "m" : "4611686018429907076"
    }, {
      "d" : "1756456206478838759",
      "t" : 1756456206478,
      "tn" : 1756456206478838759,
      "q" : "190.4",
      "p" : "0.7758",
      "s" : "sell",
      "i" : "LQTY_USD",
      "m" : "4611686018429907075"
    }, {
      "d" : "1756455067545501609",
      "t" : 1756455067545,
      "tn" : 1756455067545501609,
      "q" : "190.8",
      "p" : "0.7799",
      "s" : "sell",
      "i" : "LQTY_USD",
      "m" : "4611686018429907074"
    }, {
      "d" : "1756454937301913019",
      "t" : 1756454937301,
      "tn" : 1756454937301913019,
      "q" : "72.0",
      "p" : "0.7820",
      "s" : "buy",
      "i" : "LQTY_USD",
      "m" : "4611686018429907073"
    }, {
      "d" : "1756451620042051497",
      "t" : 1756451620042,
      "tn" : 1756451620042051497,
      "q" : "198.1",
      "p" : "0.7909",
      "s" : "sell",
      "i" : "LQTY_USD",
      "m" : "4611686018429907072"
    }, {
      "d" : "1756449733619927666",
      "t" : 1756449733619,
      "tn" : 1756449733619927666,
      "q" : "190.9",
      "p" : "0.8029",
      "s" : "sell",
      "i" : "LQTY_USD",
      "m" : "4611686018429907071"
    }, {
      "d" : "1756449733358444727",
      "t" : 1756449733358,
      "tn" : 1756449733358444727,
      "q" : "193.9",
      "p" : "0.8029",
      "s" : "sell",
      "i" : "LQTY_USD",
      "m" : "4611686018429907070"
    }, {
      "d" : "1756449733018025368",
      "t" : 1756449733018,
      "tn" : 1756449733018025368,
      "q" : "193.0",
      "p" : "0.8029",
      "s" : "sell",
      "i" : "LQTY_USD",
      "m" : "4611686018429907069"
    }, {
      "d" : "1756449732315946806",
      "t" : 1756449732315,
      "tn" : 1756449732315946806,
      "q" : "193.6",
      "p" : "0.8028",
      "s" : "sell",
      "i" : "LQTY_USD",
      "m" : "4611686018429907068"
    }, {
      "d" : "1756449731885468380",
      "t" : 1756449731885,
      "tn" : 1756449731885468380,
      "q" : "196.6",
      "p" : "0.8028",
      "s" : "sell",
      "i" : "LQTY_USD",
      "m" : "4611686018429907067"
    }, {
      "d" : "1756449729880672667",
      "t" : 1756449729880,
      "tn" : 1756449729880672667,
      "q" : "193.4",
      "p" : "0.8027",
      "s" : "sell",
      "i" : "LQTY_USD",
      "m" : "4611686018429907066"
    }, {
      "d" : "1756447713830788743",
      "t" : 1756447713830,
      "tn" : 1756447713830788743,
      "q" : "196.4",
      "p" : "0.8077",
      "s" : "buy",
      "i" : "LQTY_USD",
      "m" : "4611686018429907065"
    }, {
      "d" : "1756447712833349999",
      "t" : 1756447712833,
      "tn" : 1756447712833349999,
      "q" : "199.7",
      "p" : "0.8077",
      "s" : "buy",
      "i" : "LQTY_USD",
      "m" : "4611686018429907064"
    }, {
      "d" : "1756447711610568448",
      "t" : 1756447711610,
      "tn" : 1756447711610568448,
      "q" : "31.6",
      "p" : "0.8078",
      "s" : "buy",
      "i" : "LQTY_USD",
      "m" : "4611686018429907063"
    }, {
      "d" : "1756444875752485425",
      "t" : 1756444875752,
      "tn" : 1756444875752485425,
      "q" : "27.4",
      "p" : "0.8090",
      "s" : "buy",
      "i" : "LQTY_USD",
      "m" : "4611686018429907062"
    }, {
      "d" : "1756444281319952503",
      "t" : 1756444281319,
      "tn" : 1756444281319952503,
      "q" : "32.1",
      "p" : "0.8086",
      "s" : "buy",
      "i" : "LQTY_USD",
      "m" : "4611686018429907061"
    }, {
      "d" : "1756443617729234995",
      "t" : 1756443617729,
      "tn" : 1756443617729234995,
      "q" : "194.1",
      "p" : "0.8077",
      "s" : "sell",
      "i" : "LQTY_USD",
      "m" : "4611686018429907060"
    }, {
      "d" : "1756440330761650635",
      "t" : 1756440330761,
      "tn" : 1756440330761650635,
      "q" : "11.6",
      "p" : "0.8150",
      "s" : "sell",
      "i" : "LQTY_USD",
      "m" : "4611686018429907059"
    }, {
      "d" : "1756440212959316492",
      "t" : 1756440212959,
      "tn" : 1756440212959316492,
      "q" : "13.5",
      "p" : "0.8165",
      "s" : "sell",
      "i" : "LQTY_USD",
      "m" : "4611686018429907058"
    }, {
      "d" : "1756439609361900667",
      "t" : 1756439609361,
      "tn" : 1756439609361900667,
      "q" : "15.7",
      "p" : "0.8198",
      "s" : "buy",
      "i" : "LQTY_USD",
      "m" : "4611686018429907057"
    }, {
      "d" : "1756439592848700305",
      "t" : 1756439592848,
      "tn" : 1756439592848700305,
      "q" : "2.9",
      "p" : "0.8182",
      "s" : "buy",
      "i" : "LQTY_USD",
      "m" : "4611686018429907056"
    }, {
      "d" : "1756439580890067272",
      "t" : 1756439580890,
      "tn" : 1756439580890067272,
      "q" : "21.4",
      "p" : "0.8182",
      "s" : "buy",
      "i" : "LQTY_USD",
      "m" : "4611686018429907055"
    }, {
      "d" : "1756439079052748566",
      "t" : 1756439079052,
      "tn" : 1756439079052748566,
      "q" : "176.3",
      "p" : "0.8160",
      "s" : "buy",
      "i" : "LQTY_USD",
      "m" : "4611686018429907054"
    }, {
      "d" : "1756434534465764869",
      "t" : 1756434534465,
      "tn" : 1756434534465764869,
      "q" : "199.7",
      "p" : "0.8181",
      "s" : "sell",
      "i" : "LQTY_USD",
      "m" : "4611686018429907053"
    }, {
      "d" : "1756433828840749906",
      "t" : 1756433828840,
      "tn" : 1756433828840749906,
      "q" : "112.3",
      "p" : "0.8162",
      "s" : "sell",
      "i" : "LQTY_USD",
      "m" : "4611686018429907052"
    }, {
      "d" : "1756433822716884468",
      "t" : 1756433822716,
      "tn" : 1756433822716884468,
      "q" : "7.7",
      "p" : "0.8135",
      "s" : "buy",
      "i" : "LQTY_USD",
      "m" : "4611686018429907051"
    }, {
      "d" : "1756432415847571719",
      "t" : 1756432415847,
      "tn" : 1756432415847571719,
      "q" : "6.9",
      "p" : "0.8082",
      "s" : "buy",
      "i" : "LQTY_USD",
      "m" : "4611686018429907050"
    }, {
      "d" : "1756432333117758299",
      "t" : 1756432333117,
      "tn" : 1756432333117758299,
      "q" : "136.6",
      "p" : "0.8086",
      "s" : "buy",
      "i" : "LQTY_USD",
      "m" : "4611686018429907049"
    }, {
      "d" : "1756431927092302680",
      "t" : 1756431927092,
      "tn" : 1756431927092302680,
      "q" : "192.4",
      "p" : "0.8117",
      "s" : "buy",
      "i" : "LQTY_USD",
      "m" : "4611686018429907048"
    }, {
      "d" : "1756431239003735087",
      "t" : 1756431239003,
      "tn" : 1756431239003735087,
      "q" : "3.6",
      "p" : "0.8108",
      "s" : "buy",
      "i" : "LQTY_USD",
      "m" : "4611686018429907047"
    }, {
      "d" : "1756430340765505818",
      "t" : 1756430340765,
      "tn" : 1756430340765505818,
      "q" : "98.0",
      "p" : "0.8138",
      "s" : "buy",
      "i" : "LQTY_USD",
      "m" : "4611686018429907046"
    }, {
      "d" : "1756428115501294551",
      "t" : 1756428115501,
      "tn" : 1756428115501294551,
      "q" : "20.0",
      "p" : "0.8238",
      "s" : "sell",
      "i" : "LQTY_USD",
      "m" : "4611686018429907045"
    }, {
      "d" : "1756427992616570401",
      "t" : 1756427992616,
      "tn" : 1756427992616570401,
      "q" : "31.6",
      "p" : "0.8243",
      "s" : "sell",
      "i" : "LQTY_USD",
      "m" : "4611686018429907044"
    }, {
      "d" : "1756426222749192627",
      "t" : 1756426222749,
      "tn" : 1756426222749192627,
      "q" : "18.7",
      "p" : "0.8283",
      "s" : "buy",
      "i" : "LQTY_USD",
      "m" : "4611686018429907043"
    }, {
      "d" : "1756423039921101683",
      "t" : 1756423039921,
      "tn" : 1756423039921101683,
      "q" : "21.7",
      "p" : "0.8280",
      "s" : "buy",
      "i" : "LQTY_USD",
      "m" : "4611686018429907042"
    }, {
      "d" : "1756422258885420281",
      "t" : 1756422258885,
      "tn" : 1756422258885420281,
      "q" : "47.7",
      "p" : "0.8286",
      "s" : "sell",
      "i" : "LQTY_USD",
      "m" : "4611686018429907041"
    }, {
      "d" : "1756420288338963632",
      "t" : 1756420288338,
      "tn" : 1756420288338963632,
      "q" : "192.6",
      "p" : "0.8310",
      "s" : "buy",
      "i" : "LQTY_USD",
      "m" : "4611686018429907040"
    }, {
      "d" : "1756420100360552816",
      "t" : 1756420100360,
      "tn" : 1756420100360552816,
      "q" : "191.5",
      "p" : "0.8288",
      "s" : "sell",
      "i" : "LQTY_USD",
      "m" : "4611686018429907039"
    }, {
      "d" : "1756418764001242164",
      "t" : 1756418764001,
      "tn" : 1756418764001242164,
      "q" : "136.1",
      "p" : "0.8217",
      "s" : "sell",
      "i" : "LQTY_USD",
      "m" : "4611686018429907038"
    }, {
      "d" : "1756418762306084204",
      "t" : 1756418762306,
      "tn" : 1756418762306084204,
      "q" : "193.8",
      "p" : "0.8217",
      "s" : "sell",
      "i" : "LQTY_USD",
      "m" : "4611686018429907037"
    }, {
      "d" : "1756417832805227181",
      "t" : 1756417832805,
      "tn" : 1756417832805227181,
      "q" : "55.8",
      "p" : "0.8186",
      "s" : "sell",
      "i" : "LQTY_USD",
      "m" : "4611686018429907036"
    }, {
      "d" : "1756417810800410361",
      "t" : 1756417810800,
      "tn" : 1756417810800410361,
      "q" : "198.7",
      "p" : "0.8186",
      "s" : "sell",
      "i" : "LQTY_USD",
      "m" : "4611686018429907035"
    }, {
      "d" : "1756417332515378899",
      "t" : 1756417332515,
      "tn" : 1756417332515378899,
      "q" : "189.0",
      "p" : "0.8185",
      "s" : "sell",
      "i" : "LQTY_USD",
      "m" : "4611686018429907034"
    }, {
      "d" : "1756416502475692029",
      "t" : 1756416502475,
      "tn" : 1756416502475692029,
      "q" : "26.5",
      "p" : "0.8160",
      "s" : "buy",
      "i" : "LQTY_USD",
      "m" : "4611686018429907033"
    }, {
      "d" : "1756415514698049811",
      "t" : 1756415514698,
      "tn" : 1756415514698049811,
      "q" : "64.2",
      "p" : "0.8097",
      "s" : "buy",
      "i" : "LQTY_USD",
      "m" : "4611686018429907032"
    }, {
      "d" : "1756414630808704578",
      "t" : 1756414630808,
      "tn" : 1756414630808704578,
      "q" : "192.0",
      "p" : "0.8057",
      "s" : "buy",
      "i" : "LQTY_USD",
      "m" : "4611686018429907031"
    }, {
      "d" : "1756414232066240333",
      "t" : 1756414232066,
      "tn" : 1756414232066240333,
      "q" : "198.5",
      "p" : "0.8067",
      "s" : "buy",
      "i" : "LQTY_USD",
      "m" : "4611686018429907030"
    }, {
      "d" : "1756414091757377747",
      "t" : 1756414091757,
      "tn" : 1756414091757377747,
      "q" : "4.2",
      "p" : "0.8078",
      "s" : "buy",
      "i" : "LQTY_USD",
      "m" : "4611686018429907029"
    }, {
      "d" : "1756409669808226293",
      "t" : 1756409669808,
      "tn" : 1756409669808226293,
      "q" : "163.5",
      "p" : "0.8108",
      "s" : "buy",
      "i" : "LQTY_USD",
      "m" : "4611686018429907028"
    }, {
      "d" : "1756409649202933680",
      "t" : 1756409649202,
      "tn" : 1756409649202933680,
      "q" : "17.1",
      "p" : "0.8117",
      "s" : "buy",
      "i" : "LQTY_USD",
      "m" : "4611686018429907027"
    }, {
      "d" : "1756408470869621975",
      "t" : 1756408470869,
      "tn" : 1756408470869621975,
      "q" : "9.6",
      "p" : "0.8195",
      "s" : "sell",
      "i" : "LQTY_USD",
      "m" : "4611686018429907026"
    }, {
      "d" : "1756408470868221496",
      "t" : 1756408470868,
      "tn" : 1756408470868221496,
      "q" : "183.0",
      "p" : "0.8195",
      "s" : "sell",
      "i" : "LQTY_USD",
      "m" : "4611686018429907025"
    }, {
      "d" : "1756408470866015619",
      "t" : 1756408470866,
      "tn" : 1756408470866015619,
      "q" : "197.5",
      "p" : "0.8195",
      "s" : "sell",
      "i" : "LQTY_USD",
      "m" : "4611686018429907024"
    }, {
      "d" : "1756404798924142775",
      "t" : 1756404798924,
      "tn" : 1756404798924142775,
      "q" : "11.4",
      "p" : "0.8156",
      "s" : "sell",
      "i" : "LQTY_USD",
      "m" : "4611686018429907023"
    }, {
      "d" : "1756401825600729921",
      "t" : 1756401825600,
      "tn" : 1756401825600729921,
      "q" : "44.3",
      "p" : "0.8127",
      "s" : "sell",
      "i" : "LQTY_USD",
      "m" : "4611686018429907022"
    }, {
      "d" : "1756401005159853201",
      "t" : 1756401005159,
      "tn" : 1756401005159853201,
      "q" : "137.7",
      "p" : "0.8086",
      "s" : "sell",
      "i" : "LQTY_USD",
      "m" : "4611686018429907021"
    }, {
      "d" : "1756400999150164605",
      "t" : 1756400999150,
      "tn" : 1756400999150164605,
      "q" : "193.9",
      "p" : "0.8086",
      "s" : "sell",
      "i" : "LQTY_USD",
      "m" : "4611686018429907020"
    }, {
      "d" : "1756400993304456985",
      "t" : 1756400993304,
      "tn" : 1756400993304456985,
      "q" : "193.5",
      "p" : "0.8085",
      "s" : "sell",
      "i" : "LQTY_USD",
      "m" : "4611686018429907019"
    }, {
      "d" : "1756400987222372224",
      "t" : 1756400987222,
      "tn" : 1756400987222372224,
      "q" : "192.6",
      "p" : "0.8087",
      "s" : "sell",
      "i" : "LQTY_USD",
      "m" : "4611686018429907018"
    }, {
      "d" : "1756398981450641153",
      "t" : 1756398981450,
      "tn" : 1756398981450641153,
      "q" : "22.4",
      "p" : "0.8197",
      "s" : "sell",
      "i" : "LQTY_USD",
      "m" : "4611686018429907017"
    }, {
      "d" : "1756397144539175704",
      "t" : 1756397144539,
      "tn" : 1756397144539175704,
      "q" : "194.4",
      "p" : "0.8197",
      "s" : "sell",
      "i" : "LQTY_USD",
      "m" : "4611686018429907016"
    }, {
      "d" : "1756394477588248333",
      "t" : 1756394477588,
      "tn" : 1756394477588248333,
      "q" : "17.8",
      "p" : "0.8253",
      "s" : "buy",
      "i" : "LQTY_USD",
      "m" : "4611686018429907015"
    }, {
      "d" : "1756391377576362928",
      "t" : 1756391377576,
      "tn" : 1756391377576362928,
      "q" : "25.0",
      "p" : "0.8266",
      "s" : "sell",
      "i" : "LQTY_USD",
      "m" : "4611686018429907014"
    }, {
      "d" : "1756389241245166481",
      "t" : 1756389241245,
      "tn" : 1756389241245166481,
      "q" : "48.4",
      "p" : "0.8236",
      "s" : "sell",
      "i" : "LQTY_USD",
      "m" : "4611686018429907013"
    }, {
      "d" : "1756387590274120815",
      "t" : 1756387590274,
      "tn" : 1756387590274120815,
      "q" : "197.3",
      "p" : "0.8277",
      "s" : "buy",
      "i" : "LQTY_USD",
      "m" : "4611686018429907012"
    }, {
      "d" : "1756387505722035287",
      "t" : 1756387505722,
      "tn" : 1756387505722035287,
      "q" : "195.3",
      "p" : "0.8296",
      "s" : "buy",
      "i" : "LQTY_USD",
      "m" : "4611686018429907011"
    }, {
      "d" : "1756387505714054606",
      "t" : 1756387505714,
      "tn" : 1756387505714054606,
      "q" : "199.3",
      "p" : "0.8296",
      "s" : "buy",
      "i" : "LQTY_USD",
      "m" : "4611686018429907010"
    }, {
      "d" : "1756385550297087771",
      "t" : 1756385550297,
      "tn" : 1756385550297087771,
      "q" : "193.6",
      "p" : "0.8322",
      "s" : "sell",
      "i" : "LQTY_USD",
      "m" : "4611686018429907009"
    }, {
      "d" : "1756384913938102471",
      "t" : 1756384913938,
      "tn" : 1756384913938102471,
      "q" : "55.4",
      "p" : "0.8307",
      "s" : "sell",
      "i" : "LQTY_USD",
      "m" : "4611686018429907008"
    }, {
      "d" : "1756384332937541450",
      "t" : 1756384332937,
      "tn" : 1756384332937541450,
      "q" : "478.4",
      "p" : "0.8291",
      "s" : "sell",
      "i" : "LQTY_USD",
      "m" : "4611686018429907007"
    }, {
      "d" : "1756384332928398647",
      "t" : 1756384332928,
      "tn" : 1756384332928398647,
      "q" : "198.2",
      "p" : "0.8291",
      "s" : "buy",
      "i" : "LQTY_USD",
      "m" : "4611686018429907006"
    }, {
      "d" : "1756383735871257907",
      "t" : 1756383735871,
      "tn" : 1756383735871257907,
      "q" : "10.0",
      "p" : "0.8267",
      "s" : "sell",
      "i" : "LQTY_USD",
      "m" : "4611686018429907005"
    }, {
      "d" : "1756381579068154205",
      "t" : 1756381579068,
      "tn" : 1756381579068154205,
      "q" : "64.1",
      "p" : "0.8247",
      "s" : "buy",
      "i" : "LQTY_USD",
      "m" : "4611686018429907004"
    }, {
      "d" : "1756376736185702697",
      "t" : 1756376736185,
      "tn" : 1756376736185702697,
      "q" : "50.5",
      "p" : "0.8258",
      "s" : "sell",
      "i" : "LQTY_USD",
      "m" : "4611686018429907003"
    } ]
  }
}