{
  "id" : -1,
  "method" : "public/get-trades",
  "code" : 0,
  "result" : {
    "data" : [ {
      "d" : "1756457584000809728",
      "t" : 1756457584000,
      "tn" : 1756457584000809728,
      "q" : "528",
      "p" : "0.08625",
      "s" : "sell",
      "i" : "LRC_USDT",
      "m" : "4611686018430404641"
    }, {
      "d" : "1756433614295616739",
      "t" : 1756433614295,
      "tn" : 1756433614295616739,
      "q" : "1198",
      "p" : "0.09006",
      "s" : "buy",
      "i" : "LRC_USDT",
      "m" : "4611686018430404640"
    }, {
      "d" : "1756425617569109312",
      "t" : 1756425617569,
      "tn" : 1756425617569109312,
      "q" : "1101",
      "p" : "0.09066",
      "s" : "buy",
      "i" : "LRC_USDT",
      "m" : "4611686018430404639"
    }, {
      "d" : "1756425617569107081",
      "t" : 1756425617569,
      "tn" : 1756425617569107081,
      "q" : "25",
      "p" : "0.09058",
      "s" : "buy",
      "i" : "LRC_USDT",
      "m" : "4611686018430404638"
    }, {
      "d" : "1756400377000724849",
      "t" : 1756400377000,
      "tn" : 1756400377000724849,
      "q" : "36",
      "p" : "0.08892",
      "s" : "sell",
      "i" : "LRC_USDT",
      "m" : "4611686018430404637"
    }, {
      "d" : "1756396214836211625",
      "t" : 1756396214836,
      "tn" : 1756396214836211625,
      "q" : "1451",
      "p" : "0.09144",
      "s" : "buy",
      "i" : "LRC_USDT",
      "m" : "4611686018430404636"
    }, {
      "d" : "1756395846412621520",
      "t" : 1756395846412,
      "tn" : 1756395846412621519,
      "q" : "1",
      "p" : "0.09186",
      "s" : "buy",
      "i" : "LRC_USDT",
      "m" : "4611686018430404635"
    }, {
      "d" : "1756395846412621519",
      "t" : 1756395846412,
      "tn" : 1756395846412621519,
      "q" : "1198",
      "p" : "0.09186",
      "s" : "buy",
      "i" : "LRC_USDT",
      "m" : "4611686018430404635"
    }, {
      "d" : "1756395742345421601",
      "t" : 1756395742345,
      "tn" : 1756395742345421601,
      "q" : "1110",
      "p" : "0.09156",
      "s" : "buy",
      "i" : "LRC_USDT",
      "m" : "4611686018430404634"
    }, {
      "d" : "1756395742345419726",
      "t" : 1756395742345,
      "tn" : 1756395742345419726,
      "q" : "72",
      "p" : "0.09155",
      "s" : "buy",
      "i" : "LRC_USDT",
      "m" : "4611686018430404633"
    }, {
      "d" : "1756395742345416351",
      "t" : 1756395742345,
      "tn" : 1756395742345416351,
      "q" : "18",
      "p" : "0.09147",
      "s" : "buy",
      "i" : "LRC_USDT",
      "m" : "4611686018430404632"
    }, {
      "d" : "1756389940827136441",
      "t" : 1756389940827,
      "tn" : 1756389940827136441,
      "q" : "1200",
      "p" : "0.09111",
      "s" : "buy",
      "i" : "LRC_USDT",
      "m" : "4611686018430404631"
    }, {
      "d" : "1756389481418261333",
      "t" : 1756389481418,
      "tn" : 1756389481418261333,
      "q" : "1199",
      "p" : "0.09054",
      "s" : "buy",
      "i" : "LRC_USDT",
      "m" : "4611686018430404630"
    }, {
      "d" : "1756389051563151390",
      "t" : 1756389051563,
      "tn" : 1756389051563151389,
      "q" : "555",
      "p" : "0.09002",
      "s" : "sell",
      "i" : "LRC_USDT",
      "m" : "4611686018430404629"
    }, {
      "d" : "1756389051563151389",
      "t" : 1756389051563,
      "tn" : 1756389051563151389,
      "q" : "644",
      "p" : "0.09002",
      "s" : "sell",
      "i" : "LRC_USDT",
      "m" : "4611686018430404629"
    }, {
      "d" : "1756384204233261403",
      "t" : 1756384204233,
      "tn" : 1756384204233261403,
      "q" : "33",
      "p" : "0.09053",
      "s" : "buy",
      "i" : "LRC_USDT",
      "m" : "4611686018430404628"
    }, {
      "d" : "1756378850890628009",
      "t" : 1756378850890,
      "tn" : 1756378850890628009,
      "q" : "34",
      "p" : "0.09065",
      "s" : "sell",
      "i" : "LRC_USDT",
      "m" : "4611686018430404627"
    } ]
  }
}