{
  "id" : -1,
  "method" : "public/get-trades",
  "code" : 0,
  "result" : {
    "data" : [ {
      "d" : "1756460746872797269",
      "t" : 1756460746872,
      "tn" : 1756460746872797269,
      "q" : "417",
      "p" : "0.08662",
      "s" : "buy",
      "i" : "LRC_USD",
      "m" : "4611686018430205171"
    }, {
      "d" : "1756458976343800596",
      "t" : 1756458976343,
      "tn" : 1756458976343800596,
      "q" : "1119",
      "p" : "0.08632",
      "s" : "sell",
      "i" : "LRC_USD",
      "m" : "4611686018430205170"
    }, {
      "d" : "1756458157737317199",
      "t" : 1756458157737,
      "tn" : 1756458157737317199,
      "q" : "111",
      "p" : "0.08607",
      "s" : "sell",
      "i" : "LRC_USD",
      "m" : "4611686018430205169"
    }, {
      "d" : "1756455032846382469",
      "t" : 1756455032846,
      "tn" : 1756455032846382469,
      "q" : "123",
      "p" : "0.08704",
      "s" : "sell",
      "i" : "LRC_USD",
      "m" : "4611686018430205168"
    }, {
      "d" : "1756453717917215670",
      "t" : 1756453717917,
      "tn" : 1756453717917215670,
      "q" : "90",
      "p" : "0.08784",
      "s" : "buy",
      "i" : "LRC_USD",
      "m" : "4611686018430205167"
    }, {
      "d" : "1756453539542229247",
      "t" : 1756453539542,
      "tn" : 1756453539542229247,
      "q" : "104",
      "p" : "0.08783",
      "s" : "buy",
      "i" : "LRC_USD",
      "m" : "4611686018430205166"
    }, {
      "d" : "1756452725050186000",
      "t" : 1756452725050,
      "tn" : 1756452725050186000,
      "q" : "9680",
      "p" : "0.08826",
      "s" : "buy",
      "i" : "LRC_USD",
      "m" : "4611686018430205165"
    }, {
      "d" : "1756452112591328468",
      "t" : 1756452112591,
      "tn" : 1756452112591328467,
      "q" : "133",
      "p" : "0.08810",
      "s" : "sell",
      "i" : "LRC_USD",
      "m" : "4611686018430205164"
    }, {
      "d" : "1756452112591328467",
      "t" : 1756452112591,
      "tn" : 1756452112591328467,
      "q" : "132",
      "p" : "0.08810",
      "s" : "sell",
      "i" : "LRC_USD",
      "m" : "4611686018430205164"
    }, {
      "d" : "1756452102027295128",
      "t" : 1756452102027,
      "tn" : 1756452102027295128,
      "q" : "109",
      "p" : "0.08810",
      "s" : "sell",
      "i" : "LRC_USD",
      "m" : "4611686018430205163"
    }, {
      "d" : "1756451272580633134",
      "t" : 1756451272580,
      "tn" : 1756451272580633134,
      "q" : "10193",
      "p" : "0.08878",
      "s" : "sell",
      "i" : "LRC_USD",
      "m" : "4611686018430205162"
    }, {
      "d" : "1756448887258405700",
      "t" : 1756448887258,
      "tn" : 1756448887258405700,
      "q" : "54",
      "p" : "0.08954",
      "s" : "sell",
      "i" : "LRC_USD",
      "m" : "4611686018430205161"
    }, {
      "d" : "1756448625871311808",
      "t" : 1756448625871,
      "tn" : 1756448625871311808,
      "q" : "100",
      "p" : "0.08933",
      "s" : "buy",
      "i" : "LRC_USD",
      "m" : "4611686018430205160"
    }, {
      "d" : "1756448402073417881",
      "t" : 1756448402073,
      "tn" : 1756448402073417881,
      "q" : "18",
      "p" : "0.08932",
      "s" : "buy",
      "i" : "LRC_USD",
      "m" : "4611686018430205159"
    }, {
      "d" : "1756446326123295518",
      "t" : 1756446326123,
      "tn" : 1756446326123295518,
      "q" : "10432",
      "p" : "0.09017",
      "s" : "sell",
      "i" : "LRC_USD",
      "m" : "4611686018430205158"
    }, {
      "d" : "1756445961681460663",
      "t" : 1756445961681,
      "tn" : 1756445961681460663,
      "q" : "163",
      "p" : "0.09006",
      "s" : "sell",
      "i" : "LRC_USD",
      "m" : "4611686018430205157"
    }, {
      "d" : "1756445827021913675",
      "t" : 1756445827021,
      "tn" : 1756445827021913675,
      "q" : "500",
      "p" : "0.08979",
      "s" : "sell",
      "i" : "LRC_USD",
      "m" : "4611686018430205156"
    }, {
      "d" : "1756445392579732561",
      "t" : 1756445392579,
      "tn" : 1756445392579732561,
      "q" : "150",
      "p" : "0.08977",
      "s" : "sell",
      "i" : "LRC_USD",
      "m" : "4611686018430205155"
    }, {
      "d" : "1756445352401700009",
      "t" : 1756445352401,
      "tn" : 1756445352401700009,
      "q" : "900",
      "p" : "0.08963",
      "s" : "buy",
      "i" : "LRC_USD",
      "m" : "4611686018430205154"
    }, {
      "d" : "1756442190403201211",
      "t" : 1756442190403,
      "tn" : 1756442190403201211,
      "q" : "1487",
      "p" : "0.09003",
      "s" : "buy",
      "i" : "LRC_USD",
      "m" : "4611686018430205153"
    }, {
      "d" : "1756441154163650339",
      "t" : 1756441154163,
      "tn" : 1756441154163650339,
      "q" : "12",
      "p" : "0.09014",
      "s" : "buy",
      "i" : "LRC_USD",
      "m" : "4611686018430205152"
    }, {
      "d" : "1756440405713137374",
      "t" : 1756440405713,
      "tn" : 1756440405713137374,
      "q" : "19",
      "p" : "0.09028",
      "s" : "sell",
      "i" : "LRC_USD",
      "m" : "4611686018430205151"
    }, {
      "d" : "1756439742632790580",
      "t" : 1756439742632,
      "tn" : 1756439742632790580,
      "q" : "12",
      "p" : "0.09067",
      "s" : "sell",
      "i" : "LRC_USD",
      "m" : "4611686018430205150"
    }, {
      "d" : "1756439591800272893",
      "t" : 1756439591800,
      "tn" : 1756439591800272893,
      "q" : "18",
      "p" : "0.09048",
      "s" : "sell",
      "i" : "LRC_USD",
      "m" : "4611686018430205149"
    }, {
      "d" : "1756438938212174707",
      "t" : 1756438938212,
      "tn" : 1756438938212174707,
      "q" : "87",
      "p" : "0.09050",
      "s" : "sell",
      "i" : "LRC_USD",
      "m" : "4611686018430205148"
    }, {
      "d" : "1756436781490825413",
      "t" : 1756436781490,
      "tn" : 1756436781490825413,
      "q" : "390",
      "p" : "0.08983",
      "s" : "buy",
      "i" : "LRC_USD",
      "m" : "4611686018430205147"
    }, {
      "d" : "1756435583137416012",
      "t" : 1756435583137,
      "tn" : 1756435583137416012,
      "q" : "108",
      "p" : "0.09037",
      "s" : "sell",
      "i" : "LRC_USD",
      "m" : "4611686018430205146"
    }, {
      "d" : "1756434382373013738",
      "t" : 1756434382373,
      "tn" : 1756434382373013738,
      "q" : "1428",
      "p" : "0.09078",
      "s" : "buy",
      "i" : "LRC_USD",
      "m" : "4611686018430205145"
    }, {
      "d" : "1756431148507444904",
      "t" : 1756431148507,
      "tn" : 1756431148507444904,
      "q" : "1735",
      "p" : "0.08986",
      "s" : "sell",
      "i" : "LRC_USD",
      "m" : "4611686018430205144"
    }, {
      "d" : "1756430460246682973",
      "t" : 1756430460246,
      "tn" : 1756430460246682973,
      "q" : "1534",
      "p" : "0.08995",
      "s" : "sell",
      "i" : "LRC_USD",
      "m" : "4611686018430205143"
    }, {
      "d" : "1756430460246503949",
      "t" : 1756430460246,
      "tn" : 1756430460246503949,
      "q" : "1703",
      "p" : "0.08995",
      "s" : "sell",
      "i" : "LRC_USD",
      "m" : "4611686018430205142"
    }, {
      "d" : "1756429193519722354",
      "t" : 1756429193519,
      "tn" : 1756429193519722354,
      "q" : "500",
      "p" : "0.09039",
      "s" : "buy",
      "i" : "LRC_USD",
      "m" : "4611686018430205141"
    }, {
      "d" : "1756429129496775418",
      "t" : 1756429129496,
      "tn" : 1756429129496775418,
      "q" : "25",
      "p" : "0.09058",
      "s" : "sell",
      "i" : "LRC_USD",
      "m" : "4611686018430205140"
    }, {
      "d" : "1756428233902583379",
      "t" : 1756428233902,
      "tn" : 1756428233902583379,
      "q" : "62",
      "p" : "0.09017",
      "s" : "buy",
      "i" : "LRC_USD",
      "m" : "4611686018430205139"
    }, {
      "d" : "1756427260038357819",
      "t" : 1756427260038,
      "tn" : 1756427260038357819,
      "q" : "108",
      "p" : "0.09091",
      "s" : "buy",
      "i" : "LRC_USD",
      "m" : "4611686018430205138"
    }, {
      "d" : "1756426694509450537",
      "t" : 1756426694509,
      "tn" : 1756426694509450537,
      "q" : "1529",
      "p" : "0.09065",
      "s" : "sell",
      "i" : "LRC_USD",
      "m" : "4611686018430205137"
    }, {
      "d" : "1756426216845500248",
      "t" : 1756426216845,
      "tn" : 1756426216845500248,
      "q" : "312",
      "p" : "0.09057",
      "s" : "sell",
      "i" : "LRC_USD",
      "m" : "4611686018430205136"
    }, {
      "d" : "1756425994557541970",
      "t" : 1756425994557,
      "tn" : 1756425994557541970,
      "q" : "13",
      "p" : "0.09080",
      "s" : "sell",
      "i" : "LRC_USD",
      "m" : "4611686018430205135"
    }, {
      "d" : "1756425783848160005",
      "t" : 1756425783848,
      "tn" : 1756425783848160005,
      "q" : "131",
      "p" : "0.09071",
      "s" : "buy",
      "i" : "LRC_USD",
      "m" : "4611686018430205134"
    }, {
      "d" : "1756425729103053187",
      "t" : 1756425729103,
      "tn" : 1756425729103053187,
      "q" : "18",
      "p" : "0.09067",
      "s" : "sell",
      "i" : "LRC_USD",
      "m" : "4611686018430205133"
    }, {
      "d" : "1756425616614997572",
      "t" : 1756425616614,
      "tn" : 1756425616614997572,
      "q" : "506",
      "p" : "0.09067",
      "s" : "buy",
      "i" : "LRC_USD",
      "m" : "4611686018430205132"
    }, {
      "d" : "1756425616614995571",
      "t" : 1756425616614,
      "tn" : 1756425616614995571,
      "q" : "921",
      "p" : "0.09066",
      "s" : "buy",
      "i" : "LRC_USD",
      "m" : "4611686018430205131"
    }, {
      "d" : "1756425607790875821",
      "t" : 1756425607790,
      "tn" : 1756425607790875821,
      "q" : "1200",
      "p" : "0.09066",
      "s" : "buy",
      "i" : "LRC_USD",
      "m" : "4611686018430205130"
    }, {
      "d" : "1756425606827947552",
      "t" : 1756425606827,
      "tn" : 1756425606827947552,
      "q" : "1200",
      "p" : "0.09065",
      "s" : "buy",
      "i" : "LRC_USD",
      "m" : "4611686018430205129"
    }, {
      "d" : "1756425567212609935",
      "t" : 1756425567212,
      "tn" : 1756425567212609935,
      "q" : "300",
      "p" : "0.09039",
      "s" : "buy",
      "i" : "LRC_USD",
      "m" : "4611686018430205128"
    }, {
      "d" : "1756425293608131674",
      "t" : 1756425293608,
      "tn" : 1756425293608131674,
      "q" : "50",
      "p" : "0.09025",
      "s" : "buy",
      "i" : "LRC_USD",
      "m" : "4611686018430205127"
    }, {
      "d" : "1756424449917205845",
      "t" : 1756424449917,
      "tn" : 1756424449917205845,
      "q" : "21",
      "p" : "0.09049",
      "s" : "sell",
      "i" : "LRC_USD",
      "m" : "4611686018430205126"
    }, {
      "d" : "1756424448617086389",
      "t" : 1756424448617,
      "tn" : 1756424448617086389,
      "q" : "131",
      "p" : "0.09028",
      "s" : "buy",
      "i" : "LRC_USD",
      "m" : "4611686018430205125"
    }, {
      "d" : "1756424334511208105",
      "t" : 1756424334511,
      "tn" : 1756424334511208105,
      "q" : "1128",
      "p" : "0.09010",
      "s" : "buy",
      "i" : "LRC_USD",
      "m" : "4611686018430205124"
    }, {
      "d" : "1756423829436902860",
      "t" : 1756423829436,
      "tn" : 1756423829436902860,
      "q" : "300",
      "p" : "0.09023",
      "s" : "sell",
      "i" : "LRC_USD",
      "m" : "4611686018430205123"
    }, {
      "d" : "1756423566415562021",
      "t" : 1756423566415,
      "tn" : 1756423566415562021,
      "q" : "1750",
      "p" : "0.09011",
      "s" : "sell",
      "i" : "LRC_USD",
      "m" : "4611686018430205122"
    }, {
      "d" : "1756423049837977073",
      "t" : 1756423049837,
      "tn" : 1756423049837977073,
      "q" : "454",
      "p" : "0.09020",
      "s" : "sell",
      "i" : "LRC_USD",
      "m" : "4611686018430205121"
    }, {
      "d" : "1756422079884331430",
      "t" : 1756422079884,
      "tn" : 1756422079884331430,
      "q" : "231",
      "p" : "0.08993",
      "s" : "buy",
      "i" : "LRC_USD",
      "m" : "4611686018430205120"
    }, {
      "d" : "1756421357868690217",
      "t" : 1756421357868,
      "tn" : 1756421357868690217,
      "q" : "300",
      "p" : "0.08992",
      "s" : "buy",
      "i" : "LRC_USD",
      "m" : "4611686018430205119"
    }, {
      "d" : "1756420221432468462",
      "t" : 1756420221432,
      "tn" : 1756420221432468462,
      "q" : "1200",
      "p" : "0.09008",
      "s" : "buy",
      "i" : "LRC_USD",
      "m" : "4611686018430205118"
    }, {
      "d" : "1756419931639500783",
      "t" : 1756419931639,
      "tn" : 1756419931639500783,
      "q" : "525",
      "p" : "0.09005",
      "s" : "sell",
      "i" : "LRC_USD",
      "m" : "4611686018430205117"
    }, {
      "d" : "1756419546884048846",
      "t" : 1756419546884,
      "tn" : 1756419546884048846,
      "q" : "500",
      "p" : "0.08979",
      "s" : "buy",
      "i" : "LRC_USD",
      "m" : "4611686018430205116"
    }, {
      "d" : "1756418901107279524",
      "t" : 1756418901107,
      "tn" : 1756418901107279524,
      "q" : "572",
      "p" : "0.08978",
      "s" : "buy",
      "i" : "LRC_USD",
      "m" : "4611686018430205115"
    }, {
      "d" : "1756414955690714508",
      "t" : 1756414955690,
      "tn" : 1756414955690714508,
      "q" : "45",
      "p" : "0.08891",
      "s" : "buy",
      "i" : "LRC_USD",
      "m" : "4611686018430205114"
    }, {
      "d" : "1756413041742730384",
      "t" : 1756413041742,
      "tn" : 1756413041742730384,
      "q" : "2797",
      "p" : "0.08902",
      "s" : "buy",
      "i" : "LRC_USD",
      "m" : "4611686018430205113"
    }, {
      "d" : "1756413008879630500",
      "t" : 1756413008879,
      "tn" : 1756413008879630500,
      "q" : "727",
      "p" : "0.08889",
      "s" : "buy",
      "i" : "LRC_USD",
      "m" : "4611686018430205112"
    }, {
      "d" : "1756411765463213490",
      "t" : 1756411765463,
      "tn" : 1756411765463213490,
      "q" : "29",
      "p" : "0.08828",
      "s" : "buy",
      "i" : "LRC_USD",
      "m" : "4611686018430205111"
    }, {
      "d" : "1756410186300162232",
      "t" : 1756410186300,
      "tn" : 1756410186300162232,
      "q" : "2914",
      "p" : "0.08843",
      "s" : "sell",
      "i" : "LRC_USD",
      "m" : "4611686018430205110"
    }, {
      "d" : "1756410186300159949",
      "t" : 1756410186300,
      "tn" : 1756410186300159949,
      "q" : "11454",
      "p" : "0.08844",
      "s" : "sell",
      "i" : "LRC_USD",
      "m" : "4611686018430205109"
    }, {
      "d" : "1756410186300156740",
      "t" : 1756410186300,
      "tn" : 1756410186300156740,
      "q" : "1501",
      "p" : "0.08845",
      "s" : "sell",
      "i" : "LRC_USD",
      "m" : "4611686018430205108"
    }, {
      "d" : "1756410182633606023",
      "t" : 1756410182633,
      "tn" : 1756410182633606023,
      "q" : "159",
      "p" : "0.08865",
      "s" : "sell",
      "i" : "LRC_USD",
      "m" : "4611686018430205107"
    }, {
      "d" : "1756409764970230679",
      "t" : 1756409764970,
      "tn" : 1756409764970230679,
      "q" : "125",
      "p" : "0.08890",
      "s" : "buy",
      "i" : "LRC_USD",
      "m" : "4611686018430205106"
    }, {
      "d" : "1756407662013001573",
      "t" : 1756407662013,
      "tn" : 1756407662013001573,
      "q" : "1079",
      "p" : "0.08961",
      "s" : "sell",
      "i" : "LRC_USD",
      "m" : "4611686018430205105"
    }, {
      "d" : "1756407566045552469",
      "t" : 1756407566045,
      "tn" : 1756407566045552469,
      "q" : "1082",
      "p" : "0.08956",
      "s" : "sell",
      "i" : "LRC_USD",
      "m" : "4611686018430205104"
    }, {
      "d" : "1756406689748457289",
      "t" : 1756406689748,
      "tn" : 1756406689748457289,
      "q" : "250",
      "p" : "0.08976",
      "s" : "sell",
      "i" : "LRC_USD",
      "m" : "4611686018430205103"
    }, {
      "d" : "1756406641961427552",
      "t" : 1756406641961,
      "tn" : 1756406641961427552,
      "q" : "60",
      "p" : "0.08962",
      "s" : "buy",
      "i" : "LRC_USD",
      "m" : "4611686018430205102"
    }, {
      "d" : "1756405429114427323",
      "t" : 1756405429114,
      "tn" : 1756405429114427323,
      "q" : "884",
      "p" : "0.08943",
      "s" : "buy",
      "i" : "LRC_USD",
      "m" : "4611686018430205101"
    }, {
      "d" : "1756404183556890762",
      "t" : 1756404183556,
      "tn" : 1756404183556890762,
      "q" : "1068",
      "p" : "0.08972",
      "s" : "buy",
      "i" : "LRC_USD",
      "m" : "4611686018430205100"
    }, {
      "d" : "1756404122436956055",
      "t" : 1756404122436,
      "tn" : 1756404122436956055,
      "q" : "110",
      "p" : "0.08963",
      "s" : "buy",
      "i" : "LRC_USD",
      "m" : "4611686018430205099"
    }, {
      "d" : "1756403672056354033",
      "t" : 1756403672056,
      "tn" : 1756403672056354033,
      "q" : "160",
      "p" : "0.08999",
      "s" : "sell",
      "i" : "LRC_USD",
      "m" : "4611686018430205098"
    }, {
      "d" : "1756403206621412761",
      "t" : 1756403206621,
      "tn" : 1756403206621412761,
      "q" : "100",
      "p" : "0.08972",
      "s" : "buy",
      "i" : "LRC_USD",
      "m" : "4611686018430205097"
    }, {
      "d" : "1756401770476818603",
      "t" : 1756401770476,
      "tn" : 1756401770476818603,
      "q" : "1396",
      "p" : "0.08957",
      "s" : "buy",
      "i" : "LRC_USD",
      "m" : "4611686018430205096"
    }, {
      "d" : "1756401720650951788",
      "t" : 1756401720650,
      "tn" : 1756401720650951788,
      "q" : "189",
      "p" : "0.08921",
      "s" : "buy",
      "i" : "LRC_USD",
      "m" : "4611686018430205095"
    }, {
      "d" : "1756400562299569418",
      "t" : 1756400562299,
      "tn" : 1756400562299569418,
      "q" : "567",
      "p" : "0.08918",
      "s" : "buy",
      "i" : "LRC_USD",
      "m" : "4611686018430205094"
    }, {
      "d" : "1756400339677417819",
      "t" : 1756400339677,
      "tn" : 1756400339677417819,
      "q" : "5992",
      "p" : "0.08929",
      "s" : "buy",
      "i" : "LRC_USD",
      "m" : "4611686018430205093"
    }, {
      "d" : "1756400339676891212",
      "t" : 1756400339676,
      "tn" : 1756400339676891212,
      "q" : "1008",
      "p" : "0.08929",
      "s" : "buy",
      "i" : "LRC_USD",
      "m" : "4611686018430205092"
    }, {
      "d" : "1756400320033936871",
      "t" : 1756400320033,
      "tn" : 1756400320033936871,
      "q" : "153",
      "p" : "0.08941",
      "s" : "sell",
      "i" : "LRC_USD",
      "m" : "4611686018430205091"
    }, {
      "d" : "1756399558792262065",
      "t" : 1756399558792,
      "tn" : 1756399558792262065,
      "q" : "17",
      "p" : "0.09042",
      "s" : "sell",
      "i" : "LRC_USD",
      "m" : "4611686018430205090"
    }, {
      "d" : "1756398617873005702",
      "t" : 1756398617873,
      "tn" : 1756398617873005702,
      "q" : "3368",
      "p" : "0.09084",
      "s" : "sell",
      "i" : "LRC_USD",
      "m" : "4611686018430205089"
    }, {
      "d" : "1756398617873003170",
      "t" : 1756398617873,
      "tn" : 1756398617873003170,
      "q" : "7748",
      "p" : "0.09085",
      "s" : "sell",
      "i" : "LRC_USD",
      "m" : "4611686018430205088"
    }, {
      "d" : "1756398397585266650",
      "t" : 1756398397585,
      "tn" : 1756398397585266650,
      "q" : "2797",
      "p" : "0.09109",
      "s" : "sell",
      "i" : "LRC_USD",
      "m" : "4611686018430205087"
    }, {
      "d" : "1756397796301131615",
      "t" : 1756397796301,
      "tn" : 1756397796301131615,
      "q" : "106",
      "p" : "0.09119",
      "s" : "sell",
      "i" : "LRC_USD",
      "m" : "4611686018430205086"
    }, {
      "d" : "1756397781507282351",
      "t" : 1756397781507,
      "tn" : 1756397781507282351,
      "q" : "200",
      "p" : "0.09086",
      "s" : "buy",
      "i" : "LRC_USD",
      "m" : "4611686018430205085"
    }, {
      "d" : "1756396910529227430",
      "t" : 1756396910529,
      "tn" : 1756396910529227430,
      "q" : "5814",
      "p" : "0.09072",
      "s" : "sell",
      "i" : "LRC_USD",
      "m" : "4611686018430205084"
    }, {
      "d" : "1756396910529224551",
      "t" : 1756396910529,
      "tn" : 1756396910529224551,
      "q" : "825",
      "p" : "0.09073",
      "s" : "sell",
      "i" : "LRC_USD",
      "m" : "4611686018430205083"
    }, {
      "d" : "1756396803589337180",
      "t" : 1756396803589,
      "tn" : 1756396803589337180,
      "q" : "1202",
      "p" : "0.09132",
      "s" : "buy",
      "i" : "LRC_USD",
      "m" : "4611686018430205082"
    }, {
      "d" : "1756396541015192146",
      "t" : 1756396541015,
      "tn" : 1756396541015192146,
      "q" : "9389",
      "p" : "0.09085",
      "s" : "sell",
      "i" : "LRC_USD",
      "m" : "4611686018430205081"
    }, {
      "d" : "1756396541015189817",
      "t" : 1756396541015,
      "tn" : 1756396541015189817,
      "q" : "1650",
      "p" : "0.09086",
      "s" : "sell",
      "i" : "LRC_USD",
      "m" : "4611686018430205080"
    }, {
      "d" : "1756396509021992338",
      "t" : 1756396509021,
      "tn" : 1756396509021992338,
      "q" : "1650",
      "p" : "0.09087",
      "s" : "sell",
      "i" : "LRC_USD",
      "m" : "4611686018430205079"
    }, {
      "d" : "1756396460955212068",
      "t" : 1756396460955,
      "tn" : 1756396460955212068,
      "q" : "142",
      "p" : "0.09118",
      "s" : "sell",
      "i" : "LRC_USD",
      "m" : "4611686018430205078"
    }, {
      "d" : "1756396350854265597",
      "t" : 1756396350854,
      "tn" : 1756396350854265597,
      "q" : "110",
      "p" : "0.09139",
      "s" : "sell",
      "i" : "LRC_USD",
      "m" : "4611686018430205077"
    }, {
      "d" : "1756395741630760207",
      "t" : 1756395741630,
      "tn" : 1756395741630760207,
      "q" : "115",
      "p" : "0.09147",
      "s" : "buy",
      "i" : "LRC_USD",
      "m" : "4611686018430205076"
    }, {
      "d" : "1756395740139005467",
      "t" : 1756395740139,
      "tn" : 1756395740139005467,
      "q" : "1595",
      "p" : "0.09147",
      "s" : "buy",
      "i" : "LRC_USD",
      "m" : "4611686018430205075"
    }, {
      "d" : "1756395740139003463",
      "t" : 1756395740139,
      "tn" : 1756395740139003463,
      "q" : "42",
      "p" : "0.09146",
      "s" : "buy",
      "i" : "LRC_USD",
      "m" : "4611686018430205074"
    }, {
      "d" : "1756395738718514205",
      "t" : 1756395738718,
      "tn" : 1756395738718514205,
      "q" : "1218",
      "p" : "0.09146",
      "s" : "buy",
      "i" : "LRC_USD",
      "m" : "4611686018430205073"
    }, {
      "d" : "1756395737372539240",
      "t" : 1756395737372,
      "tn" : 1756395737372539240,
      "q" : "1201",
      "p" : "0.09147",
      "s" : "buy",
      "i" : "LRC_USD",
      "m" : "4611686018430205072"
    }, {
      "d" : "1756395736119057780",
      "t" : 1756395736119,
      "tn" : 1756395736119057780,
      "q" : "6216",
      "p" : "0.09149",
      "s" : "buy",
      "i" : "LRC_USD",
      "m" : "4611686018430205071"
    }, {
      "d" : "1756395736119056048",
      "t" : 1756395736119,
      "tn" : 1756395736119056048,
      "q" : "9025",
      "p" : "0.09147",
      "s" : "buy",
      "i" : "LRC_USD",
      "m" : "4611686018430205070"
    }, {
      "d" : "1756395736051576720",
      "t" : 1756395736051,
      "tn" : 1756395736051576720,
      "q" : "633",
      "p" : "0.09147",
      "s" : "buy",
      "i" : "LRC_USD",
      "m" : "4611686018430205069"
    }, {
      "d" : "1756395736051574571",
      "t" : 1756395736051,
      "tn" : 1756395736051574571,
      "q" : "567",
      "p" : "0.09146",
      "s" : "buy",
      "i" : "LRC_USD",
      "m" : "4611686018430205068"
    }, {
      "d" : "1756395675755749591",
      "t" : 1756395675755,
      "tn" : 1756395675755749591,
      "q" : "1130",
      "p" : "0.09130",
      "s" : "buy",
      "i" : "LRC_USD",
      "m" : "4611686018430205067"
    }, {
      "d" : "1756395668689363618",
      "t" : 1756395668689,
      "tn" : 1756395668689363618,
      "q" : "1081",
      "p" : "0.09129",
      "s" : "buy",
      "i" : "LRC_USD",
      "m" : "4611686018430205066"
    }, {
      "d" : "1756395668689361693",
      "t" : 1756395668689,
      "tn" : 1756395668689361693,
      "q" : "100",
      "p" : "0.09113",
      "s" : "buy",
      "i" : "LRC_USD",
      "m" : "4611686018430205065"
    }, {
      "d" : "1756394637080358834",
      "t" : 1756394637080,
      "tn" : 1756394637080358834,
      "q" : "1648",
      "p" : "0.09100",
      "s" : "sell",
      "i" : "LRC_USD",
      "m" : "4611686018430205064"
    }, {
      "d" : "1756394273647906830",
      "t" : 1756394273647,
      "tn" : 1756394273647906830,
      "q" : "2504",
      "p" : "0.09140",
      "s" : "buy",
      "i" : "LRC_USD",
      "m" : "4611686018430205063"
    }, {
      "d" : "1756394025595048464",
      "t" : 1756394025595,
      "tn" : 1756394025595048464,
      "q" : "380",
      "p" : "0.09093",
      "s" : "buy",
      "i" : "LRC_USD",
      "m" : "4611686018430205062"
    }, {
      "d" : "1756393912061178544",
      "t" : 1756393912061,
      "tn" : 1756393912061178544,
      "q" : "1070",
      "p" : "0.09083",
      "s" : "buy",
      "i" : "LRC_USD",
      "m" : "4611686018430205061"
    }, {
      "d" : "1756393562899130863",
      "t" : 1756393562899,
      "tn" : 1756393562899130863,
      "q" : "52",
      "p" : "0.09084",
      "s" : "buy",
      "i" : "LRC_USD",
      "m" : "4611686018430205060"
    }, {
      "d" : "1756392681513124879",
      "t" : 1756392681513,
      "tn" : 1756392681513124879,
      "q" : "428",
      "p" : "0.09085",
      "s" : "buy",
      "i" : "LRC_USD",
      "m" : "4611686018430205059"
    }, {
      "d" : "1756391935519171656",
      "t" : 1756391935519,
      "tn" : 1756391935519171656,
      "q" : "45",
      "p" : "0.09106",
      "s" : "sell",
      "i" : "LRC_USD",
      "m" : "4611686018430205058"
    }, {
      "d" : "1756391445993571824",
      "t" : 1756391445993,
      "tn" : 1756391445993571824,
      "q" : "149",
      "p" : "0.09061",
      "s" : "buy",
      "i" : "LRC_USD",
      "m" : "4611686018430205057"
    }, {
      "d" : "1756390755223149576",
      "t" : 1756390755223,
      "tn" : 1756390755223149576,
      "q" : "57",
      "p" : "0.09087",
      "s" : "buy",
      "i" : "LRC_USD",
      "m" : "4611686018430205056"
    }, {
      "d" : "1756389943035091275",
      "t" : 1756389943035,
      "tn" : 1756389943035091275,
      "q" : "120",
      "p" : "0.09105",
      "s" : "buy",
      "i" : "LRC_USD",
      "m" : "4611686018430205055"
    }, {
      "d" : "1756389937484726574",
      "t" : 1756389937484,
      "tn" : 1756389937484726574,
      "q" : "847",
      "p" : "0.09105",
      "s" : "buy",
      "i" : "LRC_USD",
      "m" : "4611686018430205054"
    }, {
      "d" : "1756389937484724534",
      "t" : 1756389937484,
      "tn" : 1756389937484724534,
      "q" : "355",
      "p" : "0.09104",
      "s" : "buy",
      "i" : "LRC_USD",
      "m" : "4611686018430205053"
    }, {
      "d" : "1756389493997543843",
      "t" : 1756389493997,
      "tn" : 1756389493997543843,
      "q" : "1311",
      "p" : "0.09058",
      "s" : "buy",
      "i" : "LRC_USD",
      "m" : "4611686018430205052"
    }, {
      "d" : "1756389051564328789",
      "t" : 1756389051564,
      "tn" : 1756389051564328789,
      "q" : "114",
      "p" : "0.09001",
      "s" : "sell",
      "i" : "LRC_USD",
      "m" : "4611686018430205051"
    }, {
      "d" : "1756389051564326652",
      "t" : 1756389051564,
      "tn" : 1756389051564326652,
      "q" : "1666",
      "p" : "0.09002",
      "s" : "sell",
      "i" : "LRC_USD",
      "m" : "4611686018430205050"
    }, {
      "d" : "1756388542533848439",
      "t" : 1756388542533,
      "tn" : 1756388542533848439,
      "q" : "267",
      "p" : "0.09045",
      "s" : "buy",
      "i" : "LRC_USD",
      "m" : "4611686018430205049"
    }, {
      "d" : "1756388542533846165",
      "t" : 1756388542533,
      "tn" : 1756388542533846165,
      "q" : "933",
      "p" : "0.09044",
      "s" : "buy",
      "i" : "LRC_USD",
      "m" : "4611686018430205048"
    }, {
      "d" : "1756388394780483925",
      "t" : 1756388394780,
      "tn" : 1756388394780483925,
      "q" : "100",
      "p" : "0.09028",
      "s" : "buy",
      "i" : "LRC_USD",
      "m" : "4611686018430205047"
    }, {
      "d" : "1756388110134173499",
      "t" : 1756388110134,
      "tn" : 1756388110134173499,
      "q" : "50",
      "p" : "0.09069",
      "s" : "sell",
      "i" : "LRC_USD",
      "m" : "4611686018430205046"
    }, {
      "d" : "1756387798718986935",
      "t" : 1756387798718,
      "tn" : 1756387798718986935,
      "q" : "80",
      "p" : "0.09040",
      "s" : "buy",
      "i" : "LRC_USD",
      "m" : "4611686018430205045"
    }, {
      "d" : "1756387794224897781",
      "t" : 1756387794224,
      "tn" : 1756387794224897781,
      "q" : "43",
      "p" : "0.09033",
      "s" : "buy",
      "i" : "LRC_USD",
      "m" : "4611686018430205044"
    }, {
      "d" : "1756387542960111153",
      "t" : 1756387542960,
      "tn" : 1756387542960111153,
      "q" : "5419",
      "p" : "0.09042",
      "s" : "buy",
      "i" : "LRC_USD",
      "m" : "4611686018430205043"
    }, {
      "d" : "1756387252000663076",
      "t" : 1756387252000,
      "tn" : 1756387252000663076,
      "q" : "25",
      "p" : "0.09063",
      "s" : "buy",
      "i" : "LRC_USD",
      "m" : "4611686018430205042"
    }, {
      "d" : "1756387157654430781",
      "t" : 1756387157654,
      "tn" : 1756387157654430781,
      "q" : "102",
      "p" : "0.09076",
      "s" : "sell",
      "i" : "LRC_USD",
      "m" : "4611686018430205041"
    }, {
      "d" : "1756386365590577271",
      "t" : 1756386365590,
      "tn" : 1756386365590577271,
      "q" : "1103",
      "p" : "0.09063",
      "s" : "buy",
      "i" : "LRC_USD",
      "m" : "4611686018430205040"
    }, {
      "d" : "1756385725703264825",
      "t" : 1756385725703,
      "tn" : 1756385725703264825,
      "q" : "13",
      "p" : "0.09076",
      "s" : "sell",
      "i" : "LRC_USD",
      "m" : "4611686018430205039"
    }, {
      "d" : "1756385296917997142",
      "t" : 1756385296917,
      "tn" : 1756385296917997142,
      "q" : "100",
      "p" : "0.09067",
      "s" : "buy",
      "i" : "LRC_USD",
      "m" : "4611686018430205038"
    }, {
      "d" : "1756384772949897036",
      "t" : 1756384772949,
      "tn" : 1756384772949897036,
      "q" : "180",
      "p" : "0.09051",
      "s" : "buy",
      "i" : "LRC_USD",
      "m" : "4611686018430205037"
    }, {
      "d" : "1756384682358517504",
      "t" : 1756384682358,
      "tn" : 1756384682358517504,
      "q" : "51",
      "p" : "0.09063",
      "s" : "sell",
      "i" : "LRC_USD",
      "m" : "4611686018430205036"
    }, {
      "d" : "1756384643400940640",
      "t" : 1756384643400,
      "tn" : 1756384643400940640,
      "q" : "2",
      "p" : "0.09044",
      "s" : "buy",
      "i" : "LRC_USD",
      "m" : "4611686018430205035"
    }, {
      "d" : "1756384643400930800",
      "t" : 1756384643400,
      "tn" : 1756384643400930800,
      "q" : "332",
      "p" : "0.09044",
      "s" : "buy",
      "i" : "LRC_USD",
      "m" : "4611686018430205034"
    }, {
      "d" : "1756384587562141124",
      "t" : 1756384587562,
      "tn" : 1756384587562141124,
      "q" : "200",
      "p" : "0.09046",
      "s" : "buy",
      "i" : "LRC_USD",
      "m" : "4611686018430205033"
    }, {
      "d" : "1756384320105215797",
      "t" : 1756384320105,
      "tn" : 1756384320105215797,
      "q" : "40",
      "p" : "0.09061",
      "s" : "buy",
      "i" : "LRC_USD",
      "m" : "4611686018430205032"
    }, {
      "d" : "1756384297168121336",
      "t" : 1756384297168,
      "tn" : 1756384297168121336,
      "q" : "1297",
      "p" : "0.09066",
      "s" : "buy",
      "i" : "LRC_USD",
      "m" : "4611686018430205031"
    }, {
      "d" : "1756384294850359554",
      "t" : 1756384294850,
      "tn" : 1756384294850359554,
      "q" : "1103",
      "p" : "0.09066",
      "s" : "buy",
      "i" : "LRC_USD",
      "m" : "4611686018430205030"
    }, {
      "d" : "1756384294085894425",
      "t" : 1756384294085,
      "tn" : 1756384294085894425,
      "q" : "1201",
      "p" : "0.09066",
      "s" : "buy",
      "i" : "LRC_USD",
      "m" : "4611686018430205029"
    }, {
      "d" : "1756383981130282813",
      "t" : 1756383981130,
      "tn" : 1756383981130282813,
      "q" : "51",
      "p" : "0.09022",
      "s" : "buy",
      "i" : "LRC_USD",
      "m" : "4611686018430205028"
    }, {
      "d" : "1756383902384423711",
      "t" : 1756383902384,
      "tn" : 1756383902384423711,
      "q" : "5495",
      "p" : "0.09015",
      "s" : "buy",
      "i" : "LRC_USD",
      "m" : "4611686018430205027"
    }, {
      "d" : "1756383757781560489",
      "t" : 1756383757781,
      "tn" : 1756383757781560489,
      "q" : "8046",
      "p" : "0.09033",
      "s" : "buy",
      "i" : "LRC_USD",
      "m" : "4611686018430205026"
    }, {
      "d" : "1756383095871644713",
      "t" : 1756383095871,
      "tn" : 1756383095871644713,
      "q" : "219",
      "p" : "0.09078",
      "s" : "buy",
      "i" : "LRC_USD",
      "m" : "4611686018430205025"
    }, {
      "d" : "1756383095871642565",
      "t" : 1756383095871,
      "tn" : 1756383095871642565,
      "q" : "219",
      "p" : "0.09078",
      "s" : "buy",
      "i" : "LRC_USD",
      "m" : "4611686018430205024"
    }, {
      "d" : "1756383095871640394",
      "t" : 1756383095871,
      "tn" : 1756383095871640394,
      "q" : "219",
      "p" : "0.09078",
      "s" : "buy",
      "i" : "LRC_USD",
      "m" : "4611686018430205023"
    } ]
  }
}