{
  "id" : -1,
  "method" : "public/get-trades",
  "code" : 0,
  "result" : {
    "data" : [ {
      "d" : "1756459868371082366",
      "t" : 1756459868371,
      "tn" : 1756459868371082366,
      "q" : "1",
      "p" : "0.08678",
      "s" : "buy",
      "i" : "LRCUSD-PERP",
      "m" : "4611686018430588936"
    }, {
      "d" : "1756459556870896080",
      "t" : 1756459556870,
      "tn" : 1756459556870896080,
      "q" : "1",
      "p" : "0.08674",
      "s" : "buy",
      "i" : "LRCUSD-PERP",
      "m" : "4611686018430588935"
    }, {
      "d" : "1756458182842491512",
      "t" : 1756458182842,
      "tn" : 1756458182842491511,
      "q" : "1",
      "p" : "0.08561",
      "s" : "sell",
      "i" : "LRCUSD-PERP",
      "m" : "4611686018430588934"
    }, {
      "d" : "1756458182842491511",
      "t" : 1756458182842,
      "tn" : 1756458182842491511,
      "q" : "1",
      "p" : "0.08561",
      "s" : "sell",
      "i" : "LRCUSD-PERP",
      "m" : "4611686018430588934"
    }, {
      "d" : "1756458159802519863",
      "t" : 1756458159802,
      "tn" : 1756458159802519863,
      "q" : "1",
      "p" : "0.08587",
      "s" : "sell",
      "i" : "LRCUSD-PERP",
      "m" : "4611686018430588933"
    }, {
      "d" : "1756455681350812544",
      "t" : 1756455681350,
      "tn" : 1756455681350812543,
      "q" : "1",
      "p" : "0.08669",
      "s" : "sell",
      "i" : "LRCUSD-PERP",
      "m" : "4611686018430588932"
    }, {
      "d" : "1756455681350812543",
      "t" : 1756455681350,
      "tn" : 1756455681350812543,
      "q" : "1",
      "p" : "0.08669",
      "s" : "sell",
      "i" : "LRCUSD-PERP",
      "m" : "4611686018430588932"
    }, {
      "d" : "1756454653270787505",
      "t" : 1756454653270,
      "tn" : 1756454653270787504,
      "q" : "1",
      "p" : "0.08736",
      "s" : "sell",
      "i" : "LRCUSD-PERP",
      "m" : "4611686018430588931"
    }, {
      "d" : "1756454653270787504",
      "t" : 1756454653270,
      "tn" : 1756454653270787504,
      "q" : "1",
      "p" : "0.08736",
      "s" : "sell",
      "i" : "LRCUSD-PERP",
      "m" : "4611686018430588931"
    }, {
      "d" : "1756452101890572316",
      "t" : 1756452101890,
      "tn" : 1756452101890572316,
      "q" : "1",
      "p" : "0.08802",
      "s" : "buy",
      "i" : "LRCUSD-PERP",
      "m" : "4611686018430588930"
    }, {
      "d" : "1756451677310725597",
      "t" : 1756451677310,
      "tn" : 1756451677310725597,
      "q" : "1",
      "p" : "0.08799",
      "s" : "sell",
      "i" : "LRCUSD-PERP",
      "m" : "4611686018430588929"
    }, {
      "d" : "1756451672188726387",
      "t" : 1756451672188,
      "tn" : 1756451672188726387,
      "q" : "21595",
      "p" : "0.08794",
      "s" : "sell",
      "i" : "LRCUSD-PERP",
      "m" : "4611686018430588928"
    }, {
      "d" : "1756451672188481828",
      "t" : 1756451672188,
      "tn" : 1756451672188481828,
      "q" : "1177",
      "p" : "0.08794",
      "s" : "sell",
      "i" : "LRCUSD-PERP",
      "m" : "4611686018430588927"
    }, {
      "d" : "1756451665228248753",
      "t" : 1756451665228,
      "tn" : 1756451665228248753,
      "q" : "1",
      "p" : "0.08798",
      "s" : "sell",
      "i" : "LRCUSD-PERP",
      "m" : "4611686018430588926"
    }, {
      "d" : "1756451665228246943",
      "t" : 1756451665228,
      "tn" : 1756451665228246943,
      "q" : "1",
      "p" : "0.08799",
      "s" : "sell",
      "i" : "LRCUSD-PERP",
      "m" : "4611686018430588925"
    }, {
      "d" : "1756451251811249997",
      "t" : 1756451251811,
      "tn" : 1756451251811249997,
      "q" : "1",
      "p" : "0.08860",
      "s" : "sell",
      "i" : "LRCUSD-PERP",
      "m" : "4611686018430588924"
    }, {
      "d" : "1756444664270599278",
      "t" : 1756444664270,
      "tn" : 1756444664270599278,
      "q" : "1",
      "p" : "0.08960",
      "s" : "sell",
      "i" : "LRCUSD-PERP",
      "m" : "4611686018430588923"
    }, {
      "d" : "1756444664270597245",
      "t" : 1756444664270,
      "tn" : 1756444664270597245,
      "q" : "1",
      "p" : "0.08961",
      "s" : "sell",
      "i" : "LRCUSD-PERP",
      "m" : "4611686018430588922"
    }, {
      "d" : "1756443205490809705",
      "t" : 1756443205490,
      "tn" : 1756443205490809705,
      "q" : "1",
      "p" : "0.08976",
      "s" : "sell",
      "i" : "LRCUSD-PERP",
      "m" : "4611686018430588921"
    }, {
      "d" : "1756443205490807355",
      "t" : 1756443205490,
      "tn" : 1756443205490807355,
      "q" : "1",
      "p" : "0.08977",
      "s" : "sell",
      "i" : "LRCUSD-PERP",
      "m" : "4611686018430588920"
    }, {
      "d" : "1756443144090704328",
      "t" : 1756443144090,
      "tn" : 1756443144090704328,
      "q" : "1",
      "p" : "0.09000",
      "s" : "sell",
      "i" : "LRCUSD-PERP",
      "m" : "4611686018430588919"
    }, {
      "d" : "1756443144090702340",
      "t" : 1756443144090,
      "tn" : 1756443144090702340,
      "q" : "1",
      "p" : "0.09001",
      "s" : "sell",
      "i" : "LRCUSD-PERP",
      "m" : "4611686018430588918"
    }, {
      "d" : "1756442909770525863",
      "t" : 1756442909770,
      "tn" : 1756442909770525863,
      "q" : "1",
      "p" : "0.09008",
      "s" : "sell",
      "i" : "LRCUSD-PERP",
      "m" : "4611686018430588917"
    }, {
      "d" : "1756439693530346919",
      "t" : 1756439693530,
      "tn" : 1756439693530346919,
      "q" : "1",
      "p" : "0.09062",
      "s" : "buy",
      "i" : "LRCUSD-PERP",
      "m" : "4611686018430588916"
    }, {
      "d" : "1756438685370642684",
      "t" : 1756438685370,
      "tn" : 1756438685370642684,
      "q" : "1",
      "p" : "0.09042",
      "s" : "buy",
      "i" : "LRCUSD-PERP",
      "m" : "4611686018430588915"
    }, {
      "d" : "1756436892797841322",
      "t" : 1756436892797,
      "tn" : 1756436892797841322,
      "q" : "1",
      "p" : "0.09027",
      "s" : "buy",
      "i" : "LRCUSD-PERP",
      "m" : "4611686018430588914"
    }, {
      "d" : "1756434237691126147",
      "t" : 1756434237691,
      "tn" : 1756434237691126147,
      "q" : "1",
      "p" : "0.09073",
      "s" : "buy",
      "i" : "LRCUSD-PERP",
      "m" : "4611686018430588913"
    }, {
      "d" : "1756433611190769613",
      "t" : 1756433611190,
      "tn" : 1756433611190769613,
      "q" : "1",
      "p" : "0.08998",
      "s" : "buy",
      "i" : "LRCUSD-PERP",
      "m" : "4611686018430588912"
    }, {
      "d" : "1756432532770721251",
      "t" : 1756432532770,
      "tn" : 1756432532770721251,
      "q" : "1",
      "p" : "0.08972",
      "s" : "sell",
      "i" : "LRCUSD-PERP",
      "m" : "4611686018430588911"
    }, {
      "d" : "1756432532770719029",
      "t" : 1756432532770,
      "tn" : 1756432532770719029,
      "q" : "1",
      "p" : "0.08973",
      "s" : "sell",
      "i" : "LRCUSD-PERP",
      "m" : "4611686018430588910"
    }, {
      "d" : "1756432081950618952",
      "t" : 1756432081950,
      "tn" : 1756432081950618952,
      "q" : "1",
      "p" : "0.08981",
      "s" : "sell",
      "i" : "LRCUSD-PERP",
      "m" : "4611686018430588909"
    }, {
      "d" : "1756430474730914926",
      "t" : 1756430474730,
      "tn" : 1756430474730914926,
      "q" : "1",
      "p" : "0.08973",
      "s" : "sell",
      "i" : "LRCUSD-PERP",
      "m" : "4611686018430588908"
    }, {
      "d" : "1756430474730912890",
      "t" : 1756430474730,
      "tn" : 1756430474730912890,
      "q" : "1",
      "p" : "0.08974",
      "s" : "sell",
      "i" : "LRCUSD-PERP",
      "m" : "4611686018430588907"
    }, {
      "d" : "1756429522190433269",
      "t" : 1756429522190,
      "tn" : 1756429522190433269,
      "q" : "1",
      "p" : "0.09027",
      "s" : "sell",
      "i" : "LRCUSD-PERP",
      "m" : "4611686018430588906"
    }, {
      "d" : "1756429522190431180",
      "t" : 1756429522190,
      "tn" : 1756429522190431180,
      "q" : "1",
      "p" : "0.09028",
      "s" : "sell",
      "i" : "LRCUSD-PERP",
      "m" : "4611686018430588905"
    }, {
      "d" : "1756429347970431572",
      "t" : 1756429347970,
      "tn" : 1756429347970431572,
      "q" : "1",
      "p" : "0.09043",
      "s" : "sell",
      "i" : "LRCUSD-PERP",
      "m" : "4611686018430588904"
    }, {
      "d" : "1756428868050982688",
      "t" : 1756428868050,
      "tn" : 1756428868050982688,
      "q" : "1",
      "p" : "0.09035",
      "s" : "sell",
      "i" : "LRCUSD-PERP",
      "m" : "4611686018430588903"
    }, {
      "d" : "1756428868050979735",
      "t" : 1756428868050,
      "tn" : 1756428868050979735,
      "q" : "1",
      "p" : "0.09036",
      "s" : "sell",
      "i" : "LRCUSD-PERP",
      "m" : "4611686018430588902"
    }, {
      "d" : "1756427630550809241",
      "t" : 1756427630550,
      "tn" : 1756427630550809241,
      "q" : "1",
      "p" : "0.09069",
      "s" : "sell",
      "i" : "LRCUSD-PERP",
      "m" : "4611686018430588901"
    }, {
      "d" : "1756421020570533538",
      "t" : 1756421020570,
      "tn" : 1756421020570533538,
      "q" : "1",
      "p" : "0.08998",
      "s" : "sell",
      "i" : "LRCUSD-PERP",
      "m" : "4611686018430588900"
    }, {
      "d" : "1756419783465849530",
      "t" : 1756419783465,
      "tn" : 1756419783465849530,
      "q" : "1",
      "p" : "0.09000",
      "s" : "buy",
      "i" : "LRCUSD-PERP",
      "m" : "4611686018430588899"
    }, {
      "d" : "1756416362161959759",
      "t" : 1756416362161,
      "tn" : 1756416362161959759,
      "q" : "1",
      "p" : "0.08971",
      "s" : "sell",
      "i" : "LRCUSD-PERP",
      "m" : "4611686018430588898"
    }, {
      "d" : "1756416362090779248",
      "t" : 1756416362090,
      "tn" : 1756416362090779248,
      "q" : "1",
      "p" : "0.08969",
      "s" : "sell",
      "i" : "LRCUSD-PERP",
      "m" : "4611686018430588897"
    }, {
      "d" : "1756416362090777254",
      "t" : 1756416362090,
      "tn" : 1756416362090777254,
      "q" : "1",
      "p" : "0.08970",
      "s" : "sell",
      "i" : "LRCUSD-PERP",
      "m" : "4611686018430588896"
    }, {
      "d" : "1756414123890204648",
      "t" : 1756414123890,
      "tn" : 1756414123890204648,
      "q" : "1",
      "p" : "0.08907",
      "s" : "sell",
      "i" : "LRCUSD-PERP",
      "m" : "4611686018430588895"
    }, {
      "d" : "1756414123890202890",
      "t" : 1756414123890,
      "tn" : 1756414123890202890,
      "q" : "1",
      "p" : "0.08908",
      "s" : "sell",
      "i" : "LRCUSD-PERP",
      "m" : "4611686018430588894"
    }, {
      "d" : "1756412469562006632",
      "t" : 1756412469562,
      "tn" : 1756412469562006632,
      "q" : "1",
      "p" : "0.08888",
      "s" : "sell",
      "i" : "LRCUSD-PERP",
      "m" : "4611686018430588893"
    }, {
      "d" : "1756412469562004751",
      "t" : 1756412469562,
      "tn" : 1756412469562004751,
      "q" : "1",
      "p" : "0.08889",
      "s" : "sell",
      "i" : "LRCUSD-PERP",
      "m" : "4611686018430588892"
    }, {
      "d" : "1756410735970318825",
      "t" : 1756410735970,
      "tn" : 1756410735970318825,
      "q" : "1",
      "p" : "0.08845",
      "s" : "sell",
      "i" : "LRCUSD-PERP",
      "m" : "4611686018430588891"
    }, {
      "d" : "1756406441242074581",
      "t" : 1756406441242,
      "tn" : 1756406441242074581,
      "q" : "11658",
      "p" : "0.09000",
      "s" : "buy",
      "i" : "LRCUSD-PERP",
      "m" : "4611686018430588890"
    }, {
      "d" : "1756400958611009754",
      "t" : 1756400958611,
      "tn" : 1756400958611009754,
      "q" : "1",
      "p" : "0.08911",
      "s" : "sell",
      "i" : "LRCUSD-PERP",
      "m" : "4611686018430588889"
    }, {
      "d" : "1756400140850916503",
      "t" : 1756400140850,
      "tn" : 1756400140850916503,
      "q" : "1",
      "p" : "0.08965",
      "s" : "sell",
      "i" : "LRCUSD-PERP",
      "m" : "4611686018430588888"
    }, {
      "d" : "1756400140850914560",
      "t" : 1756400140850,
      "tn" : 1756400140850914560,
      "q" : "1",
      "p" : "0.08966",
      "s" : "sell",
      "i" : "LRCUSD-PERP",
      "m" : "4611686018430588887"
    }, {
      "d" : "1756399688050420785",
      "t" : 1756399688050,
      "tn" : 1756399688050420785,
      "q" : "1",
      "p" : "0.09007",
      "s" : "sell",
      "i" : "LRCUSD-PERP",
      "m" : "4611686018430588886"
    }, {
      "d" : "1756399688050418438",
      "t" : 1756399688050,
      "tn" : 1756399688050418438,
      "q" : "1",
      "p" : "0.09008",
      "s" : "sell",
      "i" : "LRCUSD-PERP",
      "m" : "4611686018430588885"
    }, {
      "d" : "1756399395230239074",
      "t" : 1756399395230,
      "tn" : 1756399395230239074,
      "q" : "1",
      "p" : "0.09043",
      "s" : "sell",
      "i" : "LRCUSD-PERP",
      "m" : "4611686018430588884"
    }, {
      "d" : "1756399395230236658",
      "t" : 1756399395230,
      "tn" : 1756399395230236658,
      "q" : "1",
      "p" : "0.09044",
      "s" : "sell",
      "i" : "LRCUSD-PERP",
      "m" : "4611686018430588883"
    }, {
      "d" : "1756398653270335442",
      "t" : 1756398653270,
      "tn" : 1756398653270335442,
      "q" : "1",
      "p" : "0.09070",
      "s" : "sell",
      "i" : "LRCUSD-PERP",
      "m" : "4611686018430588882"
    }, {
      "d" : "1756398088749760421",
      "t" : 1756398088749,
      "tn" : 1756398088749760421,
      "q" : "1",
      "p" : "0.09106",
      "s" : "sell",
      "i" : "LRCUSD-PERP",
      "m" : "4611686018430588881"
    }, {
      "d" : "1756398088749757974",
      "t" : 1756398088749,
      "tn" : 1756398088749757974,
      "q" : "1",
      "p" : "0.09107",
      "s" : "sell",
      "i" : "LRCUSD-PERP",
      "m" : "4611686018430588880"
    }, {
      "d" : "1756397208849696558",
      "t" : 1756397208849,
      "tn" : 1756397208849696558,
      "q" : "1",
      "p" : "0.09108",
      "s" : "sell",
      "i" : "LRCUSD-PERP",
      "m" : "4611686018430588879"
    }, {
      "d" : "1756397208849694115",
      "t" : 1756397208849,
      "tn" : 1756397208849694115,
      "q" : "1",
      "p" : "0.09109",
      "s" : "sell",
      "i" : "LRCUSD-PERP",
      "m" : "4611686018430588878"
    }, {
      "d" : "1756397119750503063",
      "t" : 1756397119750,
      "tn" : 1756397119750503063,
      "q" : "1",
      "p" : "0.09107",
      "s" : "sell",
      "i" : "LRCUSD-PERP",
      "m" : "4611686018430588877"
    }, {
      "d" : "1756397119750500727",
      "t" : 1756397119750,
      "tn" : 1756397119750500727,
      "q" : "1",
      "p" : "0.09108",
      "s" : "sell",
      "i" : "LRCUSD-PERP",
      "m" : "4611686018430588876"
    }, {
      "d" : "1756396915782702910",
      "t" : 1756396915782,
      "tn" : 1756396915782702910,
      "q" : "1",
      "p" : "0.09073",
      "s" : "sell",
      "i" : "LRCUSD-PERP",
      "m" : "4611686018430588875"
    }, {
      "d" : "1756396915782700971",
      "t" : 1756396915782,
      "tn" : 1756396915782700971,
      "q" : "1",
      "p" : "0.09074",
      "s" : "sell",
      "i" : "LRCUSD-PERP",
      "m" : "4611686018430588874"
    }, {
      "d" : "1756396175113861071",
      "t" : 1756396175113,
      "tn" : 1756396175113861071,
      "q" : "1",
      "p" : "0.09110",
      "s" : "sell",
      "i" : "LRCUSD-PERP",
      "m" : "4611686018430588873"
    }, {
      "d" : "1756394794211524600",
      "t" : 1756394794211,
      "tn" : 1756394794211524600,
      "q" : "1",
      "p" : "0.09084",
      "s" : "sell",
      "i" : "LRCUSD-PERP",
      "m" : "4611686018430588872"
    }, {
      "d" : "1756393446599681061",
      "t" : 1756393446599,
      "tn" : 1756393446599681061,
      "q" : "1",
      "p" : "0.09121",
      "s" : "buy",
      "i" : "LRCUSD-PERP",
      "m" : "4611686018430588871"
    }, {
      "d" : "1756392079870832667",
      "t" : 1756392079870,
      "tn" : 1756392079870832667,
      "q" : "1",
      "p" : "0.09107",
      "s" : "sell",
      "i" : "LRCUSD-PERP",
      "m" : "4611686018430588870"
    }, {
      "d" : "1756392079870830336",
      "t" : 1756392079870,
      "tn" : 1756392079870830336,
      "q" : "1",
      "p" : "0.09108",
      "s" : "sell",
      "i" : "LRCUSD-PERP",
      "m" : "4611686018430588869"
    }, {
      "d" : "1756392074471062977",
      "t" : 1756392074471,
      "tn" : 1756392074471062977,
      "q" : "1",
      "p" : "0.09107",
      "s" : "sell",
      "i" : "LRCUSD-PERP",
      "m" : "4611686018430588868"
    }, {
      "d" : "1756392074471061092",
      "t" : 1756392074471,
      "tn" : 1756392074471061092,
      "q" : "1",
      "p" : "0.09108",
      "s" : "sell",
      "i" : "LRCUSD-PERP",
      "m" : "4611686018430588867"
    }, {
      "d" : "1756390233510910325",
      "t" : 1756390233510,
      "tn" : 1756390233510910325,
      "q" : "1",
      "p" : "0.09100",
      "s" : "buy",
      "i" : "LRCUSD-PERP",
      "m" : "4611686018430588866"
    }, {
      "d" : "1756389050950602997",
      "t" : 1756389050950,
      "tn" : 1756389050950602997,
      "q" : "1",
      "p" : "0.09014",
      "s" : "sell",
      "i" : "LRCUSD-PERP",
      "m" : "4611686018430588865"
    }, {
      "d" : "1756388754070989598",
      "t" : 1756388754070,
      "tn" : 1756388754070989598,
      "q" : "1",
      "p" : "0.09027",
      "s" : "sell",
      "i" : "LRCUSD-PERP",
      "m" : "4611686018430588864"
    }, {
      "d" : "1756388156150983064",
      "t" : 1756388156150,
      "tn" : 1756388156150983064,
      "q" : "1",
      "p" : "0.09047",
      "s" : "sell",
      "i" : "LRCUSD-PERP",
      "m" : "4611686018430588863"
    }, {
      "d" : "1756387706350856576",
      "t" : 1756387706350,
      "tn" : 1756387706350856576,
      "q" : "1",
      "p" : "0.09049",
      "s" : "sell",
      "i" : "LRCUSD-PERP",
      "m" : "4611686018430588862"
    }, {
      "d" : "1756385967351574032",
      "t" : 1756385967351,
      "tn" : 1756385967351574032,
      "q" : "1",
      "p" : "0.09045",
      "s" : "sell",
      "i" : "LRCUSD-PERP",
      "m" : "4611686018430588861"
    }, {
      "d" : "1756385967351571316",
      "t" : 1756385967351,
      "tn" : 1756385967351571316,
      "q" : "1",
      "p" : "0.09046",
      "s" : "sell",
      "i" : "LRCUSD-PERP",
      "m" : "4611686018430588860"
    }, {
      "d" : "1756385886270821488",
      "t" : 1756385886270,
      "tn" : 1756385886270821488,
      "q" : "1",
      "p" : "0.09046",
      "s" : "sell",
      "i" : "LRCUSD-PERP",
      "m" : "4611686018430588859"
    }, {
      "d" : "1756385789082344731",
      "t" : 1756385789082,
      "tn" : 1756385789082344731,
      "q" : "1",
      "p" : "0.09065",
      "s" : "sell",
      "i" : "LRCUSD-PERP",
      "m" : "4611686018430588858"
    }, {
      "d" : "1756385789003454226",
      "t" : 1756385789003,
      "tn" : 1756385789003454226,
      "q" : "1",
      "p" : "0.09066",
      "s" : "sell",
      "i" : "LRCUSD-PERP",
      "m" : "4611686018430588857"
    }, {
      "d" : "1756385594310765208",
      "t" : 1756385594310,
      "tn" : 1756385594310765208,
      "q" : "1",
      "p" : "0.09078",
      "s" : "sell",
      "i" : "LRCUSD-PERP",
      "m" : "4611686018430588856"
    }, {
      "d" : "1756385594310762288",
      "t" : 1756385594310,
      "tn" : 1756385594310762288,
      "q" : "1",
      "p" : "0.09079",
      "s" : "sell",
      "i" : "LRCUSD-PERP",
      "m" : "4611686018430588855"
    }, {
      "d" : "1756385441130772733",
      "t" : 1756385441130,
      "tn" : 1756385441130772733,
      "q" : "1",
      "p" : "0.09080",
      "s" : "sell",
      "i" : "LRCUSD-PERP",
      "m" : "4611686018430588854"
    }, {
      "d" : "1756385290773937325",
      "t" : 1756385290773,
      "tn" : 1756385290773937325,
      "q" : "1",
      "p" : "0.09078",
      "s" : "sell",
      "i" : "LRCUSD-PERP",
      "m" : "4611686018430588853"
    }, {
      "d" : "1756384641270864298",
      "t" : 1756384641270,
      "tn" : 1756384641270864298,
      "q" : "1",
      "p" : "0.09069",
      "s" : "buy",
      "i" : "LRCUSD-PERP",
      "m" : "4611686018430588852"
    }, {
      "d" : "1756384582551142366",
      "t" : 1756384582551,
      "tn" : 1756384582551142366,
      "q" : "1",
      "p" : "0.09064",
      "s" : "buy",
      "i" : "LRCUSD-PERP",
      "m" : "4611686018430588851"
    }, {
      "d" : "1756384518850934242",
      "t" : 1756384518850,
      "tn" : 1756384518850934242,
      "q" : "1",
      "p" : "0.09055",
      "s" : "sell",
      "i" : "LRCUSD-PERP",
      "m" : "4611686018430588850"
    }, {
      "d" : "1756384457511566237",
      "t" : 1756384457511,
      "tn" : 1756384457511566237,
      "q" : "1",
      "p" : "0.09065",
      "s" : "sell",
      "i" : "LRCUSD-PERP",
      "m" : "4611686018430588849"
    }, {
      "d" : "1756378004390357679",
      "t" : 1756378004390,
      "tn" : 1756378004390357679,
      "q" : "1",
      "p" : "0.09056",
      "s" : "sell",
      "i" : "LRCUSD-PERP",
      "m" : "4611686018430588848"
    } ]
  }
}