{
  "id" : -1,
  "method" : "public/get-trades",
  "code" : 0,
  "result" : {
    "data" : [ {
      "d" : "1756461615848030544",
      "t" : 1756461615848,
      "tn" : 1756461615848030544,
      "q" : "0.011",
      "p" : "110.236",
      "s" : "sell",
      "i" : "LTC_USD",
      "m" : "4611686018437365327"
    }, {
      "d" : "1756461615461562911",
      "t" : 1756461615461,
      "tn" : 1756461615461562911,
      "q" : "0.011",
      "p" : "110.239",
      "s" : "sell",
      "i" : "LTC_USD",
      "m" : "4611686018437365326"
    }, {
      "d" : "1756461615454511705",
      "t" : 1756461615454,
      "tn" : 1756461615454511705,
      "q" : "0.011",
      "p" : "110.237",
      "s" : "sell",
      "i" : "LTC_USD",
      "m" : "4611686018437365325"
    }, {
      "d" : "1756461614694680738",
      "t" : 1756461614694,
      "tn" : 1756461614694680738,
      "q" : "0.011",
      "p" : "110.241",
      "s" : "sell",
      "i" : "LTC_USD",
      "m" : "4611686018437365324"
    }, {
      "d" : "1756461614468270354",
      "t" : 1756461614468,
      "tn" : 1756461614468270354,
      "q" : "0.011",
      "p" : "110.241",
      "s" : "sell",
      "i" : "LTC_USD",
      "m" : "4611686018437365323"
    }, {
      "d" : "1756461614457599358",
      "t" : 1756461614457,
      "tn" : 1756461614457599358,
      "q" : "0.018",
      "p" : "110.242",
      "s" : "sell",
      "i" : "LTC_USD",
      "m" : "4611686018437365322"
    }, {
      "d" : "1756461593701643136",
      "t" : 1756461593701,
      "tn" : 1756461593701643136,
      "q" : "0.011",
      "p" : "110.291",
      "s" : "sell",
      "i" : "LTC_USD",
      "m" : "4611686018437365321"
    }, {
      "d" : "1756461541346241185",
      "t" : 1756461541346,
      "tn" : 1756461541346241184,
      "q" : "0.011",
      "p" : "110.282",
      "s" : "buy",
      "i" : "LTC_USD",
      "m" : "4611686018437365320"
    }, {
      "d" : "1756461541346241184",
      "t" : 1756461541346,
      "tn" : 1756461541346241184,
      "q" : "0.018",
      "p" : "110.282",
      "s" : "buy",
      "i" : "LTC_USD",
      "m" : "4611686018437365320"
    }, {
      "d" : "1756461541262471607",
      "t" : 1756461541262,
      "tn" : 1756461541262471607,
      "q" : "0.011",
      "p" : "110.272",
      "s" : "buy",
      "i" : "LTC_USD",
      "m" : "4611686018437365319"
    }, {
      "d" : "1756461534360110841",
      "t" : 1756461534360,
      "tn" : 1756461534360110841,
      "q" : "0.011",
      "p" : "110.262",
      "s" : "buy",
      "i" : "LTC_USD",
      "m" : "4611686018437365318"
    }, {
      "d" : "1756461498711698680",
      "t" : 1756461498711,
      "tn" : 1756461498711698680,
      "q" : "0.018",
      "p" : "110.287",
      "s" : "sell",
      "i" : "LTC_USD",
      "m" : "4611686018437365317"
    }, {
      "d" : "1756461491846239967",
      "t" : 1756461491846,
      "tn" : 1756461491846239967,
      "q" : "0.018",
      "p" : "110.310",
      "s" : "sell",
      "i" : "LTC_USD",
      "m" : "4611686018437365316"
    }, {
      "d" : "1756461466971080934",
      "t" : 1756461466971,
      "tn" : 1756461466971080934,
      "q" : "0.271",
      "p" : "110.317",
      "s" : "buy",
      "i" : "LTC_USD",
      "m" : "4611686018437365315"
    }, {
      "d" : "1756461423379884436",
      "t" : 1756461423379,
      "tn" : 1756461423379884436,
      "q" : "0.011",
      "p" : "110.291",
      "s" : "sell",
      "i" : "LTC_USD",
      "m" : "4611686018437365314"
    }, {
      "d" : "1756461406385708304",
      "t" : 1756461406385,
      "tn" : 1756461406385708304,
      "q" : "0.021",
      "p" : "110.270",
      "s" : "buy",
      "i" : "LTC_USD",
      "m" : "4611686018437365313"
    }, {
      "d" : "1756461393708896768",
      "t" : 1756461393708,
      "tn" : 1756461393708896768,
      "q" : "2.202",
      "p" : "110.252",
      "s" : "buy",
      "i" : "LTC_USD",
      "m" : "4611686018437365312"
    }, {
      "d" : "1756461385977446239",
      "t" : 1756461385977,
      "tn" : 1756461385977446239,
      "q" : "0.011",
      "p" : "110.271",
      "s" : "sell",
      "i" : "LTC_USD",
      "m" : "4611686018437365311"
    }, {
      "d" : "1756461383693835228",
      "t" : 1756461383693,
      "tn" : 1756461383693835228,
      "q" : "0.018",
      "p" : "110.292",
      "s" : "sell",
      "i" : "LTC_USD",
      "m" : "4611686018437365310"
    }, {
      "d" : "1756461376601069081",
      "t" : 1756461376601,
      "tn" : 1756461376601069081,
      "q" : "1.797",
      "p" : "110.295",
      "s" : "sell",
      "i" : "LTC_USD",
      "m" : "4611686018437365309"
    }, {
      "d" : "1756461363670533872",
      "t" : 1756461363670,
      "tn" : 1756461363670533872,
      "q" : "0.934",
      "p" : "110.283",
      "s" : "buy",
      "i" : "LTC_USD",
      "m" : "4611686018437365308"
    }, {
      "d" : "1756461363627418214",
      "t" : 1756461363627,
      "tn" : 1756461363627418214,
      "q" : "1.047",
      "p" : "110.283",
      "s" : "buy",
      "i" : "LTC_USD",
      "m" : "4611686018437365307"
    }, {
      "d" : "1756461339896536890",
      "t" : 1756461339896,
      "tn" : 1756461339896536890,
      "q" : "0.011",
      "p" : "110.282",
      "s" : "buy",
      "i" : "LTC_USD",
      "m" : "4611686018437365306"
    }, {
      "d" : "1756461339048916686",
      "t" : 1756461339048,
      "tn" : 1756461339048916686,
      "q" : "0.011",
      "p" : "110.274",
      "s" : "buy",
      "i" : "LTC_USD",
      "m" : "4611686018437365305"
    }, {
      "d" : "1756461309589611866",
      "t" : 1756461309589,
      "tn" : 1756461309589611865,
      "q" : "2.231",
      "p" : "110.300",
      "s" : "sell",
      "i" : "LTC_USD",
      "m" : "4611686018437365304"
    }, {
      "d" : "1756461309589611865",
      "t" : 1756461309589,
      "tn" : 1756461309589611865,
      "q" : "0.035",
      "p" : "110.300",
      "s" : "sell",
      "i" : "LTC_USD",
      "m" : "4611686018437365304"
    }, {
      "d" : "1756461305468981448",
      "t" : 1756461305468,
      "tn" : 1756461305468981447,
      "q" : "0.907",
      "p" : "110.310",
      "s" : "sell",
      "i" : "LTC_USD",
      "m" : "4611686018437365303"
    }, {
      "d" : "1756461305468981447",
      "t" : 1756461305468,
      "tn" : 1756461305468981447,
      "q" : "0.011",
      "p" : "110.310",
      "s" : "sell",
      "i" : "LTC_USD",
      "m" : "4611686018437365303"
    }, {
      "d" : "1756461300147732853",
      "t" : 1756461300147,
      "tn" : 1756461300147732853,
      "q" : "0.011",
      "p" : "110.302",
      "s" : "buy",
      "i" : "LTC_USD",
      "m" : "4611686018437365302"
    }, {
      "d" : "1756461290903225290",
      "t" : 1756461290903,
      "tn" : 1756461290903225290,
      "q" : "0.011",
      "p" : "110.282",
      "s" : "buy",
      "i" : "LTC_USD",
      "m" : "4611686018437365301"
    }, {
      "d" : "1756461281164582132",
      "t" : 1756461281164,
      "tn" : 1756461281164582132,
      "q" : "0.011",
      "p" : "110.273",
      "s" : "buy",
      "i" : "LTC_USD",
      "m" : "4611686018437365300"
    }, {
      "d" : "1756461275421908921",
      "t" : 1756461275421,
      "tn" : 1756461275421908921,
      "q" : "0.011",
      "p" : "110.262",
      "s" : "buy",
      "i" : "LTC_USD",
      "m" : "4611686018437365299"
    }, {
      "d" : "1756461275121727317",
      "t" : 1756461275121,
      "tn" : 1756461275121727317,
      "q" : "0.011",
      "p" : "110.252",
      "s" : "buy",
      "i" : "LTC_USD",
      "m" : "4611686018437365298"
    }, {
      "d" : "1756461254578392507",
      "t" : 1756461254578,
      "tn" : 1756461254578392507,
      "q" : "0.011",
      "p" : "110.231",
      "s" : "sell",
      "i" : "LTC_USD",
      "m" : "4611686018437365297"
    }, {
      "d" : "1756461254550758873",
      "t" : 1756461254550,
      "tn" : 1756461254550758873,
      "q" : "0.027",
      "p" : "110.239",
      "s" : "sell",
      "i" : "LTC_USD",
      "m" : "4611686018437365296"
    }, {
      "d" : "1756461254473139340",
      "t" : 1756461254473,
      "tn" : 1756461254473139340,
      "q" : "0.011",
      "p" : "110.247",
      "s" : "sell",
      "i" : "LTC_USD",
      "m" : "4611686018437365295"
    }, {
      "d" : "1756461191808707878",
      "t" : 1756461191808,
      "tn" : 1756461191808707878,
      "q" : "0.011",
      "p" : "110.241",
      "s" : "sell",
      "i" : "LTC_USD",
      "m" : "4611686018437365294"
    }, {
      "d" : "1756461189954836343",
      "t" : 1756461189954,
      "tn" : 1756461189954836342,
      "q" : "1.202",
      "p" : "110.271",
      "s" : "sell",
      "i" : "LTC_USD",
      "m" : "4611686018437365293"
    }, {
      "d" : "1756461189954836342",
      "t" : 1756461189954,
      "tn" : 1756461189954836342,
      "q" : "0.011",
      "p" : "110.271",
      "s" : "sell",
      "i" : "LTC_USD",
      "m" : "4611686018437365293"
    }, {
      "d" : "1756461171907824954",
      "t" : 1756461171907,
      "tn" : 1756461171907824954,
      "q" : "0.011",
      "p" : "110.231",
      "s" : "sell",
      "i" : "LTC_USD",
      "m" : "4611686018437365292"
    }, {
      "d" : "1756461158104336604",
      "t" : 1756461158104,
      "tn" : 1756461158104336604,
      "q" : "0.011",
      "p" : "110.271",
      "s" : "sell",
      "i" : "LTC_USD",
      "m" : "4611686018437365291"
    }, {
      "d" : "1756461141137396070",
      "t" : 1756461141137,
      "tn" : 1756461141137396070,
      "q" : "0.011",
      "p" : "110.281",
      "s" : "sell",
      "i" : "LTC_USD",
      "m" : "4611686018437365290"
    }, {
      "d" : "1756461130996539383",
      "t" : 1756461130996,
      "tn" : 1756461130996539383,
      "q" : "0.591",
      "p" : "110.302",
      "s" : "buy",
      "i" : "LTC_USD",
      "m" : "4611686018437365289"
    }, {
      "d" : "1756461130996060831",
      "t" : 1756461130996,
      "tn" : 1756461130996060831,
      "q" : "5.000",
      "p" : "110.302",
      "s" : "buy",
      "i" : "LTC_USD",
      "m" : "4611686018437365288"
    }, {
      "d" : "1756461130075408548",
      "t" : 1756461130075,
      "tn" : 1756461130075408548,
      "q" : "2.918",
      "p" : "110.302",
      "s" : "buy",
      "i" : "LTC_USD",
      "m" : "4611686018437365287"
    }, {
      "d" : "1756461127488895079",
      "t" : 1756461127488,
      "tn" : 1756461127488895079,
      "q" : "0.661",
      "p" : "110.302",
      "s" : "buy",
      "i" : "LTC_USD",
      "m" : "4611686018437365286"
    }, {
      "d" : "1756461127478744120",
      "t" : 1756461127478,
      "tn" : 1756461127478744120,
      "q" : "0.167",
      "p" : "110.301",
      "s" : "buy",
      "i" : "LTC_USD",
      "m" : "4611686018437365285"
    }, {
      "d" : "1756461121048032120",
      "t" : 1756461121048,
      "tn" : 1756461121048032120,
      "q" : "0.011",
      "p" : "110.291",
      "s" : "sell",
      "i" : "LTC_USD",
      "m" : "4611686018437365284"
    }, {
      "d" : "1756461119781366993",
      "t" : 1756461119781,
      "tn" : 1756461119781366993,
      "q" : "0.011",
      "p" : "110.292",
      "s" : "buy",
      "i" : "LTC_USD",
      "m" : "4611686018437365283"
    }, {
      "d" : "1756461117227595856",
      "t" : 1756461117227,
      "tn" : 1756461117227595856,
      "q" : "0.018",
      "p" : "110.275",
      "s" : "buy",
      "i" : "LTC_USD",
      "m" : "4611686018437365282"
    }, {
      "d" : "1756461117180881349",
      "t" : 1756461117180,
      "tn" : 1756461117180881349,
      "q" : "0.011",
      "p" : "110.272",
      "s" : "buy",
      "i" : "LTC_USD",
      "m" : "4611686018437365281"
    }, {
      "d" : "1756461116027461715",
      "t" : 1756461116027,
      "tn" : 1756461116027461715,
      "q" : "0.011",
      "p" : "110.262",
      "s" : "buy",
      "i" : "LTC_USD",
      "m" : "4611686018437365280"
    }, {
      "d" : "1756461114491976822",
      "t" : 1756461114491,
      "tn" : 1756461114491976822,
      "q" : "0.011",
      "p" : "110.232",
      "s" : "buy",
      "i" : "LTC_USD",
      "m" : "4611686018437365279"
    }, {
      "d" : "1756461111894520895",
      "t" : 1756461111894,
      "tn" : 1756461111894520895,
      "q" : "0.011",
      "p" : "110.250",
      "s" : "sell",
      "i" : "LTC_USD",
      "m" : "4611686018437365278"
    }, {
      "d" : "1756461103194644327",
      "t" : 1756461103194,
      "tn" : 1756461103194644326,
      "q" : "0.835",
      "p" : "110.267",
      "s" : "buy",
      "i" : "LTC_USD",
      "m" : "4611686018437365277"
    }, {
      "d" : "1756461103194644326",
      "t" : 1756461103194,
      "tn" : 1756461103194644326,
      "q" : "0.476",
      "p" : "110.267",
      "s" : "buy",
      "i" : "LTC_USD",
      "m" : "4611686018437365277"
    }, {
      "d" : "1756461088796127470",
      "t" : 1756461088796,
      "tn" : 1756461088796127470,
      "q" : "0.011",
      "p" : "110.262",
      "s" : "buy",
      "i" : "LTC_USD",
      "m" : "4611686018437365276"
    }, {
      "d" : "1756461087855366198",
      "t" : 1756461087855,
      "tn" : 1756461087855366198,
      "q" : "0.018",
      "p" : "110.247",
      "s" : "buy",
      "i" : "LTC_USD",
      "m" : "4611686018437365275"
    }, {
      "d" : "1756461087689583493",
      "t" : 1756461087689,
      "tn" : 1756461087689583493,
      "q" : "0.011",
      "p" : "110.242",
      "s" : "buy",
      "i" : "LTC_USD",
      "m" : "4611686018437365274"
    }, {
      "d" : "1756461084423391209",
      "t" : 1756461084423,
      "tn" : 1756461084423391209,
      "q" : "0.011",
      "p" : "110.212",
      "s" : "buy",
      "i" : "LTC_USD",
      "m" : "4611686018437365273"
    }, {
      "d" : "1756461079144744276",
      "t" : 1756461079144,
      "tn" : 1756461079144744276,
      "q" : "4.625",
      "p" : "110.235",
      "s" : "buy",
      "i" : "LTC_USD",
      "m" : "4611686018437365272"
    }, {
      "d" : "1756461079144742137",
      "t" : 1756461079144,
      "tn" : 1756461079144742136,
      "q" : "0.476",
      "p" : "110.232",
      "s" : "buy",
      "i" : "LTC_USD",
      "m" : "4611686018437365271"
    }, {
      "d" : "1756461079144742136",
      "t" : 1756461079144,
      "tn" : 1756461079144742136,
      "q" : "1.797",
      "p" : "110.232",
      "s" : "buy",
      "i" : "LTC_USD",
      "m" : "4611686018437365271"
    }, {
      "d" : "1756461066038572445",
      "t" : 1756461066038,
      "tn" : 1756461066038572445,
      "q" : "0.011",
      "p" : "110.223",
      "s" : "buy",
      "i" : "LTC_USD",
      "m" : "4611686018437365270"
    }, {
      "d" : "1756461061207543434",
      "t" : 1756461061207,
      "tn" : 1756461061207543434,
      "q" : "0.167",
      "p" : "110.269",
      "s" : "buy",
      "i" : "LTC_USD",
      "m" : "4611686018437365269"
    }, {
      "d" : "1756461054393393366",
      "t" : 1756461054393,
      "tn" : 1756461054393393366,
      "q" : "0.011",
      "p" : "110.264",
      "s" : "buy",
      "i" : "LTC_USD",
      "m" : "4611686018437365268"
    }, {
      "d" : "1756461050114127628",
      "t" : 1756461050114,
      "tn" : 1756461050114127628,
      "q" : "0.011",
      "p" : "110.247",
      "s" : "buy",
      "i" : "LTC_USD",
      "m" : "4611686018437365267"
    }, {
      "d" : "1756461021160884184",
      "t" : 1756461021160,
      "tn" : 1756461021160884184,
      "q" : "0.011",
      "p" : "110.272",
      "s" : "buy",
      "i" : "LTC_USD",
      "m" : "4611686018437365266"
    }, {
      "d" : "1756461013372454097",
      "t" : 1756461013372,
      "tn" : 1756461013372454097,
      "q" : "0.591",
      "p" : "110.282",
      "s" : "sell",
      "i" : "LTC_USD",
      "m" : "4611686018437365265"
    }, {
      "d" : "1756461013023631784",
      "t" : 1756461013023,
      "tn" : 1756461013023631783,
      "q" : "1.797",
      "p" : "110.283",
      "s" : "buy",
      "i" : "LTC_USD",
      "m" : "4611686018437365264"
    }, {
      "d" : "1756461013023631783",
      "t" : 1756461013023,
      "tn" : 1756461013023631783,
      "q" : "0.011",
      "p" : "110.283",
      "s" : "buy",
      "i" : "LTC_USD",
      "m" : "4611686018437365264"
    }, {
      "d" : "1756461012697110580",
      "t" : 1756461012697,
      "tn" : 1756461012697110580,
      "q" : "1.517",
      "p" : "110.301",
      "s" : "sell",
      "i" : "LTC_USD",
      "m" : "4611686018437365263"
    }, {
      "d" : "1756461010379129828",
      "t" : 1756461010379,
      "tn" : 1756461010379129828,
      "q" : "0.010",
      "p" : "110.321",
      "s" : "sell",
      "i" : "LTC_USD",
      "m" : "4611686018437365262"
    }, {
      "d" : "1756461010379127799",
      "t" : 1756461010379,
      "tn" : 1756461010379127799,
      "q" : "0.018",
      "p" : "110.323",
      "s" : "sell",
      "i" : "LTC_USD",
      "m" : "4611686018437365261"
    }, {
      "d" : "1756461007653254584",
      "t" : 1756461007653,
      "tn" : 1756461007653254584,
      "q" : "0.188",
      "p" : "110.341",
      "s" : "sell",
      "i" : "LTC_USD",
      "m" : "4611686018437365260"
    }, {
      "d" : "1756461002328762333",
      "t" : 1756461002328,
      "tn" : 1756461002328762333,
      "q" : "0.011",
      "p" : "110.323",
      "s" : "buy",
      "i" : "LTC_USD",
      "m" : "4611686018437365259"
    }, {
      "d" : "1756460972826208318",
      "t" : 1756460972826,
      "tn" : 1756460972826208318,
      "q" : "0.011",
      "p" : "110.370",
      "s" : "sell",
      "i" : "LTC_USD",
      "m" : "4611686018437365258"
    }, {
      "d" : "1756460956459046159",
      "t" : 1756460956459,
      "tn" : 1756460956459046159,
      "q" : "1.696",
      "p" : "110.362",
      "s" : "buy",
      "i" : "LTC_USD",
      "m" : "4611686018437365257"
    }, {
      "d" : "1756460947033755115",
      "t" : 1756460947033,
      "tn" : 1756460947033755115,
      "q" : "0.011",
      "p" : "110.313",
      "s" : "buy",
      "i" : "LTC_USD",
      "m" : "4611686018437365256"
    }, {
      "d" : "1756460946730245403",
      "t" : 1756460946730,
      "tn" : 1756460946730245403,
      "q" : "0.011",
      "p" : "110.302",
      "s" : "buy",
      "i" : "LTC_USD",
      "m" : "4611686018437365255"
    }, {
      "d" : "1756460945264562891",
      "t" : 1756460945264,
      "tn" : 1756460945264562891,
      "q" : "0.011",
      "p" : "110.311",
      "s" : "sell",
      "i" : "LTC_USD",
      "m" : "4611686018437365254"
    }, {
      "d" : "1756460944455913895",
      "t" : 1756460944455,
      "tn" : 1756460944455913895,
      "q" : "0.011",
      "p" : "110.341",
      "s" : "sell",
      "i" : "LTC_USD",
      "m" : "4611686018437365253"
    }, {
      "d" : "1756460932339808439",
      "t" : 1756460932339,
      "tn" : 1756460932339808439,
      "q" : "0.011",
      "p" : "110.363",
      "s" : "buy",
      "i" : "LTC_USD",
      "m" : "4611686018437365252"
    }, {
      "d" : "1756460931993688917",
      "t" : 1756460931993,
      "tn" : 1756460931993688916,
      "q" : "0.011",
      "p" : "110.352",
      "s" : "buy",
      "i" : "LTC_USD",
      "m" : "4611686018437365251"
    }, {
      "d" : "1756460931993688916",
      "t" : 1756460931993,
      "tn" : 1756460931993688916,
      "q" : "0.018",
      "p" : "110.352",
      "s" : "buy",
      "i" : "LTC_USD",
      "m" : "4611686018437365251"
    }, {
      "d" : "1756460930276665729",
      "t" : 1756460930276,
      "tn" : 1756460930276665729,
      "q" : "0.011",
      "p" : "110.342",
      "s" : "buy",
      "i" : "LTC_USD",
      "m" : "4611686018437365250"
    }, {
      "d" : "1756460929913709264",
      "t" : 1756460929913,
      "tn" : 1756460929913709264,
      "q" : "0.011",
      "p" : "110.334",
      "s" : "buy",
      "i" : "LTC_USD",
      "m" : "4611686018437365249"
    }, {
      "d" : "1756460926665964124",
      "t" : 1756460926665,
      "tn" : 1756460926665964124,
      "q" : "0.011",
      "p" : "110.371",
      "s" : "sell",
      "i" : "LTC_USD",
      "m" : "4611686018437365248"
    }, {
      "d" : "1756460926628263573",
      "t" : 1756460926628,
      "tn" : 1756460926628263573,
      "q" : "0.018",
      "p" : "110.380",
      "s" : "sell",
      "i" : "LTC_USD",
      "m" : "4611686018437365247"
    }, {
      "d" : "1756460922501874460",
      "t" : 1756460922501,
      "tn" : 1756460922501874460,
      "q" : "0.018",
      "p" : "110.379",
      "s" : "buy",
      "i" : "LTC_USD",
      "m" : "4611686018437365246"
    }, {
      "d" : "1756460921673812280",
      "t" : 1756460921673,
      "tn" : 1756460921673812280,
      "q" : "0.011",
      "p" : "110.363",
      "s" : "buy",
      "i" : "LTC_USD",
      "m" : "4611686018437365245"
    }, {
      "d" : "1756460916755991124",
      "t" : 1756460916755,
      "tn" : 1756460916755991124,
      "q" : "0.018",
      "p" : "110.379",
      "s" : "sell",
      "i" : "LTC_USD",
      "m" : "4611686018437365244"
    }, {
      "d" : "1756460908643525850",
      "t" : 1756460908643,
      "tn" : 1756460908643525849,
      "q" : "0.011",
      "p" : "110.382",
      "s" : "buy",
      "i" : "LTC_USD",
      "m" : "4611686018437365243"
    }, {
      "d" : "1756460908643525849",
      "t" : 1756460908643,
      "tn" : 1756460908643525849,
      "q" : "0.018",
      "p" : "110.382",
      "s" : "buy",
      "i" : "LTC_USD",
      "m" : "4611686018437365243"
    }, {
      "d" : "1756460908214007455",
      "t" : 1756460908214,
      "tn" : 1756460908214007455,
      "q" : "0.011",
      "p" : "110.372",
      "s" : "buy",
      "i" : "LTC_USD",
      "m" : "4611686018437365242"
    }, {
      "d" : "1756460904139659420",
      "t" : 1756460904139,
      "tn" : 1756460904139659420,
      "q" : "0.011",
      "p" : "110.363",
      "s" : "buy",
      "i" : "LTC_USD",
      "m" : "4611686018437365241"
    }, {
      "d" : "1756460904104888469",
      "t" : 1756460904104,
      "tn" : 1756460904104888469,
      "q" : "0.018",
      "p" : "110.366",
      "s" : "buy",
      "i" : "LTC_USD",
      "m" : "4611686018437365240"
    }, {
      "d" : "1756460904104885946",
      "t" : 1756460904104,
      "tn" : 1756460904104885946,
      "q" : "0.011",
      "p" : "110.363",
      "s" : "buy",
      "i" : "LTC_USD",
      "m" : "4611686018437365239"
    }, {
      "d" : "1756460904057273168",
      "t" : 1756460904057,
      "tn" : 1756460904057273168,
      "q" : "0.011",
      "p" : "110.363",
      "s" : "buy",
      "i" : "LTC_USD",
      "m" : "4611686018437365238"
    }, {
      "d" : "1756460903626378118",
      "t" : 1756460903626,
      "tn" : 1756460903626378118,
      "q" : "0.011",
      "p" : "110.352",
      "s" : "buy",
      "i" : "LTC_USD",
      "m" : "4611686018437365237"
    }, {
      "d" : "1756460900564051949",
      "t" : 1756460900564,
      "tn" : 1756460900564051949,
      "q" : "0.011",
      "p" : "110.323",
      "s" : "buy",
      "i" : "LTC_USD",
      "m" : "4611686018437365236"
    }, {
      "d" : "1756460894499024187",
      "t" : 1756460894499,
      "tn" : 1756460894499024187,
      "q" : "0.018",
      "p" : "110.352",
      "s" : "sell",
      "i" : "LTC_USD",
      "m" : "4611686018437365235"
    }, {
      "d" : "1756460894492348908",
      "t" : 1756460894492,
      "tn" : 1756460894492348908,
      "q" : "1.402",
      "p" : "110.359",
      "s" : "sell",
      "i" : "LTC_USD",
      "m" : "4611686018437365234"
    }, {
      "d" : "1756460894459891358",
      "t" : 1756460894459,
      "tn" : 1756460894459891358,
      "q" : "0.936",
      "p" : "110.359",
      "s" : "sell",
      "i" : "LTC_USD",
      "m" : "4611686018437365233"
    }, {
      "d" : "1756460893527662647",
      "t" : 1756460893527,
      "tn" : 1756460893527662647,
      "q" : "0.011",
      "p" : "110.357",
      "s" : "buy",
      "i" : "LTC_USD",
      "m" : "4611686018437365232"
    }, {
      "d" : "1756460866075114826",
      "t" : 1756460866075,
      "tn" : 1756460866075114826,
      "q" : "0.011",
      "p" : "110.302",
      "s" : "buy",
      "i" : "LTC_USD",
      "m" : "4611686018437365231"
    }, {
      "d" : "1756460840084903600",
      "t" : 1756460840084,
      "tn" : 1756460840084903600,
      "q" : "0.011",
      "p" : "110.222",
      "s" : "buy",
      "i" : "LTC_USD",
      "m" : "4611686018437365230"
    }, {
      "d" : "1756460838983239488",
      "t" : 1756460838983,
      "tn" : 1756460838983239488,
      "q" : "0.840",
      "p" : "110.211",
      "s" : "buy",
      "i" : "LTC_USD",
      "m" : "4611686018437365229"
    }, {
      "d" : "1756460838969019034",
      "t" : 1756460838969,
      "tn" : 1756460838969019034,
      "q" : "0.018",
      "p" : "110.210",
      "s" : "buy",
      "i" : "LTC_USD",
      "m" : "4611686018437365228"
    }, {
      "d" : "1756460838954674767",
      "t" : 1756460838954,
      "tn" : 1756460838954674767,
      "q" : "0.011",
      "p" : "110.203",
      "s" : "buy",
      "i" : "LTC_USD",
      "m" : "4611686018437365227"
    }, {
      "d" : "1756460838723629929",
      "t" : 1756460838723,
      "tn" : 1756460838723629929,
      "q" : "0.011",
      "p" : "110.192",
      "s" : "buy",
      "i" : "LTC_USD",
      "m" : "4611686018437365226"
    }, {
      "d" : "1756460837295729741",
      "t" : 1756460837295,
      "tn" : 1756460837295729741,
      "q" : "0.011",
      "p" : "110.183",
      "s" : "buy",
      "i" : "LTC_USD",
      "m" : "4611686018437365225"
    }, {
      "d" : "1756460836864152205",
      "t" : 1756460836864,
      "tn" : 1756460836864152205,
      "q" : "0.011",
      "p" : "110.172",
      "s" : "buy",
      "i" : "LTC_USD",
      "m" : "4611686018437365224"
    }, {
      "d" : "1756460834604557732",
      "t" : 1756460834604,
      "tn" : 1756460834604557732,
      "q" : "0.018",
      "p" : "110.153",
      "s" : "buy",
      "i" : "LTC_USD",
      "m" : "4611686018437365223"
    }, {
      "d" : "1756460834177422416",
      "t" : 1756460834177,
      "tn" : 1756460834177422416,
      "q" : "0.011",
      "p" : "110.142",
      "s" : "buy",
      "i" : "LTC_USD",
      "m" : "4611686018437365222"
    }, {
      "d" : "1756460809905371440",
      "t" : 1756460809905,
      "tn" : 1756460809905371440,
      "q" : "0.011",
      "p" : "110.123",
      "s" : "buy",
      "i" : "LTC_USD",
      "m" : "4611686018437365221"
    }, {
      "d" : "1756460809725660656",
      "t" : 1756460809725,
      "tn" : 1756460809725660656,
      "q" : "0.011",
      "p" : "110.112",
      "s" : "buy",
      "i" : "LTC_USD",
      "m" : "4611686018437365220"
    }, {
      "d" : "1756460805372785634",
      "t" : 1756460805372,
      "tn" : 1756460805372785634,
      "q" : "0.018",
      "p" : "110.183",
      "s" : "sell",
      "i" : "LTC_USD",
      "m" : "4611686018437365219"
    }, {
      "d" : "1756460804022942322",
      "t" : 1756460804022,
      "tn" : 1756460804022942322,
      "q" : "8.118",
      "p" : "110.191",
      "s" : "sell",
      "i" : "LTC_USD",
      "m" : "4611686018437365218"
    }, {
      "d" : "1756460804006879070",
      "t" : 1756460804006,
      "tn" : 1756460804006879070,
      "q" : "1.264",
      "p" : "110.191",
      "s" : "sell",
      "i" : "LTC_USD",
      "m" : "4611686018437365217"
    }, {
      "d" : "1756460803891476153",
      "t" : 1756460803891,
      "tn" : 1756460803891476152,
      "q" : "0.011",
      "p" : "110.184",
      "s" : "buy",
      "i" : "LTC_USD",
      "m" : "4611686018437365216"
    }, {
      "d" : "1756460803891476152",
      "t" : 1756460803891,
      "tn" : 1756460803891476152,
      "q" : "1.797",
      "p" : "110.184",
      "s" : "buy",
      "i" : "LTC_USD",
      "m" : "4611686018437365216"
    }, {
      "d" : "1756460801746404805",
      "t" : 1756460801746,
      "tn" : 1756460801746404805,
      "q" : "0.011",
      "p" : "110.193",
      "s" : "buy",
      "i" : "LTC_USD",
      "m" : "4611686018437365215"
    }, {
      "d" : "1756460793320895734",
      "t" : 1756460793320,
      "tn" : 1756460793320895734,
      "q" : "1.265",
      "p" : "110.181",
      "s" : "buy",
      "i" : "LTC_USD",
      "m" : "4611686018437365214"
    }, {
      "d" : "1756460793320770592",
      "t" : 1756460793320,
      "tn" : 1756460793320770592,
      "q" : "0.235",
      "p" : "110.181",
      "s" : "buy",
      "i" : "LTC_USD",
      "m" : "4611686018437365213"
    }, {
      "d" : "1756460788671042983",
      "t" : 1756460788671,
      "tn" : 1756460788671042983,
      "q" : "0.011",
      "p" : "110.174",
      "s" : "buy",
      "i" : "LTC_USD",
      "m" : "4611686018437365212"
    }, {
      "d" : "1756460778121452470",
      "t" : 1756460778121,
      "tn" : 1756460778121452470,
      "q" : "0.011",
      "p" : "110.172",
      "s" : "buy",
      "i" : "LTC_USD",
      "m" : "4611686018437365211"
    }, {
      "d" : "1756460777759857006",
      "t" : 1756460777759,
      "tn" : 1756460777759857006,
      "q" : "0.011",
      "p" : "110.159",
      "s" : "buy",
      "i" : "LTC_USD",
      "m" : "4611686018437365210"
    }, {
      "d" : "1756460777742283825",
      "t" : 1756460777742,
      "tn" : 1756460777742283824,
      "q" : "0.336",
      "p" : "110.160",
      "s" : "buy",
      "i" : "LTC_USD",
      "m" : "4611686018437365209"
    }, {
      "d" : "1756460777742283824",
      "t" : 1756460777742,
      "tn" : 1756460777742283824,
      "q" : "0.408",
      "p" : "110.160",
      "s" : "buy",
      "i" : "LTC_USD",
      "m" : "4611686018437365209"
    }, {
      "d" : "1756460776612283210",
      "t" : 1756460776612,
      "tn" : 1756460776612283210,
      "q" : "0.011",
      "p" : "110.145",
      "s" : "buy",
      "i" : "LTC_USD",
      "m" : "4611686018437365208"
    }, {
      "d" : "1756460767909678603",
      "t" : 1756460767909,
      "tn" : 1756460767909678603,
      "q" : "0.073",
      "p" : "110.172",
      "s" : "sell",
      "i" : "LTC_USD",
      "m" : "4611686018437365207"
    }, {
      "d" : "1756460746293331141",
      "t" : 1756460746293,
      "tn" : 1756460746293331141,
      "q" : "0.011",
      "p" : "110.092",
      "s" : "buy",
      "i" : "LTC_USD",
      "m" : "4611686018437365206"
    }, {
      "d" : "1756460735576980166",
      "t" : 1756460735576,
      "tn" : 1756460735576980166,
      "q" : "0.011",
      "p" : "110.072",
      "s" : "buy",
      "i" : "LTC_USD",
      "m" : "4611686018437365205"
    }, {
      "d" : "1756460734186530819",
      "t" : 1756460734186,
      "tn" : 1756460734186530819,
      "q" : "0.011",
      "p" : "110.055",
      "s" : "buy",
      "i" : "LTC_USD",
      "m" : "4611686018437365204"
    }, {
      "d" : "1756460726230049997",
      "t" : 1756460726230,
      "tn" : 1756460726230049997,
      "q" : "0.011",
      "p" : "110.044",
      "s" : "buy",
      "i" : "LTC_USD",
      "m" : "4611686018437365203"
    }, {
      "d" : "1756460725085692214",
      "t" : 1756460725085,
      "tn" : 1756460725085692214,
      "q" : "1.382",
      "p" : "110.054",
      "s" : "buy",
      "i" : "LTC_USD",
      "m" : "4611686018437365202"
    }, {
      "d" : "1756460725085690423",
      "t" : 1756460725085,
      "tn" : 1756460725085690423,
      "q" : "1.797",
      "p" : "110.053",
      "s" : "buy",
      "i" : "LTC_USD",
      "m" : "4611686018437365201"
    }, {
      "d" : "1756460725085688125",
      "t" : 1756460725085,
      "tn" : 1756460725085688125,
      "q" : "0.477",
      "p" : "110.052",
      "s" : "buy",
      "i" : "LTC_USD",
      "m" : "4611686018437365200"
    }, {
      "d" : "1756460714664651835",
      "t" : 1756460714664,
      "tn" : 1756460714664651835,
      "q" : "0.011",
      "p" : "110.042",
      "s" : "buy",
      "i" : "LTC_USD",
      "m" : "4611686018437365199"
    }, {
      "d" : "1756460714054420458",
      "t" : 1756460714054,
      "tn" : 1756460714054420458,
      "q" : "0.018",
      "p" : "110.040",
      "s" : "buy",
      "i" : "LTC_USD",
      "m" : "4611686018437365198"
    }, {
      "d" : "1756460713970127016",
      "t" : 1756460713970,
      "tn" : 1756460713970127016,
      "q" : "0.011",
      "p" : "110.022",
      "s" : "buy",
      "i" : "LTC_USD",
      "m" : "4611686018437365197"
    }, {
      "d" : "1756460703521754358",
      "t" : 1756460703521,
      "tn" : 1756460703521754358,
      "q" : "1.057",
      "p" : "110.061",
      "s" : "sell",
      "i" : "LTC_USD",
      "m" : "4611686018437365196"
    }, {
      "d" : "1756460703441250872",
      "t" : 1756460703441,
      "tn" : 1756460703441250872,
      "q" : "0.993",
      "p" : "110.061",
      "s" : "sell",
      "i" : "LTC_USD",
      "m" : "4611686018437365195"
    }, {
      "d" : "1756460699303715557",
      "t" : 1756460699303,
      "tn" : 1756460699303715557,
      "q" : "0.010",
      "p" : "110.046",
      "s" : "buy",
      "i" : "LTC_USD",
      "m" : "4611686018437365194"
    }, {
      "d" : "1756460656203856420",
      "t" : 1756460656203,
      "tn" : 1756460656203856420,
      "q" : "0.018",
      "p" : "110.022",
      "s" : "buy",
      "i" : "LTC_USD",
      "m" : "4611686018437365193"
    }, {
      "d" : "1756460654040859420",
      "t" : 1756460654040,
      "tn" : 1756460654040859420,
      "q" : "3.852",
      "p" : "110.012",
      "s" : "buy",
      "i" : "LTC_USD",
      "m" : "4611686018437365192"
    }, {
      "d" : "1756460648472368341",
      "t" : 1756460648472,
      "tn" : 1756460648472368341,
      "q" : "0.011",
      "p" : "110.027",
      "s" : "sell",
      "i" : "LTC_USD",
      "m" : "4611686018437365191"
    }, {
      "d" : "1756460627998331212",
      "t" : 1756460627998,
      "tn" : 1756460627998331212,
      "q" : "0.011",
      "p" : "110.041",
      "s" : "sell",
      "i" : "LTC_USD",
      "m" : "4611686018437365190"
    }, {
      "d" : "1756460604256317841",
      "t" : 1756460604256,
      "tn" : 1756460604256317841,
      "q" : "0.708",
      "p" : "109.977",
      "s" : "buy",
      "i" : "LTC_USD",
      "m" : "4611686018437365189"
    } ]
  }
}