{
  "id" : -1,
  "method" : "public/get-trades",
  "code" : 0,
  "result" : {
    "data" : [ {
      "d" : "1756461614530794994",
      "t" : 1756461614530,
      "tn" : 1756461614530794994,
      "q" : "0.011",
      "p" : "110.224",
      "s" : "sell",
      "i" : "LTC_USDT",
      "m" : "4611686018437900909"
    }, {
      "d" : "1756461614492034743",
      "t" : 1756461614492,
      "tn" : 1756461614492034743,
      "q" : "0.011",
      "p" : "110.224",
      "s" : "sell",
      "i" : "LTC_USDT",
      "m" : "4611686018437900908"
    }, {
      "d" : "1756461614492032620",
      "t" : 1756461614492,
      "tn" : 1756461614492032620,
      "q" : "0.018",
      "p" : "110.225",
      "s" : "sell",
      "i" : "LTC_USDT",
      "m" : "4611686018437900907"
    }, {
      "d" : "1756461603400406887",
      "t" : 1756461603400,
      "tn" : 1756461603400406887,
      "q" : "0.018",
      "p" : "110.242",
      "s" : "sell",
      "i" : "LTC_USDT",
      "m" : "4611686018437900906"
    }, {
      "d" : "1756461593722564531",
      "t" : 1756461593722,
      "tn" : 1756461593722564531,
      "q" : "0.018",
      "p" : "110.273",
      "s" : "sell",
      "i" : "LTC_USDT",
      "m" : "4611686018437900905"
    }, {
      "d" : "1756461555887864591",
      "t" : 1756461555887,
      "tn" : 1756461555887864591,
      "q" : "0.413",
      "p" : "110.280",
      "s" : "sell",
      "i" : "LTC_USDT",
      "m" : "4611686018437900904"
    }, {
      "d" : "1756461541336380221",
      "t" : 1756461541336,
      "tn" : 1756461541336380221,
      "q" : "0.011",
      "p" : "110.266",
      "s" : "buy",
      "i" : "LTC_USDT",
      "m" : "4611686018437900903"
    }, {
      "d" : "1756461541336378035",
      "t" : 1756461541336,
      "tn" : 1756461541336378035,
      "q" : "0.018",
      "p" : "110.265",
      "s" : "buy",
      "i" : "LTC_USDT",
      "m" : "4611686018437900902"
    }, {
      "d" : "1756461541252809964",
      "t" : 1756461541252,
      "tn" : 1756461541252809964,
      "q" : "0.011",
      "p" : "110.256",
      "s" : "buy",
      "i" : "LTC_USDT",
      "m" : "4611686018437900901"
    }, {
      "d" : "1756461534361212996",
      "t" : 1756461534361,
      "tn" : 1756461534361212996,
      "q" : "0.011",
      "p" : "110.246",
      "s" : "buy",
      "i" : "LTC_USDT",
      "m" : "4611686018437900900"
    }, {
      "d" : "1756461532677126630",
      "t" : 1756461532677,
      "tn" : 1756461532677126630,
      "q" : "0.011",
      "p" : "110.216",
      "s" : "buy",
      "i" : "LTC_USDT",
      "m" : "4611686018437900899"
    }, {
      "d" : "1756461492517375117",
      "t" : 1756461492517,
      "tn" : 1756461492517375117,
      "q" : "0.011",
      "p" : "110.284",
      "s" : "sell",
      "i" : "LTC_USDT",
      "m" : "4611686018437900898"
    }, {
      "d" : "1756461492517373415",
      "t" : 1756461492517,
      "tn" : 1756461492517373415,
      "q" : "0.018",
      "p" : "110.287",
      "s" : "sell",
      "i" : "LTC_USDT",
      "m" : "4611686018437900897"
    }, {
      "d" : "1756461440977320669",
      "t" : 1756461440977,
      "tn" : 1756461440977320669,
      "q" : "0.011",
      "p" : "110.266",
      "s" : "buy",
      "i" : "LTC_USDT",
      "m" : "4611686018437900896"
    }, {
      "d" : "1756461423397603680",
      "t" : 1756461423397,
      "tn" : 1756461423397603680,
      "q" : "0.011",
      "p" : "110.274",
      "s" : "sell",
      "i" : "LTC_USDT",
      "m" : "4611686018437900895"
    }, {
      "d" : "1756461404022872646",
      "t" : 1756461404022,
      "tn" : 1756461404022872644,
      "q" : "0.824",
      "p" : "110.251",
      "s" : "buy",
      "i" : "LTC_USDT",
      "m" : "4611686018437900894"
    }, {
      "d" : "1756461404022872645",
      "t" : 1756461404022,
      "tn" : 1756461404022872644,
      "q" : "0.011",
      "p" : "110.251",
      "s" : "buy",
      "i" : "LTC_USDT",
      "m" : "4611686018437900894"
    }, {
      "d" : "1756461404022872644",
      "t" : 1756461404022,
      "tn" : 1756461404022872644,
      "q" : "0.018",
      "p" : "110.251",
      "s" : "buy",
      "i" : "LTC_USDT",
      "m" : "4611686018437900894"
    }, {
      "d" : "1756461386230841822",
      "t" : 1756461386230,
      "tn" : 1756461386230841822,
      "q" : "0.824",
      "p" : "110.249",
      "s" : "sell",
      "i" : "LTC_USDT",
      "m" : "4611686018437900893"
    }, {
      "d" : "1756461386230839841",
      "t" : 1756461386230,
      "tn" : 1756461386230839841,
      "q" : "0.011",
      "p" : "110.254",
      "s" : "sell",
      "i" : "LTC_USDT",
      "m" : "4611686018437900892"
    }, {
      "d" : "1756461386178116907",
      "t" : 1756461386178,
      "tn" : 1756461386178116907,
      "q" : "0.824",
      "p" : "110.249",
      "s" : "sell",
      "i" : "LTC_USDT",
      "m" : "4611686018437900891"
    }, {
      "d" : "1756461386178114219",
      "t" : 1756461386178,
      "tn" : 1756461386178114219,
      "q" : "0.011",
      "p" : "110.254",
      "s" : "sell",
      "i" : "LTC_USDT",
      "m" : "4611686018437900890"
    }, {
      "d" : "1756461383693720269",
      "t" : 1756461383693,
      "tn" : 1756461383693720269,
      "q" : "0.018",
      "p" : "110.286",
      "s" : "sell",
      "i" : "LTC_USDT",
      "m" : "4611686018437900889"
    }, {
      "d" : "1756461339879564697",
      "t" : 1756461339879,
      "tn" : 1756461339879564697,
      "q" : "0.011",
      "p" : "110.267",
      "s" : "buy",
      "i" : "LTC_USDT",
      "m" : "4611686018437900888"
    }, {
      "d" : "1756461261881817606",
      "t" : 1756461261881,
      "tn" : 1756461261881817606,
      "q" : "0.963",
      "p" : "110.217",
      "s" : "buy",
      "i" : "LTC_USDT",
      "m" : "4611686018437900887"
    }, {
      "d" : "1756461241269983747",
      "t" : 1756461241269,
      "tn" : 1756461241269983747,
      "q" : "0.011",
      "p" : "110.236",
      "s" : "buy",
      "i" : "LTC_USDT",
      "m" : "4611686018437900886"
    }, {
      "d" : "1756461241240498261",
      "t" : 1756461241240,
      "tn" : 1756461241240498261,
      "q" : "0.011",
      "p" : "110.236",
      "s" : "buy",
      "i" : "LTC_USDT",
      "m" : "4611686018437900885"
    }, {
      "d" : "1756461220508833647",
      "t" : 1756461220508,
      "tn" : 1756461220508833647,
      "q" : "10.170",
      "p" : "110.220",
      "s" : "buy",
      "i" : "LTC_USDT",
      "m" : "4611686018437900884"
    }, {
      "d" : "1756461189958016452",
      "t" : 1756461189958,
      "tn" : 1756461189958016452,
      "q" : "0.011",
      "p" : "110.249",
      "s" : "sell",
      "i" : "LTC_USDT",
      "m" : "4611686018437900883"
    }, {
      "d" : "1756461189957415719",
      "t" : 1756461189957,
      "tn" : 1756461189957415719,
      "q" : "0.813",
      "p" : "110.249",
      "s" : "sell",
      "i" : "LTC_USDT",
      "m" : "4611686018437900882"
    }, {
      "d" : "1756461189957413955",
      "t" : 1756461189957,
      "tn" : 1756461189957413955,
      "q" : "0.011",
      "p" : "110.254",
      "s" : "sell",
      "i" : "LTC_USDT",
      "m" : "4611686018437900881"
    }, {
      "d" : "1756461179220529859",
      "t" : 1756461179220,
      "tn" : 1756461179220529859,
      "q" : "0.824",
      "p" : "110.201",
      "s" : "buy",
      "i" : "LTC_USDT",
      "m" : "4611686018437900880"
    }, {
      "d" : "1756461179219620166",
      "t" : 1756461179219,
      "tn" : 1756461179219620166,
      "q" : "0.011",
      "p" : "110.196",
      "s" : "buy",
      "i" : "LTC_USDT",
      "m" : "4611686018437900879"
    }, {
      "d" : "1756461130971990369",
      "t" : 1756461130971,
      "tn" : 1756461130971990369,
      "q" : "8.564",
      "p" : "110.287",
      "s" : "buy",
      "i" : "LTC_USDT",
      "m" : "4611686018437900878"
    }, {
      "d" : "1756461121060110153",
      "t" : 1756461121060,
      "tn" : 1756461121060110153,
      "q" : "0.059",
      "p" : "110.269",
      "s" : "sell",
      "i" : "LTC_USDT",
      "m" : "4611686018437900877"
    }, {
      "d" : "1756461121060108196",
      "t" : 1756461121060,
      "tn" : 1756461121060108196,
      "q" : "0.011",
      "p" : "110.274",
      "s" : "sell",
      "i" : "LTC_USDT",
      "m" : "4611686018437900876"
    }, {
      "d" : "1756461121048027268",
      "t" : 1756461121048,
      "tn" : 1756461121048027268,
      "q" : "0.011",
      "p" : "110.274",
      "s" : "sell",
      "i" : "LTC_USDT",
      "m" : "4611686018437900875"
    }, {
      "d" : "1756461116039718723",
      "t" : 1756461116039,
      "tn" : 1756461116039718723,
      "q" : "0.011",
      "p" : "110.246",
      "s" : "buy",
      "i" : "LTC_USDT",
      "m" : "4611686018437900874"
    }, {
      "d" : "1756461115744750050",
      "t" : 1756461115744,
      "tn" : 1756461115744750050,
      "q" : "0.018",
      "p" : "110.234",
      "s" : "buy",
      "i" : "LTC_USDT",
      "m" : "4611686018437900873"
    }, {
      "d" : "1756461114498655283",
      "t" : 1756461114498,
      "tn" : 1756461114498655283,
      "q" : "0.011",
      "p" : "110.224",
      "s" : "buy",
      "i" : "LTC_USDT",
      "m" : "4611686018437900872"
    }, {
      "d" : "1756461111909232901",
      "t" : 1756461111909,
      "tn" : 1756461111909232901,
      "q" : "0.011",
      "p" : "110.224",
      "s" : "sell",
      "i" : "LTC_USDT",
      "m" : "4611686018437900871"
    }, {
      "d" : "1756461111894495279",
      "t" : 1756461111894,
      "tn" : 1756461111894495279,
      "q" : "0.018",
      "p" : "110.232",
      "s" : "sell",
      "i" : "LTC_USDT",
      "m" : "4611686018437900870"
    }, {
      "d" : "1756461111894492571",
      "t" : 1756461111894,
      "tn" : 1756461111894492571,
      "q" : "0.011",
      "p" : "110.234",
      "s" : "sell",
      "i" : "LTC_USDT",
      "m" : "4611686018437900869"
    }, {
      "d" : "1756461087645196635",
      "t" : 1756461087645,
      "tn" : 1756461087645196635,
      "q" : "0.018",
      "p" : "110.214",
      "s" : "buy",
      "i" : "LTC_USDT",
      "m" : "4611686018437900868"
    }, {
      "d" : "1756461084471120929",
      "t" : 1756461084471,
      "tn" : 1756461084471120929,
      "q" : "0.011",
      "p" : "110.206",
      "s" : "buy",
      "i" : "LTC_USDT",
      "m" : "4611686018437900867"
    }, {
      "d" : "1756461076569196835",
      "t" : 1756461076569,
      "tn" : 1756461076569196835,
      "q" : "0.011",
      "p" : "110.214",
      "s" : "sell",
      "i" : "LTC_USDT",
      "m" : "4611686018437900866"
    }, {
      "d" : "1756461066108383276",
      "t" : 1756461066108,
      "tn" : 1756461066108383276,
      "q" : "0.011",
      "p" : "110.208",
      "s" : "buy",
      "i" : "LTC_USDT",
      "m" : "4611686018437900865"
    }, {
      "d" : "1756461059669724660",
      "t" : 1756461059669,
      "tn" : 1756461059669724660,
      "q" : "0.011",
      "p" : "110.244",
      "s" : "sell",
      "i" : "LTC_USDT",
      "m" : "4611686018437900864"
    }, {
      "d" : "1756461021215488925",
      "t" : 1756461021215,
      "tn" : 1756461021215488924,
      "q" : "0.824",
      "p" : "110.271",
      "s" : "buy",
      "i" : "LTC_USDT",
      "m" : "4611686018437900863"
    }, {
      "d" : "1756461021215488924",
      "t" : 1756461021215,
      "tn" : 1756461021215488924,
      "q" : "0.018",
      "p" : "110.271",
      "s" : "buy",
      "i" : "LTC_USDT",
      "m" : "4611686018437900863"
    }, {
      "d" : "1756461021215485538",
      "t" : 1756461021215,
      "tn" : 1756461021215485538,
      "q" : "0.011",
      "p" : "110.268",
      "s" : "buy",
      "i" : "LTC_USDT",
      "m" : "4611686018437900862"
    }, {
      "d" : "1756461021155122389",
      "t" : 1756461021155,
      "tn" : 1756461021155122389,
      "q" : "0.824",
      "p" : "110.261",
      "s" : "buy",
      "i" : "LTC_USDT",
      "m" : "4611686018437900861"
    }, {
      "d" : "1756461021152825111",
      "t" : 1756461021152,
      "tn" : 1756461021152825111,
      "q" : "0.011",
      "p" : "110.256",
      "s" : "buy",
      "i" : "LTC_USDT",
      "m" : "4611686018437900860"
    }, {
      "d" : "1756461010378940807",
      "t" : 1756461010378,
      "tn" : 1756461010378940807,
      "q" : "0.011",
      "p" : "110.304",
      "s" : "sell",
      "i" : "LTC_USDT",
      "m" : "4611686018437900859"
    }, {
      "d" : "1756461010364321060",
      "t" : 1756461010364,
      "tn" : 1756461010364321060,
      "q" : "0.018",
      "p" : "110.315",
      "s" : "sell",
      "i" : "LTC_USDT",
      "m" : "4611686018437900858"
    }, {
      "d" : "1756461002323744827",
      "t" : 1756461002323,
      "tn" : 1756461002323744827,
      "q" : "0.824",
      "p" : "110.311",
      "s" : "buy",
      "i" : "LTC_USDT",
      "m" : "4611686018437900857"
    }, {
      "d" : "1756461002322982004",
      "t" : 1756461002322,
      "tn" : 1756461002322982004,
      "q" : "0.011",
      "p" : "110.308",
      "s" : "buy",
      "i" : "LTC_USDT",
      "m" : "4611686018437900856"
    }, {
      "d" : "1756460972826325727",
      "t" : 1756460972826,
      "tn" : 1756460972826325727,
      "q" : "0.011",
      "p" : "110.354",
      "s" : "sell",
      "i" : "LTC_USDT",
      "m" : "4611686018437900855"
    }, {
      "d" : "1756460951837006358",
      "t" : 1756460951837,
      "tn" : 1756460951837006358,
      "q" : "0.018",
      "p" : "110.335",
      "s" : "buy",
      "i" : "LTC_USDT",
      "m" : "4611686018437900854"
    }, {
      "d" : "1756460947039011479",
      "t" : 1756460947039,
      "tn" : 1756460947039011479,
      "q" : "0.011",
      "p" : "110.296",
      "s" : "buy",
      "i" : "LTC_USDT",
      "m" : "4611686018437900853"
    }, {
      "d" : "1756460945907707133",
      "t" : 1756460945907,
      "tn" : 1756460945907707133,
      "q" : "0.011",
      "p" : "110.286",
      "s" : "buy",
      "i" : "LTC_USDT",
      "m" : "4611686018437900852"
    }, {
      "d" : "1756460944349641955",
      "t" : 1756460944349,
      "tn" : 1756460944349641955,
      "q" : "0.018",
      "p" : "110.347",
      "s" : "sell",
      "i" : "LTC_USDT",
      "m" : "4611686018437900851"
    }, {
      "d" : "1756460932378635378",
      "t" : 1756460932378,
      "tn" : 1756460932378635378,
      "q" : "0.011",
      "p" : "110.346",
      "s" : "buy",
      "i" : "LTC_USDT",
      "m" : "4611686018437900850"
    }, {
      "d" : "1756460926665953775",
      "t" : 1756460926665,
      "tn" : 1756460926665953775,
      "q" : "0.011",
      "p" : "110.354",
      "s" : "sell",
      "i" : "LTC_USDT",
      "m" : "4611686018437900849"
    }, {
      "d" : "1756460926665951610",
      "t" : 1756460926665,
      "tn" : 1756460926665951610,
      "q" : "0.018",
      "p" : "110.356",
      "s" : "sell",
      "i" : "LTC_USDT",
      "m" : "4611686018437900848"
    }, {
      "d" : "1756460922245784847",
      "t" : 1756460922245,
      "tn" : 1756460922245784847,
      "q" : "0.018",
      "p" : "110.364",
      "s" : "buy",
      "i" : "LTC_USDT",
      "m" : "4611686018437900847"
    }, {
      "d" : "1756460904109962515",
      "t" : 1756460904109,
      "tn" : 1756460904109962515,
      "q" : "0.011",
      "p" : "110.346",
      "s" : "buy",
      "i" : "LTC_USDT",
      "m" : "4611686018437900846"
    }, {
      "d" : "1756460903626325111",
      "t" : 1756460903626,
      "tn" : 1756460903626325111,
      "q" : "0.011",
      "p" : "110.337",
      "s" : "buy",
      "i" : "LTC_USDT",
      "m" : "4611686018437900845"
    }, {
      "d" : "1756460898681841236",
      "t" : 1756460898681,
      "tn" : 1756460898681841236,
      "q" : "0.011",
      "p" : "110.294",
      "s" : "sell",
      "i" : "LTC_USDT",
      "m" : "4611686018437900844"
    }, {
      "d" : "1756460898130345489",
      "t" : 1756460898130,
      "tn" : 1756460898130345489,
      "q" : "0.011",
      "p" : "110.314",
      "s" : "sell",
      "i" : "LTC_USDT",
      "m" : "4611686018437900843"
    }, {
      "d" : "1756460898118261653",
      "t" : 1756460898118,
      "tn" : 1756460898118261653,
      "q" : "0.824",
      "p" : "110.309",
      "s" : "sell",
      "i" : "LTC_USDT",
      "m" : "4611686018437900842"
    }, {
      "d" : "1756460898118261036",
      "t" : 1756460898118,
      "tn" : 1756460898118261036,
      "q" : "0.011",
      "p" : "110.314",
      "s" : "sell",
      "i" : "LTC_USDT",
      "m" : "4611686018437900841"
    }, {
      "d" : "1756460894459895839",
      "t" : 1756460894459,
      "tn" : 1756460894459895839,
      "q" : "0.011",
      "p" : "110.334",
      "s" : "sell",
      "i" : "LTC_USDT",
      "m" : "4611686018437900840"
    }, {
      "d" : "1756460891376694574",
      "t" : 1756460891376,
      "tn" : 1756460891376694574,
      "q" : "0.018",
      "p" : "110.326",
      "s" : "buy",
      "i" : "LTC_USDT",
      "m" : "4611686018437900839"
    }, {
      "d" : "1756460890169779837",
      "t" : 1756460890169,
      "tn" : 1756460890169779836,
      "q" : "0.209",
      "p" : "110.314",
      "s" : "buy",
      "i" : "LTC_USDT",
      "m" : "4611686018437900838"
    }, {
      "d" : "1756460890169779836",
      "t" : 1756460890169,
      "tn" : 1756460890169779836,
      "q" : "0.011",
      "p" : "110.314",
      "s" : "buy",
      "i" : "LTC_USDT",
      "m" : "4611686018437900838"
    }, {
      "d" : "1756460866075056603",
      "t" : 1756460866075,
      "tn" : 1756460866075056603,
      "q" : "0.823",
      "p" : "110.291",
      "s" : "buy",
      "i" : "LTC_USDT",
      "m" : "4611686018437900837"
    }, {
      "d" : "1756460866075054731",
      "t" : 1756460866075,
      "tn" : 1756460866075054731,
      "q" : "0.011",
      "p" : "110.287",
      "s" : "buy",
      "i" : "LTC_USDT",
      "m" : "4611686018437900836"
    }, {
      "d" : "1756460864612284368",
      "t" : 1756460864612,
      "tn" : 1756460864612284368,
      "q" : "0.011",
      "p" : "110.276",
      "s" : "buy",
      "i" : "LTC_USDT",
      "m" : "4611686018437900835"
    }, {
      "d" : "1756460860909860434",
      "t" : 1756460860909,
      "tn" : 1756460860909860434,
      "q" : "0.173",
      "p" : "110.250",
      "s" : "sell",
      "i" : "LTC_USDT",
      "m" : "4611686018437900834"
    }, {
      "d" : "1756460860909858649",
      "t" : 1756460860909,
      "tn" : 1756460860909858649,
      "q" : "0.011",
      "p" : "110.254",
      "s" : "sell",
      "i" : "LTC_USDT",
      "m" : "4611686018437900833"
    }, {
      "d" : "1756460860495198246",
      "t" : 1756460860495,
      "tn" : 1756460860495198246,
      "q" : "1.815",
      "p" : "110.263",
      "s" : "sell",
      "i" : "LTC_USDT",
      "m" : "4611686018437900832"
    }, {
      "d" : "1756460856599126969",
      "t" : 1756460856599,
      "tn" : 1756460856599126968,
      "q" : "0.010",
      "p" : "110.256",
      "s" : "buy",
      "i" : "LTC_USDT",
      "m" : "4611686018437900831"
    }, {
      "d" : "1756460856599126968",
      "t" : 1756460856599,
      "tn" : 1756460856599126968,
      "q" : "3.003",
      "p" : "110.256",
      "s" : "buy",
      "i" : "LTC_USDT",
      "m" : "4611686018437900831"
    }, {
      "d" : "1756460852370232106",
      "t" : 1756460852370,
      "tn" : 1756460852370232106,
      "q" : "0.011",
      "p" : "110.244",
      "s" : "sell",
      "i" : "LTC_USDT",
      "m" : "4611686018437900830"
    }, {
      "d" : "1756460852369152877",
      "t" : 1756460852369,
      "tn" : 1756460852369152877,
      "q" : "1.580",
      "p" : "110.244",
      "s" : "sell",
      "i" : "LTC_USDT",
      "m" : "4611686018437900829"
    }, {
      "d" : "1756460852369151101",
      "t" : 1756460852369,
      "tn" : 1756460852369151101,
      "q" : "0.173",
      "p" : "110.245",
      "s" : "sell",
      "i" : "LTC_USDT",
      "m" : "4611686018437900828"
    }, {
      "d" : "1756460851024646130",
      "t" : 1756460851024,
      "tn" : 1756460851024646130,
      "q" : "0.011",
      "p" : "110.236",
      "s" : "buy",
      "i" : "LTC_USDT",
      "m" : "4611686018437900827"
    }, {
      "d" : "1756460851012418378",
      "t" : 1756460851012,
      "tn" : 1756460851012418378,
      "q" : "0.011",
      "p" : "110.231",
      "s" : "buy",
      "i" : "LTC_USDT",
      "m" : "4611686018437900826"
    }, {
      "d" : "1756460851011821554",
      "t" : 1756460851011,
      "tn" : 1756460851011821554,
      "q" : "0.813",
      "p" : "110.231",
      "s" : "buy",
      "i" : "LTC_USDT",
      "m" : "4611686018437900825"
    }, {
      "d" : "1756460851011819911",
      "t" : 1756460851011,
      "tn" : 1756460851011819911,
      "q" : "0.011",
      "p" : "110.226",
      "s" : "buy",
      "i" : "LTC_USDT",
      "m" : "4611686018437900824"
    }, {
      "d" : "1756460851005851534",
      "t" : 1756460851005,
      "tn" : 1756460851005851534,
      "q" : "0.011",
      "p" : "110.226",
      "s" : "buy",
      "i" : "LTC_USDT",
      "m" : "4611686018437900823"
    }, {
      "d" : "1756460850948097167",
      "t" : 1756460850948,
      "tn" : 1756460850948097167,
      "q" : "0.011",
      "p" : "110.226",
      "s" : "buy",
      "i" : "LTC_USDT",
      "m" : "4611686018437900822"
    }, {
      "d" : "1756460850875605609",
      "t" : 1756460850875,
      "tn" : 1756460850875605609,
      "q" : "0.011",
      "p" : "110.226",
      "s" : "buy",
      "i" : "LTC_USDT",
      "m" : "4611686018437900821"
    }, {
      "d" : "1756460850862163761",
      "t" : 1756460850862,
      "tn" : 1756460850862163761,
      "q" : "2.959",
      "p" : "110.227",
      "s" : "buy",
      "i" : "LTC_USDT",
      "m" : "4611686018437900820"
    }, {
      "d" : "1756460850861571809",
      "t" : 1756460850861,
      "tn" : 1756460850861571809,
      "q" : "7.234",
      "p" : "110.227",
      "s" : "buy",
      "i" : "LTC_USDT",
      "m" : "4611686018437900819"
    }, {
      "d" : "1756460850861570732",
      "t" : 1756460850861,
      "tn" : 1756460850861570732,
      "q" : "0.011",
      "p" : "110.226",
      "s" : "buy",
      "i" : "LTC_USDT",
      "m" : "4611686018437900818"
    }, {
      "d" : "1756460850853220300",
      "t" : 1756460850853,
      "tn" : 1756460850853220300,
      "q" : "0.309",
      "p" : "110.220",
      "s" : "buy",
      "i" : "LTC_USDT",
      "m" : "4611686018437900817"
    }, {
      "d" : "1756460838723587328",
      "t" : 1756460838723,
      "tn" : 1756460838723587328,
      "q" : "0.011",
      "p" : "110.176",
      "s" : "buy",
      "i" : "LTC_USDT",
      "m" : "4611686018437900816"
    }, {
      "d" : "1756460834399056007",
      "t" : 1756460834399,
      "tn" : 1756460834399056007,
      "q" : "0.011",
      "p" : "110.126",
      "s" : "buy",
      "i" : "LTC_USDT",
      "m" : "4611686018437900815"
    }, {
      "d" : "1756460822926341123",
      "t" : 1756460822926,
      "tn" : 1756460822926341123,
      "q" : "0.011",
      "p" : "110.116",
      "s" : "buy",
      "i" : "LTC_USDT",
      "m" : "4611686018437900814"
    }, {
      "d" : "1756460809897946717",
      "t" : 1756460809897,
      "tn" : 1756460809897946717,
      "q" : "0.824",
      "p" : "110.101",
      "s" : "buy",
      "i" : "LTC_USDT",
      "m" : "4611686018437900813"
    }, {
      "d" : "1756460809897610344",
      "t" : 1756460809897,
      "tn" : 1756460809897610344,
      "q" : "0.011",
      "p" : "110.098",
      "s" : "buy",
      "i" : "LTC_USDT",
      "m" : "4611686018437900812"
    }, {
      "d" : "1756460809725483589",
      "t" : 1756460809725,
      "tn" : 1756460809725483589,
      "q" : "0.011",
      "p" : "110.096",
      "s" : "buy",
      "i" : "LTC_USDT",
      "m" : "4611686018437900811"
    }, {
      "d" : "1756460803524510273",
      "t" : 1756460803524,
      "tn" : 1756460803524510273,
      "q" : "0.018",
      "p" : "110.171",
      "s" : "sell",
      "i" : "LTC_USDT",
      "m" : "4611686018437900810"
    }, {
      "d" : "1756460803524507462",
      "t" : 1756460803524,
      "tn" : 1756460803524507462,
      "q" : "0.011",
      "p" : "110.174",
      "s" : "sell",
      "i" : "LTC_USDT",
      "m" : "4611686018437900809"
    }, {
      "d" : "1756460801775705229",
      "t" : 1756460801775,
      "tn" : 1756460801775705228,
      "q" : "2.189",
      "p" : "110.184",
      "s" : "sell",
      "i" : "LTC_USDT",
      "m" : "4611686018437900808"
    }, {
      "d" : "1756460801775705228",
      "t" : 1756460801775,
      "tn" : 1756460801775705228,
      "q" : "0.011",
      "p" : "110.184",
      "s" : "sell",
      "i" : "LTC_USDT",
      "m" : "4611686018437900808"
    }, {
      "d" : "1756460801750339458",
      "t" : 1756460801750,
      "tn" : 1756460801750339458,
      "q" : "0.803",
      "p" : "110.175",
      "s" : "buy",
      "i" : "LTC_USDT",
      "m" : "4611686018437900807"
    }, {
      "d" : "1756460794291740352",
      "t" : 1756460794291,
      "tn" : 1756460794291740352,
      "q" : "0.803",
      "p" : "110.175",
      "s" : "sell",
      "i" : "LTC_USDT",
      "m" : "4611686018437900806"
    }, {
      "d" : "1756460794270730274",
      "t" : 1756460794270,
      "tn" : 1756460794270730274,
      "q" : "2.200",
      "p" : "110.175",
      "s" : "sell",
      "i" : "LTC_USDT",
      "m" : "4611686018437900805"
    }, {
      "d" : "1756460793332784720",
      "t" : 1756460793332,
      "tn" : 1756460793332784720,
      "q" : "0.011",
      "p" : "110.166",
      "s" : "buy",
      "i" : "LTC_USDT",
      "m" : "4611686018437900804"
    }, {
      "d" : "1756460793316857751",
      "t" : 1756460793316,
      "tn" : 1756460793316857751,
      "q" : "0.011",
      "p" : "110.156",
      "s" : "buy",
      "i" : "LTC_USDT",
      "m" : "4611686018437900803"
    }, {
      "d" : "1756460785546722797",
      "t" : 1756460785546,
      "tn" : 1756460785546722797,
      "q" : "2.200",
      "p" : "110.167",
      "s" : "sell",
      "i" : "LTC_USDT",
      "m" : "4611686018437900802"
    }, {
      "d" : "1756460785524522456",
      "t" : 1756460785524,
      "tn" : 1756460785524522456,
      "q" : "0.174",
      "p" : "110.167",
      "s" : "sell",
      "i" : "LTC_USDT",
      "m" : "4611686018437900801"
    }, {
      "d" : "1756460783306925890",
      "t" : 1756460783306,
      "tn" : 1756460783306925889,
      "q" : "0.011",
      "p" : "110.164",
      "s" : "sell",
      "i" : "LTC_USDT",
      "m" : "4611686018437900800"
    }, {
      "d" : "1756460783306925889",
      "t" : 1756460783306,
      "tn" : 1756460783306925889,
      "q" : "0.803",
      "p" : "110.164",
      "s" : "sell",
      "i" : "LTC_USDT",
      "m" : "4611686018437900800"
    }, {
      "d" : "1756460781522933809",
      "t" : 1756460781522,
      "tn" : 1756460781522933809,
      "q" : "2.200",
      "p" : "110.164",
      "s" : "sell",
      "i" : "LTC_USDT",
      "m" : "4611686018437900799"
    }, {
      "d" : "1756460777936362724",
      "t" : 1756460777936,
      "tn" : 1756460777936362724,
      "q" : "0.964",
      "p" : "110.154",
      "s" : "buy",
      "i" : "LTC_USDT",
      "m" : "4611686018437900798"
    }, {
      "d" : "1756460777936359798",
      "t" : 1756460777936,
      "tn" : 1756460777936359798,
      "q" : "1.079",
      "p" : "110.154",
      "s" : "buy",
      "i" : "LTC_USDT",
      "m" : "4611686018437900797"
    }, {
      "d" : "1756460777915320531",
      "t" : 1756460777915,
      "tn" : 1756460777915320531,
      "q" : "0.011",
      "p" : "110.151",
      "s" : "buy",
      "i" : "LTC_USDT",
      "m" : "4611686018437900796"
    }, {
      "d" : "1756460777914685217",
      "t" : 1756460777914,
      "tn" : 1756460777914685217,
      "q" : "0.813",
      "p" : "110.151",
      "s" : "buy",
      "i" : "LTC_USDT",
      "m" : "4611686018437900795"
    }, {
      "d" : "1756460777914684191",
      "t" : 1756460777914,
      "tn" : 1756460777914684191,
      "q" : "0.011",
      "p" : "110.146",
      "s" : "buy",
      "i" : "LTC_USDT",
      "m" : "4611686018437900794"
    }, {
      "d" : "1756460777898717489",
      "t" : 1756460777898,
      "tn" : 1756460777898717489,
      "q" : "0.091",
      "p" : "110.150",
      "s" : "buy",
      "i" : "LTC_USDT",
      "m" : "4611686018437900793"
    }, {
      "d" : "1756460777898715524",
      "t" : 1756460777898,
      "tn" : 1756460777898715524,
      "q" : "0.011",
      "p" : "110.146",
      "s" : "buy",
      "i" : "LTC_USDT",
      "m" : "4611686018437900792"
    }, {
      "d" : "1756460777877567380",
      "t" : 1756460777877,
      "tn" : 1756460777877567380,
      "q" : "0.011",
      "p" : "110.146",
      "s" : "buy",
      "i" : "LTC_USDT",
      "m" : "4611686018437900791"
    }, {
      "d" : "1756460777766407631",
      "t" : 1756460777766,
      "tn" : 1756460777766407631,
      "q" : "0.824",
      "p" : "110.143",
      "s" : "buy",
      "i" : "LTC_USDT",
      "m" : "4611686018437900790"
    }, {
      "d" : "1756460762871721640",
      "t" : 1756460762871,
      "tn" : 1756460762871721639,
      "q" : "0.824",
      "p" : "110.133",
      "s" : "buy",
      "i" : "LTC_USDT",
      "m" : "4611686018437900789"
    }, {
      "d" : "1756460762871721639",
      "t" : 1756460762871,
      "tn" : 1756460762871721639,
      "q" : "0.011",
      "p" : "110.133",
      "s" : "buy",
      "i" : "LTC_USDT",
      "m" : "4611686018437900789"
    }, {
      "d" : "1756460760728416467",
      "t" : 1756460760728,
      "tn" : 1756460760728416467,
      "q" : "0.011",
      "p" : "110.127",
      "s" : "buy",
      "i" : "LTC_USDT",
      "m" : "4611686018437900788"
    }, {
      "d" : "1756460748164366318",
      "t" : 1756460748164,
      "tn" : 1756460748164366318,
      "q" : "0.011",
      "p" : "110.086",
      "s" : "buy",
      "i" : "LTC_USDT",
      "m" : "4611686018437900787"
    }, {
      "d" : "1756460739974862069",
      "t" : 1756460739974,
      "tn" : 1756460739974862069,
      "q" : "0.011",
      "p" : "110.058",
      "s" : "buy",
      "i" : "LTC_USDT",
      "m" : "4611686018437900786"
    }, {
      "d" : "1756460739803099245",
      "t" : 1756460739803,
      "tn" : 1756460739803099245,
      "q" : "0.011",
      "p" : "110.056",
      "s" : "buy",
      "i" : "LTC_USDT",
      "m" : "4611686018437900785"
    }, {
      "d" : "1756460739793621393",
      "t" : 1756460739793,
      "tn" : 1756460739793621393,
      "q" : "0.011",
      "p" : "110.056",
      "s" : "buy",
      "i" : "LTC_USDT",
      "m" : "4611686018437900784"
    }, {
      "d" : "1756460735577074808",
      "t" : 1756460735577,
      "tn" : 1756460735577074808,
      "q" : "0.010",
      "p" : "110.056",
      "s" : "buy",
      "i" : "LTC_USDT",
      "m" : "4611686018437900783"
    }, {
      "d" : "1756460735577073201",
      "t" : 1756460735577,
      "tn" : 1756460735577073201,
      "q" : "0.018",
      "p" : "110.054",
      "s" : "buy",
      "i" : "LTC_USDT",
      "m" : "4611686018437900782"
    }, {
      "d" : "1756460735406541719",
      "t" : 1756460735406,
      "tn" : 1756460735406541719,
      "q" : "0.011",
      "p" : "110.046",
      "s" : "buy",
      "i" : "LTC_USDT",
      "m" : "4611686018437900781"
    }, {
      "d" : "1756460734123841497",
      "t" : 1756460734123,
      "tn" : 1756460734123841497,
      "q" : "0.011",
      "p" : "110.036",
      "s" : "buy",
      "i" : "LTC_USDT",
      "m" : "4611686018437900780"
    }, {
      "d" : "1756460726249899655",
      "t" : 1756460726249,
      "tn" : 1756460726249899655,
      "q" : "0.011",
      "p" : "110.026",
      "s" : "buy",
      "i" : "LTC_USDT",
      "m" : "4611686018437900779"
    }, {
      "d" : "1756460707968659160",
      "t" : 1756460707968,
      "tn" : 1756460707968659160,
      "q" : "0.011",
      "p" : "110.004",
      "s" : "sell",
      "i" : "LTC_USDT",
      "m" : "4611686018437900778"
    }, {
      "d" : "1756460704457145603",
      "t" : 1756460704457,
      "tn" : 1756460704457145603,
      "q" : "0.018",
      "p" : "110.026",
      "s" : "sell",
      "i" : "LTC_USDT",
      "m" : "4611686018437900777"
    }, {
      "d" : "1756460699262593600",
      "t" : 1756460699262,
      "tn" : 1756460699262593600,
      "q" : "0.011",
      "p" : "110.026",
      "s" : "buy",
      "i" : "LTC_USDT",
      "m" : "4611686018437900776"
    }, {
      "d" : "1756460648472267255",
      "t" : 1756460648472,
      "tn" : 1756460648472267255,
      "q" : "0.011",
      "p" : "110.014",
      "s" : "sell",
      "i" : "LTC_USDT",
      "m" : "4611686018437900775"
    }, {
      "d" : "1756460606439770751",
      "t" : 1756460606439,
      "tn" : 1756460606439770751,
      "q" : "0.010",
      "p" : "110.019",
      "s" : "buy",
      "i" : "LTC_USDT",
      "m" : "4611686018437900774"
    }, {
      "d" : "1756460606439768770",
      "t" : 1756460606439,
      "tn" : 1756460606439768770,
      "q" : "0.011",
      "p" : "110.016",
      "s" : "buy",
      "i" : "LTC_USDT",
      "m" : "4611686018437900773"
    }, {
      "d" : "1756460604566559607",
      "t" : 1756460604566,
      "tn" : 1756460604566559607,
      "q" : "3.003",
      "p" : "110.005",
      "s" : "buy",
      "i" : "LTC_USDT",
      "m" : "4611686018437900772"
    }, {
      "d" : "1756460604256430181",
      "t" : 1756460604256,
      "tn" : 1756460604256430181,
      "q" : "18.361",
      "p" : "109.971",
      "s" : "buy",
      "i" : "LTC_USDT",
      "m" : "4611686018437900771"
    }, {
      "d" : "1756460604256427058",
      "t" : 1756460604256,
      "tn" : 1756460604256427058,
      "q" : "0.708",
      "p" : "109.968",
      "s" : "buy",
      "i" : "LTC_USDT",
      "m" : "4611686018437900770"
    }, {
      "d" : "1756460604256082683",
      "t" : 1756460604256,
      "tn" : 1756460604256082683,
      "q" : "0.011",
      "p" : "109.946",
      "s" : "buy",
      "i" : "LTC_USDT",
      "m" : "4611686018437900769"
    }, {
      "d" : "1756460604256080914",
      "t" : 1756460604256,
      "tn" : 1756460604256080914,
      "q" : "0.018",
      "p" : "109.945",
      "s" : "buy",
      "i" : "LTC_USDT",
      "m" : "4611686018437900768"
    } ]
  }
}