{
  "id" : -1,
  "method" : "public/get-trades",
  "code" : 0,
  "result" : {
    "data" : [ {
      "d" : "1756460850853245038",
      "t" : 1756460850853,
      "tn" : 1756460850853245038,
      "q" : "0.010",
      "p" : "0.0010028",
      "s" : "buy",
      "i" : "LTC_BTC",
      "m" : "4611686018429659590"
    }, {
      "d" : "1756460843623644289",
      "t" : 1756460843623,
      "tn" : 1756460843623644289,
      "q" : "0.018",
      "p" : "0.0010027",
      "s" : "buy",
      "i" : "LTC_BTC",
      "m" : "4611686018429659589"
    }, {
      "d" : "1756459460406661836",
      "t" : 1756459460406,
      "tn" : 1756459460406661836,
      "q" : "0.018",
      "p" : "0.0010012",
      "s" : "sell",
      "i" : "LTC_BTC",
      "m" : "4611686018429659588"
    }, {
      "d" : "1756459242688095746",
      "t" : 1756459242688,
      "tn" : 1756459242688095746,
      "q" : "1.816",
      "p" : "0.0010011",
      "s" : "sell",
      "i" : "LTC_BTC",
      "m" : "4611686018429659587"
    }, {
      "d" : "1756458994413211296",
      "t" : 1756458994413,
      "tn" : 1756458994413211296,
      "q" : "0.018",
      "p" : "0.0009998",
      "s" : "buy",
      "i" : "LTC_BTC",
      "m" : "4611686018429659586"
    }, {
      "d" : "1756458669570130054",
      "t" : 1756458669570,
      "tn" : 1756458669570130054,
      "q" : "0.018",
      "p" : "0.0009969",
      "s" : "buy",
      "i" : "LTC_BTC",
      "m" : "4611686018429659585"
    }, {
      "d" : "1756458181775005338",
      "t" : 1756458181775,
      "tn" : 1756458181775005338,
      "q" : "0.029",
      "p" : "0.0009956",
      "s" : "sell",
      "i" : "LTC_BTC",
      "m" : "4611686018429659584"
    }, {
      "d" : "1756457448341376438",
      "t" : 1756457448341,
      "tn" : 1756457448341376438,
      "q" : "0.005",
      "p" : "0.0009986",
      "s" : "sell",
      "i" : "LTC_BTC",
      "m" : "4611686018429659583"
    }, {
      "d" : "1756457297398910888",
      "t" : 1756457297398,
      "tn" : 1756457297398910888,
      "q" : "0.018",
      "p" : "0.0009989",
      "s" : "sell",
      "i" : "LTC_BTC",
      "m" : "4611686018429659582"
    }, {
      "d" : "1756457295647498395",
      "t" : 1756457295647,
      "tn" : 1756457295647498395,
      "q" : "0.018",
      "p" : "0.0009990",
      "s" : "sell",
      "i" : "LTC_BTC",
      "m" : "4611686018429659581"
    }, {
      "d" : "1756456745295344113",
      "t" : 1756456745295,
      "tn" : 1756456745295344113,
      "q" : "1.499",
      "p" : "0.0010003",
      "s" : "buy",
      "i" : "LTC_BTC",
      "m" : "4611686018429659580"
    }, {
      "d" : "1756456744526016755",
      "t" : 1756456744526,
      "tn" : 1756456744526016755,
      "q" : "1.500",
      "p" : "0.0010002",
      "s" : "buy",
      "i" : "LTC_BTC",
      "m" : "4611686018429659579"
    }, {
      "d" : "1756456742572351964",
      "t" : 1756456742572,
      "tn" : 1756456742572351964,
      "q" : "0.018",
      "p" : "0.0009998",
      "s" : "buy",
      "i" : "LTC_BTC",
      "m" : "4611686018429659578"
    }, {
      "d" : "1756456686288103344",
      "t" : 1756456686288,
      "tn" : 1756456686288103344,
      "q" : "0.018",
      "p" : "0.0009992",
      "s" : "buy",
      "i" : "LTC_BTC",
      "m" : "4611686018429659577"
    }, {
      "d" : "1756456685765555395",
      "t" : 1756456685765,
      "tn" : 1756456685765555395,
      "q" : "0.010",
      "p" : "0.0009988",
      "s" : "buy",
      "i" : "LTC_BTC",
      "m" : "4611686018429659576"
    }, {
      "d" : "1756456286343061750",
      "t" : 1756456286343,
      "tn" : 1756456286343061750,
      "q" : "0.059",
      "p" : "0.0009980",
      "s" : "sell",
      "i" : "LTC_BTC",
      "m" : "4611686018429659575"
    }, {
      "d" : "1756455254603136579",
      "t" : 1756455254603,
      "tn" : 1756455254603136579,
      "q" : "1.012",
      "p" : "0.0010002",
      "s" : "sell",
      "i" : "LTC_BTC",
      "m" : "4611686018429659574"
    }, {
      "d" : "1756453824524215737",
      "t" : 1756453824524,
      "tn" : 1756453824524215737,
      "q" : "0.071",
      "p" : "0.0010061",
      "s" : "buy",
      "i" : "LTC_BTC",
      "m" : "4611686018429659573"
    }, {
      "d" : "1756453577636776526",
      "t" : 1756453577636,
      "tn" : 1756453577636776526,
      "q" : "0.750",
      "p" : "0.0010056",
      "s" : "buy",
      "i" : "LTC_BTC",
      "m" : "4611686018429659572"
    }, {
      "d" : "1756452210750356419",
      "t" : 1756452210750,
      "tn" : 1756452210750356419,
      "q" : "0.018",
      "p" : "0.0010014",
      "s" : "buy",
      "i" : "LTC_BTC",
      "m" : "4611686018429659571"
    }, {
      "d" : "1756452209390134953",
      "t" : 1756452209390,
      "tn" : 1756452209390134953,
      "q" : "0.018",
      "p" : "0.0010013",
      "s" : "buy",
      "i" : "LTC_BTC",
      "m" : "4611686018429659570"
    }, {
      "d" : "1756451440458722648",
      "t" : 1756451440458,
      "tn" : 1756451440458722648,
      "q" : "0.010",
      "p" : "0.0010012",
      "s" : "sell",
      "i" : "LTC_BTC",
      "m" : "4611686018429659569"
    }, {
      "d" : "1756451285440732437",
      "t" : 1756451285440,
      "tn" : 1756451285440732437,
      "q" : "0.011",
      "p" : "0.0009999",
      "s" : "sell",
      "i" : "LTC_BTC",
      "m" : "4611686018429659568"
    }, {
      "d" : "1756451157033913362",
      "t" : 1756451157033,
      "tn" : 1756451157033913362,
      "q" : "0.010",
      "p" : "0.0010014",
      "s" : "sell",
      "i" : "LTC_BTC",
      "m" : "4611686018429659567"
    }, {
      "d" : "1756450543313432115",
      "t" : 1756450543313,
      "tn" : 1756450543313432115,
      "q" : "0.018",
      "p" : "0.0010029",
      "s" : "buy",
      "i" : "LTC_BTC",
      "m" : "4611686018429659566"
    }, {
      "d" : "1756450543313430112",
      "t" : 1756450543313,
      "tn" : 1756450543313430112,
      "q" : "0.018",
      "p" : "0.0010028",
      "s" : "buy",
      "i" : "LTC_BTC",
      "m" : "4611686018429659565"
    }, {
      "d" : "1756450409350815617",
      "t" : 1756450409350,
      "tn" : 1756450409350815617,
      "q" : "0.018",
      "p" : "0.0009997",
      "s" : "sell",
      "i" : "LTC_BTC",
      "m" : "4611686018429659564"
    }, {
      "d" : "1756450406946481459",
      "t" : 1756450406946,
      "tn" : 1756450406946481459,
      "q" : "0.018",
      "p" : "0.0010013",
      "s" : "sell",
      "i" : "LTC_BTC",
      "m" : "4611686018429659563"
    }, {
      "d" : "1756449662283048022",
      "t" : 1756449662283,
      "tn" : 1756449662283048022,
      "q" : "0.018",
      "p" : "0.0010027",
      "s" : "buy",
      "i" : "LTC_BTC",
      "m" : "4611686018429659562"
    }, {
      "d" : "1756449608454027062",
      "t" : 1756449608454,
      "tn" : 1756449608454027062,
      "q" : "0.019",
      "p" : "0.0010006",
      "s" : "sell",
      "i" : "LTC_BTC",
      "m" : "4611686018429659561"
    }, {
      "d" : "1756449602963355500",
      "t" : 1756449602963,
      "tn" : 1756449602963355500,
      "q" : "0.018",
      "p" : "0.0010019",
      "s" : "sell",
      "i" : "LTC_BTC",
      "m" : "4611686018429659560"
    }, {
      "d" : "1756449546915226273",
      "t" : 1756449546915,
      "tn" : 1756449546915226273,
      "q" : "0.010",
      "p" : "0.0010061",
      "s" : "sell",
      "i" : "LTC_BTC",
      "m" : "4611686018429659559"
    }, {
      "d" : "1756448159358826131",
      "t" : 1756448159358,
      "tn" : 1756448159358826131,
      "q" : "0.018",
      "p" : "0.0010079",
      "s" : "sell",
      "i" : "LTC_BTC",
      "m" : "4611686018429659558"
    }, {
      "d" : "1756448141148321028",
      "t" : 1756448141148,
      "tn" : 1756448141148321028,
      "q" : "0.018",
      "p" : "0.0010090",
      "s" : "sell",
      "i" : "LTC_BTC",
      "m" : "4611686018429659557"
    }, {
      "d" : "1756448130570104020",
      "t" : 1756448130570,
      "tn" : 1756448130570104020,
      "q" : "22.851",
      "p" : "0.0010095",
      "s" : "sell",
      "i" : "LTC_BTC",
      "m" : "4611686018429659556"
    }, {
      "d" : "1756448130570101630",
      "t" : 1756448130570,
      "tn" : 1756448130570101630,
      "q" : "0.018",
      "p" : "0.0010098",
      "s" : "sell",
      "i" : "LTC_BTC",
      "m" : "4611686018429659555"
    }, {
      "d" : "1756448085049634500",
      "t" : 1756448085049,
      "tn" : 1756448085049634500,
      "q" : "0.018",
      "p" : "0.0010103",
      "s" : "sell",
      "i" : "LTC_BTC",
      "m" : "4611686018429659554"
    }, {
      "d" : "1756445092491509503",
      "t" : 1756445092491,
      "tn" : 1756445092491509503,
      "q" : "0.359",
      "p" : "0.0010099",
      "s" : "sell",
      "i" : "LTC_BTC",
      "m" : "4611686018429659553"
    }, {
      "d" : "1756445092491507401",
      "t" : 1756445092491,
      "tn" : 1756445092491507401,
      "q" : "7.133",
      "p" : "0.0010102",
      "s" : "sell",
      "i" : "LTC_BTC",
      "m" : "4611686018429659552"
    }, {
      "d" : "1756445092491504606",
      "t" : 1756445092491,
      "tn" : 1756445092491504606,
      "q" : "1.500",
      "p" : "0.0010110",
      "s" : "sell",
      "i" : "LTC_BTC",
      "m" : "4611686018429659551"
    }, {
      "d" : "1756445092491501755",
      "t" : 1756445092491,
      "tn" : 1756445092491501755,
      "q" : "0.359",
      "p" : "0.0010111",
      "s" : "sell",
      "i" : "LTC_BTC",
      "m" : "4611686018429659550"
    }, {
      "d" : "1756445092491498952",
      "t" : 1756445092491,
      "tn" : 1756445092491498952,
      "q" : "0.018",
      "p" : "0.0010115",
      "s" : "sell",
      "i" : "LTC_BTC",
      "m" : "4611686018429659549"
    }, {
      "d" : "1756445092491496269",
      "t" : 1756445092491,
      "tn" : 1756445092491496269,
      "q" : "0.018",
      "p" : "0.0010116",
      "s" : "sell",
      "i" : "LTC_BTC",
      "m" : "4611686018429659548"
    }, {
      "d" : "1756445020716414980",
      "t" : 1756445020716,
      "tn" : 1756445020716414980,
      "q" : "0.018",
      "p" : "0.0010119",
      "s" : "sell",
      "i" : "LTC_BTC",
      "m" : "4611686018429659547"
    }, {
      "d" : "1756444913792240990",
      "t" : 1756444913792,
      "tn" : 1756444913792240990,
      "q" : "1.176",
      "p" : "0.0010127",
      "s" : "buy",
      "i" : "LTC_BTC",
      "m" : "4611686018429659546"
    }, {
      "d" : "1756444913792240111",
      "t" : 1756444913792,
      "tn" : 1756444913792240111,
      "q" : "1.176",
      "p" : "0.0010127",
      "s" : "buy",
      "i" : "LTC_BTC",
      "m" : "4611686018429659545"
    }, {
      "d" : "1756444913792237312",
      "t" : 1756444913792,
      "tn" : 1756444913792237312,
      "q" : "1.176",
      "p" : "0.0010127",
      "s" : "buy",
      "i" : "LTC_BTC",
      "m" : "4611686018429659544"
    }, {
      "d" : "1756444913792234247",
      "t" : 1756444913792,
      "tn" : 1756444913792234247,
      "q" : "1.176",
      "p" : "0.0010127",
      "s" : "buy",
      "i" : "LTC_BTC",
      "m" : "4611686018429659543"
    }, {
      "d" : "1756444913792232047",
      "t" : 1756444913792,
      "tn" : 1756444913792232047,
      "q" : "1.176",
      "p" : "0.0010127",
      "s" : "buy",
      "i" : "LTC_BTC",
      "m" : "4611686018429659542"
    }, {
      "d" : "1756444913792230001",
      "t" : 1756444913792,
      "tn" : 1756444913792230001,
      "q" : "1.176",
      "p" : "0.0010127",
      "s" : "buy",
      "i" : "LTC_BTC",
      "m" : "4611686018429659541"
    }, {
      "d" : "1756444913792227618",
      "t" : 1756444913792,
      "tn" : 1756444913792227618,
      "q" : "0.491",
      "p" : "0.0010127",
      "s" : "buy",
      "i" : "LTC_BTC",
      "m" : "4611686018429659540"
    }, {
      "d" : "1756444913792225703",
      "t" : 1756444913792,
      "tn" : 1756444913792225703,
      "q" : "0.685",
      "p" : "0.0010126",
      "s" : "buy",
      "i" : "LTC_BTC",
      "m" : "4611686018429659539"
    }, {
      "d" : "1756444913792221318",
      "t" : 1756444913792,
      "tn" : 1756444913792221318,
      "q" : "0.815",
      "p" : "0.0010126",
      "s" : "buy",
      "i" : "LTC_BTC",
      "m" : "4611686018429659538"
    }, {
      "d" : "1756444913792219430",
      "t" : 1756444913792,
      "tn" : 1756444913792219430,
      "q" : "0.361",
      "p" : "0.0010125",
      "s" : "buy",
      "i" : "LTC_BTC",
      "m" : "4611686018429659537"
    }, {
      "d" : "1756443331243572285",
      "t" : 1756443331243,
      "tn" : 1756443331243572285,
      "q" : "0.018",
      "p" : "0.0010141",
      "s" : "sell",
      "i" : "LTC_BTC",
      "m" : "4611686018429659536"
    }, {
      "d" : "1756443048342218993",
      "t" : 1756443048342,
      "tn" : 1756443048342218993,
      "q" : "0.005",
      "p" : "0.0010154",
      "s" : "sell",
      "i" : "LTC_BTC",
      "m" : "4611686018429659535"
    }, {
      "d" : "1756437857059778624",
      "t" : 1756437857059,
      "tn" : 1756437857059778624,
      "q" : "0.018",
      "p" : "0.0010133",
      "s" : "buy",
      "i" : "LTC_BTC",
      "m" : "4611686018429659534"
    }, {
      "d" : "1756435073225182155",
      "t" : 1756435073225,
      "tn" : 1756435073225182155,
      "q" : "0.018",
      "p" : "0.0010130",
      "s" : "buy",
      "i" : "LTC_BTC",
      "m" : "4611686018429659533"
    }, {
      "d" : "1756434142341141958",
      "t" : 1756434142341,
      "tn" : 1756434142341141958,
      "q" : "0.018",
      "p" : "0.0010124",
      "s" : "sell",
      "i" : "LTC_BTC",
      "m" : "4611686018429659532"
    }, {
      "d" : "1756433361086523743",
      "t" : 1756433361086,
      "tn" : 1756433361086523743,
      "q" : "0.039",
      "p" : "0.0010101",
      "s" : "sell",
      "i" : "LTC_BTC",
      "m" : "4611686018429659531"
    }, {
      "d" : "1756432231871774163",
      "t" : 1756432231871,
      "tn" : 1756432231871774163,
      "q" : "0.018",
      "p" : "0.0010110",
      "s" : "buy",
      "i" : "LTC_BTC",
      "m" : "4611686018429659530"
    }, {
      "d" : "1756429935561745318",
      "t" : 1756429935561,
      "tn" : 1756429935561745318,
      "q" : "0.035",
      "p" : "0.0010099",
      "s" : "sell",
      "i" : "LTC_BTC",
      "m" : "4611686018429659529"
    }, {
      "d" : "1756429219838791119",
      "t" : 1756429219838,
      "tn" : 1756429219838791119,
      "q" : "0.018",
      "p" : "0.0010100",
      "s" : "buy",
      "i" : "LTC_BTC",
      "m" : "4611686018429659528"
    }, {
      "d" : "1756429178859982010",
      "t" : 1756429178859,
      "tn" : 1756429178859982010,
      "q" : "0.018",
      "p" : "0.0010097",
      "s" : "buy",
      "i" : "LTC_BTC",
      "m" : "4611686018429659527"
    }, {
      "d" : "1756429095703459415",
      "t" : 1756429095703,
      "tn" : 1756429095703459415,
      "q" : "0.018",
      "p" : "0.0010095",
      "s" : "buy",
      "i" : "LTC_BTC",
      "m" : "4611686018429659526"
    }, {
      "d" : "1756428742237686966",
      "t" : 1756428742237,
      "tn" : 1756428742237686966,
      "q" : "0.018",
      "p" : "0.0010104",
      "s" : "buy",
      "i" : "LTC_BTC",
      "m" : "4611686018429659525"
    }, {
      "d" : "1756428740319774596",
      "t" : 1756428740319,
      "tn" : 1756428740319774596,
      "q" : "0.018",
      "p" : "0.0010103",
      "s" : "buy",
      "i" : "LTC_BTC",
      "m" : "4611686018429659524"
    }, {
      "d" : "1756428648341984650",
      "t" : 1756428648341,
      "tn" : 1756428648341984650,
      "q" : "0.005",
      "p" : "0.0010087",
      "s" : "sell",
      "i" : "LTC_BTC",
      "m" : "4611686018429659523"
    }, {
      "d" : "1756427324081235170",
      "t" : 1756427324081,
      "tn" : 1756427324081235170,
      "q" : "0.018",
      "p" : "0.0010089",
      "s" : "buy",
      "i" : "LTC_BTC",
      "m" : "4611686018429659522"
    }, {
      "d" : "1756426916980548526",
      "t" : 1756426916980,
      "tn" : 1756426916980548526,
      "q" : "0.018",
      "p" : "0.0010090",
      "s" : "buy",
      "i" : "LTC_BTC",
      "m" : "4611686018429659521"
    }, {
      "d" : "1756426912835433098",
      "t" : 1756426912835,
      "tn" : 1756426912835433098,
      "q" : "0.018",
      "p" : "0.0010089",
      "s" : "buy",
      "i" : "LTC_BTC",
      "m" : "4611686018429659520"
    }, {
      "d" : "1756426871160876788",
      "t" : 1756426871160,
      "tn" : 1756426871160876788,
      "q" : "0.018",
      "p" : "0.0010085",
      "s" : "buy",
      "i" : "LTC_BTC",
      "m" : "4611686018429659519"
    }, {
      "d" : "1756426546415252698",
      "t" : 1756426546415,
      "tn" : 1756426546415252698,
      "q" : "0.018",
      "p" : "0.0010082",
      "s" : "buy",
      "i" : "LTC_BTC",
      "m" : "4611686018429659518"
    }, {
      "d" : "1756425856133675123",
      "t" : 1756425856133,
      "tn" : 1756425856133675123,
      "q" : "0.018",
      "p" : "0.0010093",
      "s" : "sell",
      "i" : "LTC_BTC",
      "m" : "4611686018429659517"
    }, {
      "d" : "1756425642205646462",
      "t" : 1756425642205,
      "tn" : 1756425642205646462,
      "q" : "0.018",
      "p" : "0.0010100",
      "s" : "buy",
      "i" : "LTC_BTC",
      "m" : "4611686018429659516"
    }, {
      "d" : "1756424060550012924",
      "t" : 1756424060550,
      "tn" : 1756424060550012924,
      "q" : "4.449",
      "p" : "0.0010096",
      "s" : "sell",
      "i" : "LTC_BTC",
      "m" : "4611686018429659515"
    }, {
      "d" : "1756423170500538459",
      "t" : 1756423170500,
      "tn" : 1756423170500538459,
      "q" : "0.421",
      "p" : "0.0010120",
      "s" : "sell",
      "i" : "LTC_BTC",
      "m" : "4611686018429659514"
    }, {
      "d" : "1756422001527949488",
      "t" : 1756422001527,
      "tn" : 1756422001527949488,
      "q" : "0.018",
      "p" : "0.0010127",
      "s" : "buy",
      "i" : "LTC_BTC",
      "m" : "4611686018429659513"
    }, {
      "d" : "1756422001527947603",
      "t" : 1756422001527,
      "tn" : 1756422001527947603,
      "q" : "0.018",
      "p" : "0.0010126",
      "s" : "buy",
      "i" : "LTC_BTC",
      "m" : "4611686018429659512"
    }, {
      "d" : "1756421730499062718",
      "t" : 1756421730499,
      "tn" : 1756421730499062718,
      "q" : "0.018",
      "p" : "0.0010123",
      "s" : "buy",
      "i" : "LTC_BTC",
      "m" : "4611686018429659511"
    }, {
      "d" : "1756420965345299487",
      "t" : 1756420965345,
      "tn" : 1756420965345299487,
      "q" : "0.020",
      "p" : "0.0010129",
      "s" : "buy",
      "i" : "LTC_BTC",
      "m" : "4611686018429659510"
    }, {
      "d" : "1756420956268373193",
      "t" : 1756420956268,
      "tn" : 1756420956268373193,
      "q" : "0.027",
      "p" : "0.0010129",
      "s" : "buy",
      "i" : "LTC_BTC",
      "m" : "4611686018429659509"
    }, {
      "d" : "1756420952281473179",
      "t" : 1756420952281,
      "tn" : 1756420952281473179,
      "q" : "0.027",
      "p" : "0.0010129",
      "s" : "buy",
      "i" : "LTC_BTC",
      "m" : "4611686018429659508"
    }, {
      "d" : "1756420946744595607",
      "t" : 1756420946744,
      "tn" : 1756420946744595607,
      "q" : "0.027",
      "p" : "0.0010130",
      "s" : "buy",
      "i" : "LTC_BTC",
      "m" : "4611686018429659507"
    }, {
      "d" : "1756420926401220690",
      "t" : 1756420926401,
      "tn" : 1756420926401220690,
      "q" : "0.323",
      "p" : "0.0010128",
      "s" : "buy",
      "i" : "LTC_BTC",
      "m" : "4611686018429659506"
    }, {
      "d" : "1756419553838333528",
      "t" : 1756419553838,
      "tn" : 1756419553838333528,
      "q" : "1.500",
      "p" : "0.0010097",
      "s" : "buy",
      "i" : "LTC_BTC",
      "m" : "4611686018429659505"
    }, {
      "d" : "1756416831848479544",
      "t" : 1756416831848,
      "tn" : 1756416831848479544,
      "q" : "0.018",
      "p" : "0.0010087",
      "s" : "buy",
      "i" : "LTC_BTC",
      "m" : "4611686018429659504"
    }, {
      "d" : "1756416128685237331",
      "t" : 1756416128685,
      "tn" : 1756416128685237331,
      "q" : "0.018",
      "p" : "0.0010067",
      "s" : "buy",
      "i" : "LTC_BTC",
      "m" : "4611686018429659503"
    }, {
      "d" : "1756415318117223298",
      "t" : 1756415318117,
      "tn" : 1756415318117223298,
      "q" : "0.018",
      "p" : "0.0010040",
      "s" : "sell",
      "i" : "LTC_BTC",
      "m" : "4611686018429659502"
    }, {
      "d" : "1756414285415661462",
      "t" : 1756414285415,
      "tn" : 1756414285415661461,
      "q" : "0.285",
      "p" : "0.0010032",
      "s" : "buy",
      "i" : "LTC_BTC",
      "m" : "4611686018429659501"
    }, {
      "d" : "1756414285415661461",
      "t" : 1756414285415,
      "tn" : 1756414285415661461,
      "q" : "1.500",
      "p" : "0.0010032",
      "s" : "buy",
      "i" : "LTC_BTC",
      "m" : "4611686018429659501"
    }, {
      "d" : "1756414285415657683",
      "t" : 1756414285415,
      "tn" : 1756414285415657683,
      "q" : "8.179",
      "p" : "0.0010031",
      "s" : "buy",
      "i" : "LTC_BTC",
      "m" : "4611686018429659500"
    }, {
      "d" : "1756414285415654778",
      "t" : 1756414285415,
      "tn" : 1756414285415654778,
      "q" : "0.018",
      "p" : "0.0010029",
      "s" : "buy",
      "i" : "LTC_BTC",
      "m" : "4611686018429659499"
    }, {
      "d" : "1756414285415651809",
      "t" : 1756414285415,
      "tn" : 1756414285415651809,
      "q" : "0.018",
      "p" : "0.0010028",
      "s" : "buy",
      "i" : "LTC_BTC",
      "m" : "4611686018429659498"
    }, {
      "d" : "1756414248341636676",
      "t" : 1756414248341,
      "tn" : 1756414248341636676,
      "q" : "0.005",
      "p" : "0.0010006",
      "s" : "sell",
      "i" : "LTC_BTC",
      "m" : "4611686018429659497"
    }, {
      "d" : "1756414194170906849",
      "t" : 1756414194170,
      "tn" : 1756414194170906849,
      "q" : "0.158",
      "p" : "0.0010009",
      "s" : "buy",
      "i" : "LTC_BTC",
      "m" : "4611686018429659496"
    }, {
      "d" : "1756414191961349090",
      "t" : 1756414191961,
      "tn" : 1756414191961349090,
      "q" : "0.341",
      "p" : "0.0010009",
      "s" : "buy",
      "i" : "LTC_BTC",
      "m" : "4611686018429659495"
    }, {
      "d" : "1756414179673193234",
      "t" : 1756414179673,
      "tn" : 1756414179673193234,
      "q" : "1.501",
      "p" : "0.0010009",
      "s" : "buy",
      "i" : "LTC_BTC",
      "m" : "4611686018429659494"
    }, {
      "d" : "1756413451883257621",
      "t" : 1756413451883,
      "tn" : 1756413451883257621,
      "q" : "0.018",
      "p" : "0.0010017",
      "s" : "sell",
      "i" : "LTC_BTC",
      "m" : "4611686018429659493"
    }, {
      "d" : "1756413451854018745",
      "t" : 1756413451854,
      "tn" : 1756413451854018745,
      "q" : "0.018",
      "p" : "0.0010018",
      "s" : "sell",
      "i" : "LTC_BTC",
      "m" : "4611686018429659492"
    }, {
      "d" : "1756412884638692442",
      "t" : 1756412884638,
      "tn" : 1756412884638692442,
      "q" : "0.018",
      "p" : "0.0010022",
      "s" : "buy",
      "i" : "LTC_BTC",
      "m" : "4611686018429659491"
    }, {
      "d" : "1756411362240037128",
      "t" : 1756411362240,
      "tn" : 1756411362240037128,
      "q" : "0.018",
      "p" : "0.0009999",
      "s" : "buy",
      "i" : "LTC_BTC",
      "m" : "4611686018429659490"
    }, {
      "d" : "1756411288956631391",
      "t" : 1756411288956,
      "tn" : 1756411288956631391,
      "q" : "0.018",
      "p" : "0.0009985",
      "s" : "buy",
      "i" : "LTC_BTC",
      "m" : "4611686018429659489"
    }, {
      "d" : "1756410115160752641",
      "t" : 1756410115160,
      "tn" : 1756410115160752641,
      "q" : "0.200",
      "p" : "0.0010003",
      "s" : "sell",
      "i" : "LTC_BTC",
      "m" : "4611686018429659488"
    }, {
      "d" : "1756408107653408476",
      "t" : 1756408107653,
      "tn" : 1756408107653408476,
      "q" : "1.500",
      "p" : "0.0010014",
      "s" : "buy",
      "i" : "LTC_BTC",
      "m" : "4611686018429659487"
    }, {
      "d" : "1756407411235527898",
      "t" : 1756407411235,
      "tn" : 1756407411235527889,
      "q" : "0.571",
      "p" : "0.0010012",
      "s" : "sell",
      "i" : "LTC_BTC",
      "m" : "4611686018429659486"
    }, {
      "d" : "1756407411235527897",
      "t" : 1756407411235,
      "tn" : 1756407411235527889,
      "q" : "0.571",
      "p" : "0.0010012",
      "s" : "sell",
      "i" : "LTC_BTC",
      "m" : "4611686018429659486"
    }, {
      "d" : "1756407411235527896",
      "t" : 1756407411235,
      "tn" : 1756407411235527889,
      "q" : "0.571",
      "p" : "0.0010012",
      "s" : "sell",
      "i" : "LTC_BTC",
      "m" : "4611686018429659486"
    }, {
      "d" : "1756407411235527895",
      "t" : 1756407411235,
      "tn" : 1756407411235527889,
      "q" : "0.571",
      "p" : "0.0010012",
      "s" : "sell",
      "i" : "LTC_BTC",
      "m" : "4611686018429659486"
    }, {
      "d" : "1756407411235527894",
      "t" : 1756407411235,
      "tn" : 1756407411235527889,
      "q" : "0.571",
      "p" : "0.0010012",
      "s" : "sell",
      "i" : "LTC_BTC",
      "m" : "4611686018429659486"
    }, {
      "d" : "1756407411235527893",
      "t" : 1756407411235,
      "tn" : 1756407411235527889,
      "q" : "0.571",
      "p" : "0.0010012",
      "s" : "sell",
      "i" : "LTC_BTC",
      "m" : "4611686018429659486"
    }, {
      "d" : "1756407411235527892",
      "t" : 1756407411235,
      "tn" : 1756407411235527889,
      "q" : "0.571",
      "p" : "0.0010012",
      "s" : "sell",
      "i" : "LTC_BTC",
      "m" : "4611686018429659486"
    }, {
      "d" : "1756407411235527891",
      "t" : 1756407411235,
      "tn" : 1756407411235527889,
      "q" : "0.571",
      "p" : "0.0010012",
      "s" : "sell",
      "i" : "LTC_BTC",
      "m" : "4611686018429659486"
    }, {
      "d" : "1756407411235527890",
      "t" : 1756407411235,
      "tn" : 1756407411235527889,
      "q" : "0.571",
      "p" : "0.0010012",
      "s" : "sell",
      "i" : "LTC_BTC",
      "m" : "4611686018429659486"
    }, {
      "d" : "1756407411235527889",
      "t" : 1756407411235,
      "tn" : 1756407411235527889,
      "q" : "0.571",
      "p" : "0.0010012",
      "s" : "sell",
      "i" : "LTC_BTC",
      "m" : "4611686018429659486"
    }, {
      "d" : "1756403856338677175",
      "t" : 1756403856338,
      "tn" : 1756403856338677175,
      "q" : "4.572",
      "p" : "0.0010012",
      "s" : "buy",
      "i" : "LTC_BTC",
      "m" : "4611686018429659485"
    }, {
      "d" : "1756403818404533561",
      "t" : 1756403818404,
      "tn" : 1756403818404533561,
      "q" : "3.036",
      "p" : "0.0010004",
      "s" : "sell",
      "i" : "LTC_BTC",
      "m" : "4611686018429659484"
    }, {
      "d" : "1756403818404531804",
      "t" : 1756403818404,
      "tn" : 1756403818404531804,
      "q" : "1.500",
      "p" : "0.0010006",
      "s" : "sell",
      "i" : "LTC_BTC",
      "m" : "4611686018429659483"
    }, {
      "d" : "1756403818404528913",
      "t" : 1756403818404,
      "tn" : 1756403818404528913,
      "q" : "0.018",
      "p" : "0.0010009",
      "s" : "sell",
      "i" : "LTC_BTC",
      "m" : "4611686018429659482"
    }, {
      "d" : "1756403818404526377",
      "t" : 1756403818404,
      "tn" : 1756403818404526377,
      "q" : "0.018",
      "p" : "0.0010010",
      "s" : "sell",
      "i" : "LTC_BTC",
      "m" : "4611686018429659481"
    }, {
      "d" : "1756400435506970047",
      "t" : 1756400435506,
      "tn" : 1756400435506970047,
      "q" : "4.467",
      "p" : "0.0009951",
      "s" : "buy",
      "i" : "LTC_BTC",
      "m" : "4611686018429659480"
    }, {
      "d" : "1756400402550148506",
      "t" : 1756400402550,
      "tn" : 1756400402550148506,
      "q" : "0.011",
      "p" : "0.0009933",
      "s" : "sell",
      "i" : "LTC_BTC",
      "m" : "4611686018429659479"
    }, {
      "d" : "1756400364494518133",
      "t" : 1756400364494,
      "tn" : 1756400364494518133,
      "q" : "0.018",
      "p" : "0.0009946",
      "s" : "sell",
      "i" : "LTC_BTC",
      "m" : "4611686018429659478"
    }, {
      "d" : "1756400318605827565",
      "t" : 1756400318605,
      "tn" : 1756400318605827565,
      "q" : "0.018",
      "p" : "0.0009960",
      "s" : "sell",
      "i" : "LTC_BTC",
      "m" : "4611686018429659477"
    }, {
      "d" : "1756400294026726426",
      "t" : 1756400294026,
      "tn" : 1756400294026726426,
      "q" : "0.018",
      "p" : "0.0009968",
      "s" : "sell",
      "i" : "LTC_BTC",
      "m" : "4611686018429659476"
    }, {
      "d" : "1756399848341326891",
      "t" : 1756399848341,
      "tn" : 1756399848341326891,
      "q" : "0.005",
      "p" : "0.0009995",
      "s" : "sell",
      "i" : "LTC_BTC",
      "m" : "4611686018429659475"
    }, {
      "d" : "1756398273425843592",
      "t" : 1756398273425,
      "tn" : 1756398273425843592,
      "q" : "0.018",
      "p" : "0.0010011",
      "s" : "sell",
      "i" : "LTC_BTC",
      "m" : "4611686018429659474"
    }, {
      "d" : "1756396275461252738",
      "t" : 1756396275461,
      "tn" : 1756396275461252737,
      "q" : "1.771",
      "p" : "0.0009994",
      "s" : "sell",
      "i" : "LTC_BTC",
      "m" : "4611686018429659473"
    }, {
      "d" : "1756396275461252737",
      "t" : 1756396275461,
      "tn" : 1756396275461252737,
      "q" : "1.753",
      "p" : "0.0009994",
      "s" : "sell",
      "i" : "LTC_BTC",
      "m" : "4611686018429659473"
    }, {
      "d" : "1756396199125763004",
      "t" : 1756396199125,
      "tn" : 1756396199125763004,
      "q" : "0.018",
      "p" : "0.0009994",
      "s" : "buy",
      "i" : "LTC_BTC",
      "m" : "4611686018429659472"
    }, {
      "d" : "1756395702420906673",
      "t" : 1756395702420,
      "tn" : 1756395702420906673,
      "q" : "0.001",
      "p" : "0.0009994",
      "s" : "sell",
      "i" : "LTC_BTC",
      "m" : "4611686018429659471"
    }, {
      "d" : "1756395693224834219",
      "t" : 1756395693224,
      "tn" : 1756395693224834219,
      "q" : "0.041",
      "p" : "0.0009994",
      "s" : "sell",
      "i" : "LTC_BTC",
      "m" : "4611686018429659470"
    }, {
      "d" : "1756395680973669274",
      "t" : 1756395680973,
      "tn" : 1756395680973669274,
      "q" : "0.018",
      "p" : "0.0010001",
      "s" : "sell",
      "i" : "LTC_BTC",
      "m" : "4611686018429659469"
    }, {
      "d" : "1756395537366067724",
      "t" : 1756395537366,
      "tn" : 1756395537366067724,
      "q" : "0.018",
      "p" : "0.0010013",
      "s" : "sell",
      "i" : "LTC_BTC",
      "m" : "4611686018429659468"
    }, {
      "d" : "1756395537178364472",
      "t" : 1756395537178,
      "tn" : 1756395537178364472,
      "q" : "0.018",
      "p" : "0.0010014",
      "s" : "sell",
      "i" : "LTC_BTC",
      "m" : "4611686018429659467"
    }, {
      "d" : "1756395507248404078",
      "t" : 1756395507248,
      "tn" : 1756395507248404078,
      "q" : "0.297",
      "p" : "0.0010036",
      "s" : "sell",
      "i" : "LTC_BTC",
      "m" : "4611686018429659466"
    }, {
      "d" : "1756395507230051087",
      "t" : 1756395507230,
      "tn" : 1756395507230051087,
      "q" : "2.490",
      "p" : "0.0010036",
      "s" : "sell",
      "i" : "LTC_BTC",
      "m" : "4611686018429659465"
    }, {
      "d" : "1756395507188669645",
      "t" : 1756395507188,
      "tn" : 1756395507188669645,
      "q" : "0.146",
      "p" : "0.0010036",
      "s" : "sell",
      "i" : "LTC_BTC",
      "m" : "4611686018429659464"
    }, {
      "d" : "1756395507174858045",
      "t" : 1756395507174,
      "tn" : 1756395507174858045,
      "q" : "0.076",
      "p" : "0.0010036",
      "s" : "sell",
      "i" : "LTC_BTC",
      "m" : "4611686018429659463"
    }, {
      "d" : "1756395507174468479",
      "t" : 1756395507174,
      "tn" : 1756395507174468479,
      "q" : "3.112",
      "p" : "0.0010036",
      "s" : "sell",
      "i" : "LTC_BTC",
      "m" : "4611686018429659462"
    }, {
      "d" : "1756394952986223006",
      "t" : 1756394952986,
      "tn" : 1756394952986223006,
      "q" : "0.018",
      "p" : "0.0010082",
      "s" : "sell",
      "i" : "LTC_BTC",
      "m" : "4611686018429659461"
    }, {
      "d" : "1756394669923320793",
      "t" : 1756394669923,
      "tn" : 1756394669923320793,
      "q" : "0.018",
      "p" : "0.0010099",
      "s" : "sell",
      "i" : "LTC_BTC",
      "m" : "4611686018429659460"
    }, {
      "d" : "1756394392421563645",
      "t" : 1756394392421,
      "tn" : 1756394392421563645,
      "q" : "0.018",
      "p" : "0.0010120",
      "s" : "sell",
      "i" : "LTC_BTC",
      "m" : "4611686018429659459"
    }, {
      "d" : "1756394392393339195",
      "t" : 1756394392393,
      "tn" : 1756394392393339195,
      "q" : "0.018",
      "p" : "0.0010121",
      "s" : "sell",
      "i" : "LTC_BTC",
      "m" : "4611686018429659458"
    }, {
      "d" : "1756394080252394868",
      "t" : 1756394080252,
      "tn" : 1756394080252394868,
      "q" : "0.018",
      "p" : "0.0010110",
      "s" : "sell",
      "i" : "LTC_BTC",
      "m" : "4611686018429659457"
    }, {
      "d" : "1756393829748077670",
      "t" : 1756393829748,
      "tn" : 1756393829748077670,
      "q" : "0.018",
      "p" : "0.0010120",
      "s" : "sell",
      "i" : "LTC_BTC",
      "m" : "4611686018429659456"
    }, {
      "d" : "1756392776027727042",
      "t" : 1756392776027,
      "tn" : 1756392776027727042,
      "q" : "0.364",
      "p" : "0.0010093",
      "s" : "buy",
      "i" : "LTC_BTC",
      "m" : "4611686018429659455"
    }, {
      "d" : "1756391119149064015",
      "t" : 1756391119149,
      "tn" : 1756391119149064015,
      "q" : "0.018",
      "p" : "0.0010088",
      "s" : "sell",
      "i" : "LTC_BTC",
      "m" : "4611686018429659454"
    }, {
      "d" : "1756390992247619492",
      "t" : 1756390992247,
      "tn" : 1756390992247619492,
      "q" : "0.018",
      "p" : "0.0010099",
      "s" : "sell",
      "i" : "LTC_BTC",
      "m" : "4611686018429659453"
    }, {
      "d" : "1756390094273872866",
      "t" : 1756390094273,
      "tn" : 1756390094273872866,
      "q" : "0.018",
      "p" : "0.0010091",
      "s" : "buy",
      "i" : "LTC_BTC",
      "m" : "4611686018429659452"
    } ]
  }
}