{
  "id" : -1,
  "method" : "public/get-trades",
  "code" : 0,
  "result" : {
    "data" : [ {
      "d" : "1756461614495763533",
      "t" : 1756461614495,
      "tn" : 1756461614495763533,
      "q" : "1.76",
      "p" : "110.233",
      "s" : "sell",
      "i" : "LTCUSD-PERP",
      "m" : "4611686018433446909"
    }, {
      "d" : "1756461614495761190",
      "t" : 1756461614495,
      "tn" : 1756461614495761190,
      "q" : "0.01",
      "p" : "110.239",
      "s" : "sell",
      "i" : "LTCUSD-PERP",
      "m" : "4611686018433446908"
    }, {
      "d" : "1756461606206842808",
      "t" : 1756461606206,
      "tn" : 1756461606206842808,
      "q" : "0.01",
      "p" : "110.221",
      "s" : "buy",
      "i" : "LTCUSD-PERP",
      "m" : "4611686018433446907"
    }, {
      "d" : "1756461604444553380",
      "t" : 1756461604444,
      "tn" : 1756461604444553380,
      "q" : "0.01",
      "p" : "110.229",
      "s" : "sell",
      "i" : "LTCUSD-PERP",
      "m" : "4611686018433446906"
    }, {
      "d" : "1756461604440147203",
      "t" : 1756461604440,
      "tn" : 1756461604440147203,
      "q" : "0.50",
      "p" : "110.231",
      "s" : "sell",
      "i" : "LTCUSD-PERP",
      "m" : "4611686018433446905"
    }, {
      "d" : "1756461603400438094",
      "t" : 1756461603400,
      "tn" : 1756461603400438094,
      "q" : "0.01",
      "p" : "110.261",
      "s" : "sell",
      "i" : "LTCUSD-PERP",
      "m" : "4611686018433446904"
    }, {
      "d" : "1756461601366237344",
      "t" : 1756461601366,
      "tn" : 1756461601366237344,
      "q" : "1.76",
      "p" : "110.270",
      "s" : "sell",
      "i" : "LTCUSD-PERP",
      "m" : "4611686018433446903"
    }, {
      "d" : "1756461601333484689",
      "t" : 1756461601333,
      "tn" : 1756461601333484689,
      "q" : "0.50",
      "p" : "110.262",
      "s" : "sell",
      "i" : "LTCUSD-PERP",
      "m" : "4611686018433446902"
    }, {
      "d" : "1756461601333484020",
      "t" : 1756461601333,
      "tn" : 1756461601333484020,
      "q" : "1.63",
      "p" : "110.263",
      "s" : "sell",
      "i" : "LTCUSD-PERP",
      "m" : "4611686018433446901"
    }, {
      "d" : "1756461601333235727",
      "t" : 1756461601333,
      "tn" : 1756461601333235727,
      "q" : "0.13",
      "p" : "110.263",
      "s" : "sell",
      "i" : "LTCUSD-PERP",
      "m" : "4611686018433446900"
    }, {
      "d" : "1756461601333143785",
      "t" : 1756461601333,
      "tn" : 1756461601333143785,
      "q" : "0.01",
      "p" : "110.283",
      "s" : "sell",
      "i" : "LTCUSD-PERP",
      "m" : "4611686018433446899"
    }, {
      "d" : "1756461600944830170",
      "t" : 1756461600944,
      "tn" : 1756461600944830170,
      "q" : "0.01",
      "p" : "110.305",
      "s" : "sell",
      "i" : "LTCUSD-PERP",
      "m" : "4611686018433446898"
    }, {
      "d" : "1756461579739216876",
      "t" : 1756461579739,
      "tn" : 1756461579739216876,
      "q" : "0.01",
      "p" : "110.287",
      "s" : "buy",
      "i" : "LTCUSD-PERP",
      "m" : "4611686018433446897"
    }, {
      "d" : "1756461576421794356",
      "t" : 1756461576421,
      "tn" : 1756461576421794356,
      "q" : "0.01",
      "p" : "110.305",
      "s" : "sell",
      "i" : "LTCUSD-PERP",
      "m" : "4611686018433446896"
    }, {
      "d" : "1756461541233216841",
      "t" : 1756461541233,
      "tn" : 1756461541233216841,
      "q" : "0.01",
      "p" : "110.286",
      "s" : "buy",
      "i" : "LTCUSD-PERP",
      "m" : "4611686018433446895"
    }, {
      "d" : "1756461541233214378",
      "t" : 1756461541233,
      "tn" : 1756461541233214378,
      "q" : "0.01",
      "p" : "110.277",
      "s" : "buy",
      "i" : "LTCUSD-PERP",
      "m" : "4611686018433446894"
    }, {
      "d" : "1756461534277624261",
      "t" : 1756461534277,
      "tn" : 1756461534277624261,
      "q" : "0.01",
      "p" : "110.275",
      "s" : "buy",
      "i" : "LTCUSD-PERP",
      "m" : "4611686018433446893"
    }, {
      "d" : "1756461534277621685",
      "t" : 1756461534277,
      "tn" : 1756461534277621685,
      "q" : "0.01",
      "p" : "110.265",
      "s" : "buy",
      "i" : "LTCUSD-PERP",
      "m" : "4611686018433446892"
    }, {
      "d" : "1756461532677264466",
      "t" : 1756461532677,
      "tn" : 1756461532677264466,
      "q" : "0.01",
      "p" : "110.253",
      "s" : "buy",
      "i" : "LTCUSD-PERP",
      "m" : "4611686018433446891"
    }, {
      "d" : "1756461532677029331",
      "t" : 1756461532677,
      "tn" : 1756461532677029331,
      "q" : "0.01",
      "p" : "110.243",
      "s" : "buy",
      "i" : "LTCUSD-PERP",
      "m" : "4611686018433446890"
    }, {
      "d" : "1756461529510465649",
      "t" : 1756461529510,
      "tn" : 1756461529510465649,
      "q" : "0.01",
      "p" : "110.261",
      "s" : "sell",
      "i" : "LTCUSD-PERP",
      "m" : "4611686018433446889"
    }, {
      "d" : "1756461527401127399",
      "t" : 1756461527401,
      "tn" : 1756461527401127399,
      "q" : "1.76",
      "p" : "110.275",
      "s" : "sell",
      "i" : "LTCUSD-PERP",
      "m" : "4611686018433446888"
    }, {
      "d" : "1756461527401124604",
      "t" : 1756461527401,
      "tn" : 1756461527401124604,
      "q" : "0.01",
      "p" : "110.283",
      "s" : "sell",
      "i" : "LTCUSD-PERP",
      "m" : "4611686018433446887"
    }, {
      "d" : "1756461498686010800",
      "t" : 1756461498686,
      "tn" : 1756461498686010800,
      "q" : "0.01",
      "p" : "110.295",
      "s" : "sell",
      "i" : "LTCUSD-PERP",
      "m" : "4611686018433446886"
    }, {
      "d" : "1756461491784741302",
      "t" : 1756461491784,
      "tn" : 1756461491784741302,
      "q" : "0.01",
      "p" : "110.327",
      "s" : "sell",
      "i" : "LTCUSD-PERP",
      "m" : "4611686018433446885"
    }, {
      "d" : "1756461442529831973",
      "t" : 1756461442529,
      "tn" : 1756461442529831973,
      "q" : "0.01",
      "p" : "110.319",
      "s" : "buy",
      "i" : "LTCUSD-PERP",
      "m" : "4611686018433446884"
    }, {
      "d" : "1756461440962150508",
      "t" : 1756461440962,
      "tn" : 1756461440962150508,
      "q" : "0.01",
      "p" : "110.287",
      "s" : "buy",
      "i" : "LTCUSD-PERP",
      "m" : "4611686018433446883"
    }, {
      "d" : "1756461429088822328",
      "t" : 1756461429088,
      "tn" : 1756461429088822328,
      "q" : "0.01",
      "p" : "110.275",
      "s" : "buy",
      "i" : "LTCUSD-PERP",
      "m" : "4611686018433446882"
    }, {
      "d" : "1756461423508511561",
      "t" : 1756461423508,
      "tn" : 1756461423508511561,
      "q" : "0.01",
      "p" : "110.283",
      "s" : "sell",
      "i" : "LTCUSD-PERP",
      "m" : "4611686018433446881"
    }, {
      "d" : "1756461423310926337",
      "t" : 1756461423310,
      "tn" : 1756461423310926337,
      "q" : "0.01",
      "p" : "110.305",
      "s" : "sell",
      "i" : "LTCUSD-PERP",
      "m" : "4611686018433446880"
    }, {
      "d" : "1756461404023877601",
      "t" : 1756461404023,
      "tn" : 1756461404023877601,
      "q" : "1.76",
      "p" : "110.293",
      "s" : "buy",
      "i" : "LTCUSD-PERP",
      "m" : "4611686018433446879"
    }, {
      "d" : "1756461404023874719",
      "t" : 1756461404023,
      "tn" : 1756461404023874719,
      "q" : "0.01",
      "p" : "110.286",
      "s" : "buy",
      "i" : "LTCUSD-PERP",
      "m" : "4611686018433446878"
    }, {
      "d" : "1756461404023871786",
      "t" : 1756461404023,
      "tn" : 1756461404023871786,
      "q" : "0.01",
      "p" : "110.277",
      "s" : "buy",
      "i" : "LTCUSD-PERP",
      "m" : "4611686018433446877"
    }, {
      "d" : "1756461393709333110",
      "t" : 1756461393709,
      "tn" : 1756461393709333110,
      "q" : "0.01",
      "p" : "110.265",
      "s" : "buy",
      "i" : "LTCUSD-PERP",
      "m" : "4611686018433446876"
    }, {
      "d" : "1756461387682517735",
      "t" : 1756461387682,
      "tn" : 1756461387682517735,
      "q" : "1.76",
      "p" : "110.260",
      "s" : "buy",
      "i" : "LTCUSD-PERP",
      "m" : "4611686018433446875"
    }, {
      "d" : "1756461387682515118",
      "t" : 1756461387682,
      "tn" : 1756461387682515118,
      "q" : "0.01",
      "p" : "110.253",
      "s" : "buy",
      "i" : "LTCUSD-PERP",
      "m" : "4611686018433446874"
    }, {
      "d" : "1756461385940261438",
      "t" : 1756461385940,
      "tn" : 1756461385940261438,
      "q" : "1.76",
      "p" : "110.276",
      "s" : "sell",
      "i" : "LTCUSD-PERP",
      "m" : "4611686018433446873"
    }, {
      "d" : "1756461385940259078",
      "t" : 1756461385940,
      "tn" : 1756461385940259078,
      "q" : "0.01",
      "p" : "110.281",
      "s" : "sell",
      "i" : "LTCUSD-PERP",
      "m" : "4611686018433446872"
    }, {
      "d" : "1756461383693741113",
      "t" : 1756461383693,
      "tn" : 1756461383693741113,
      "q" : "0.01",
      "p" : "110.293",
      "s" : "sell",
      "i" : "LTCUSD-PERP",
      "m" : "4611686018433446871"
    }, {
      "d" : "1756461382473024764",
      "t" : 1756461382473,
      "tn" : 1756461382473024764,
      "q" : "0.01",
      "p" : "110.305",
      "s" : "sell",
      "i" : "LTCUSD-PERP",
      "m" : "4611686018433446870"
    }, {
      "d" : "1756461363693316436",
      "t" : 1756461363693,
      "tn" : 1756461363693316436,
      "q" : "0.01",
      "p" : "110.297",
      "s" : "buy",
      "i" : "LTCUSD-PERP",
      "m" : "4611686018433446869"
    }, {
      "d" : "1756461363248518311",
      "t" : 1756461363248,
      "tn" : 1756461363248518311,
      "q" : "0.01",
      "p" : "110.285",
      "s" : "buy",
      "i" : "LTCUSD-PERP",
      "m" : "4611686018433446868"
    }, {
      "d" : "1756461343622322548",
      "t" : 1756461343622,
      "tn" : 1756461343622322548,
      "q" : "0.01",
      "p" : "110.297",
      "s" : "sell",
      "i" : "LTCUSD-PERP",
      "m" : "4611686018433446867"
    }, {
      "d" : "1756461342990475075",
      "t" : 1756461342990,
      "tn" : 1756461342990475075,
      "q" : "0.01",
      "p" : "110.305",
      "s" : "sell",
      "i" : "LTCUSD-PERP",
      "m" : "4611686018433446866"
    }, {
      "d" : "1756461342941888491",
      "t" : 1756461342941,
      "tn" : 1756461342941888491,
      "q" : "1.76",
      "p" : "110.307",
      "s" : "sell",
      "i" : "LTCUSD-PERP",
      "m" : "4611686018433446865"
    }, {
      "d" : "1756461339896533493",
      "t" : 1756461339896,
      "tn" : 1756461339896533493,
      "q" : "0.01",
      "p" : "110.297",
      "s" : "buy",
      "i" : "LTCUSD-PERP",
      "m" : "4611686018433446864"
    }, {
      "d" : "1756461339045584165",
      "t" : 1756461339045,
      "tn" : 1756461339045584165,
      "q" : "0.01",
      "p" : "110.275",
      "s" : "buy",
      "i" : "LTCUSD-PERP",
      "m" : "4611686018433446863"
    }, {
      "d" : "1756461337701228474",
      "t" : 1756461337701,
      "tn" : 1756461337701228474,
      "q" : "1.76",
      "p" : "110.273",
      "s" : "buy",
      "i" : "LTCUSD-PERP",
      "m" : "4611686018433446862"
    }, {
      "d" : "1756461328834779615",
      "t" : 1756461328834,
      "tn" : 1756461328834779615,
      "q" : "0.01",
      "p" : "110.283",
      "s" : "sell",
      "i" : "LTCUSD-PERP",
      "m" : "4611686018433446861"
    }, {
      "d" : "1756461307370634037",
      "t" : 1756461307370,
      "tn" : 1756461307370634037,
      "q" : "1.76",
      "p" : "110.299",
      "s" : "sell",
      "i" : "LTCUSD-PERP",
      "m" : "4611686018433446860"
    }, {
      "d" : "1756461307370632728",
      "t" : 1756461307370,
      "tn" : 1756461307370632728,
      "q" : "0.01",
      "p" : "110.305",
      "s" : "sell",
      "i" : "LTCUSD-PERP",
      "m" : "4611686018433446859"
    }, {
      "d" : "1756461304524149777",
      "t" : 1756461304524,
      "tn" : 1756461304524149777,
      "q" : "0.01",
      "p" : "110.317",
      "s" : "sell",
      "i" : "LTCUSD-PERP",
      "m" : "4611686018433446858"
    }, {
      "d" : "1756461300147728877",
      "t" : 1756461300147,
      "tn" : 1756461300147728877,
      "q" : "0.01",
      "p" : "110.319",
      "s" : "buy",
      "i" : "LTCUSD-PERP",
      "m" : "4611686018433446857"
    }, {
      "d" : "1756461300147726202",
      "t" : 1756461300147,
      "tn" : 1756461300147726202,
      "q" : "0.01",
      "p" : "110.309",
      "s" : "buy",
      "i" : "LTCUSD-PERP",
      "m" : "4611686018433446856"
    }, {
      "d" : "1756461298191477002",
      "t" : 1756461298191,
      "tn" : 1756461298191477002,
      "q" : "0.01",
      "p" : "110.297",
      "s" : "buy",
      "i" : "LTCUSD-PERP",
      "m" : "4611686018433446855"
    }, {
      "d" : "1756461290903294101",
      "t" : 1756461290903,
      "tn" : 1756461290903294101,
      "q" : "1.76",
      "p" : "110.296",
      "s" : "buy",
      "i" : "LTCUSD-PERP",
      "m" : "4611686018433446854"
    }, {
      "d" : "1756461290903291710",
      "t" : 1756461290903,
      "tn" : 1756461290903291710,
      "q" : "0.01",
      "p" : "110.285",
      "s" : "buy",
      "i" : "LTCUSD-PERP",
      "m" : "4611686018433446853"
    }, {
      "d" : "1756461275079029849",
      "t" : 1756461275079,
      "tn" : 1756461275079029849,
      "q" : "0.01",
      "p" : "110.253",
      "s" : "buy",
      "i" : "LTCUSD-PERP",
      "m" : "4611686018433446852"
    }, {
      "d" : "1756461267199614236",
      "t" : 1756461267199,
      "tn" : 1756461267199614236,
      "q" : "0.01",
      "p" : "110.261",
      "s" : "sell",
      "i" : "LTCUSD-PERP",
      "m" : "4611686018433446851"
    }, {
      "d" : "1756461261857180384",
      "t" : 1756461261857,
      "tn" : 1756461261857180384,
      "q" : "0.01",
      "p" : "110.223",
      "s" : "buy",
      "i" : "LTCUSD-PERP",
      "m" : "4611686018433446850"
    }, {
      "d" : "1756461260883099710",
      "t" : 1756461260883,
      "tn" : 1756461260883099710,
      "q" : "0.01",
      "p" : "110.221",
      "s" : "buy",
      "i" : "LTCUSD-PERP",
      "m" : "4611686018433446849"
    }, {
      "d" : "1756461254590402271",
      "t" : 1756461254590,
      "tn" : 1756461254590402271,
      "q" : "0.01",
      "p" : "110.229",
      "s" : "sell",
      "i" : "LTCUSD-PERP",
      "m" : "4611686018433446848"
    }, {
      "d" : "1756461254473118418",
      "t" : 1756461254473,
      "tn" : 1756461254473118418,
      "q" : "0.01",
      "p" : "110.241",
      "s" : "sell",
      "i" : "LTCUSD-PERP",
      "m" : "4611686018433446847"
    }, {
      "d" : "1756461244760131807",
      "t" : 1756461244760,
      "tn" : 1756461244760131807,
      "q" : "0.01",
      "p" : "110.263",
      "s" : "sell",
      "i" : "LTCUSD-PERP",
      "m" : "4611686018433446846"
    }, {
      "d" : "1756461230909455309",
      "t" : 1756461230909,
      "tn" : 1756461230909455309,
      "q" : "0.01",
      "p" : "110.265",
      "s" : "sell",
      "i" : "LTCUSD-PERP",
      "m" : "4611686018433446845"
    }, {
      "d" : "1756461227730246430",
      "t" : 1756461227730,
      "tn" : 1756461227730246430,
      "q" : "0.01",
      "p" : "110.264",
      "s" : "buy",
      "i" : "LTCUSD-PERP",
      "m" : "4611686018433446844"
    }, {
      "d" : "1756461227730244228",
      "t" : 1756461227730,
      "tn" : 1756461227730244228,
      "q" : "0.01",
      "p" : "110.257",
      "s" : "buy",
      "i" : "LTCUSD-PERP",
      "m" : "4611686018433446843"
    }, {
      "d" : "1756461201120147331",
      "t" : 1756461201120,
      "tn" : 1756461201120147331,
      "q" : "0.01",
      "p" : "110.245",
      "s" : "sell",
      "i" : "LTCUSD-PERP",
      "m" : "4611686018433446842"
    }, {
      "d" : "1756461197692230086",
      "t" : 1756461197692,
      "tn" : 1756461197692230086,
      "q" : "1.76",
      "p" : "110.244",
      "s" : "buy",
      "i" : "LTCUSD-PERP",
      "m" : "4611686018433446841"
    }, {
      "d" : "1756461197692227781",
      "t" : 1756461197692,
      "tn" : 1756461197692227781,
      "q" : "0.01",
      "p" : "110.237",
      "s" : "buy",
      "i" : "LTCUSD-PERP",
      "m" : "4611686018433446840"
    }, {
      "d" : "1756461187350347450",
      "t" : 1756461187350,
      "tn" : 1756461187350347450,
      "q" : "0.01",
      "p" : "110.275",
      "s" : "buy",
      "i" : "LTCUSD-PERP",
      "m" : "4611686018433446839"
    }, {
      "d" : "1756461187340530822",
      "t" : 1756461187340,
      "tn" : 1756461187340530822,
      "q" : "1.75",
      "p" : "110.270",
      "s" : "buy",
      "i" : "LTCUSD-PERP",
      "m" : "4611686018433446838"
    }, {
      "d" : "1756461187340527764",
      "t" : 1756461187340,
      "tn" : 1756461187340527764,
      "q" : "0.01",
      "p" : "110.265",
      "s" : "buy",
      "i" : "LTCUSD-PERP",
      "m" : "4611686018433446837"
    }, {
      "d" : "1756461186995981574",
      "t" : 1756461186995,
      "tn" : 1756461186995981574,
      "q" : "0.01",
      "p" : "110.253",
      "s" : "buy",
      "i" : "LTCUSD-PERP",
      "m" : "4611686018433446836"
    }, {
      "d" : "1756461179220719393",
      "t" : 1756461179220,
      "tn" : 1756461179220719393,
      "q" : "0.01",
      "p" : "110.221",
      "s" : "buy",
      "i" : "LTCUSD-PERP",
      "m" : "4611686018433446835"
    }, {
      "d" : "1756461171909052077",
      "t" : 1756461171909,
      "tn" : 1756461171909052077,
      "q" : "0.01",
      "p" : "110.229",
      "s" : "sell",
      "i" : "LTCUSD-PERP",
      "m" : "4611686018433446834"
    }, {
      "d" : "1756461148519748557",
      "t" : 1756461148519,
      "tn" : 1756461148519748557,
      "q" : "0.01",
      "p" : "110.264",
      "s" : "buy",
      "i" : "LTCUSD-PERP",
      "m" : "4611686018433446833"
    }, {
      "d" : "1756461148507024412",
      "t" : 1756461148507,
      "tn" : 1756461148507024412,
      "q" : "0.01",
      "p" : "110.251",
      "s" : "buy",
      "i" : "LTCUSD-PERP",
      "m" : "4611686018433446832"
    }, {
      "d" : "1756461141138343028",
      "t" : 1756461141138,
      "tn" : 1756461141138343028,
      "q" : "1.08",
      "p" : "110.273",
      "s" : "sell",
      "i" : "LTCUSD-PERP",
      "m" : "4611686018433446831"
    }, {
      "d" : "1756461141137550231",
      "t" : 1756461141137,
      "tn" : 1756461141137550231,
      "q" : "0.68",
      "p" : "110.273",
      "s" : "sell",
      "i" : "LTCUSD-PERP",
      "m" : "4611686018433446830"
    }, {
      "d" : "1756461141137548425",
      "t" : 1756461141137,
      "tn" : 1756461141137548425,
      "q" : "0.01",
      "p" : "110.279",
      "s" : "sell",
      "i" : "LTCUSD-PERP",
      "m" : "4611686018433446829"
    }, {
      "d" : "1756461138430082401",
      "t" : 1756461138430,
      "tn" : 1756461138430082401,
      "q" : "0.01",
      "p" : "110.301",
      "s" : "sell",
      "i" : "LTCUSD-PERP",
      "m" : "4611686018433446828"
    }, {
      "d" : "1756461127383370846",
      "t" : 1756461127383,
      "tn" : 1756461127383370846,
      "q" : "0.01",
      "p" : "110.283",
      "s" : "buy",
      "i" : "LTCUSD-PERP",
      "m" : "4611686018433446827"
    }, {
      "d" : "1756461121049117426",
      "t" : 1756461121049,
      "tn" : 1756461121049117426,
      "q" : "1.76",
      "p" : "110.282",
      "s" : "sell",
      "i" : "LTCUSD-PERP",
      "m" : "4611686018433446826"
    }, {
      "d" : "1756461121049115288",
      "t" : 1756461121049,
      "tn" : 1756461121049115288,
      "q" : "0.01",
      "p" : "110.291",
      "s" : "sell",
      "i" : "LTCUSD-PERP",
      "m" : "4611686018433446825"
    }, {
      "d" : "1756461120218819308",
      "t" : 1756461120218,
      "tn" : 1756461120218819308,
      "q" : "0.01",
      "p" : "110.313",
      "s" : "sell",
      "i" : "LTCUSD-PERP",
      "m" : "4611686018433446824"
    }, {
      "d" : "1756461119731946469",
      "t" : 1756461119731,
      "tn" : 1756461119731946469,
      "q" : "0.01",
      "p" : "110.295",
      "s" : "buy",
      "i" : "LTCUSD-PERP",
      "m" : "4611686018433446823"
    }, {
      "d" : "1756461117160926169",
      "t" : 1756461117160,
      "tn" : 1756461117160926169,
      "q" : "0.01",
      "p" : "110.283",
      "s" : "buy",
      "i" : "LTCUSD-PERP",
      "m" : "4611686018433446822"
    }, {
      "d" : "1756461116054048242",
      "t" : 1756461116054,
      "tn" : 1756461116054048242,
      "q" : "0.01",
      "p" : "110.271",
      "s" : "buy",
      "i" : "LTCUSD-PERP",
      "m" : "4611686018433446821"
    }, {
      "d" : "1756461114494078158",
      "t" : 1756461114494,
      "tn" : 1756461114494078158,
      "q" : "0.01",
      "p" : "110.239",
      "s" : "buy",
      "i" : "LTCUSD-PERP",
      "m" : "4611686018433446820"
    }, {
      "d" : "1756461111831199220",
      "t" : 1756461111831,
      "tn" : 1756461111831199220,
      "q" : "0.01",
      "p" : "110.247",
      "s" : "sell",
      "i" : "LTCUSD-PERP",
      "m" : "4611686018433446819"
    }, {
      "d" : "1756461101903999261",
      "t" : 1756461101903,
      "tn" : 1756461101903999261,
      "q" : "0.01",
      "p" : "110.269",
      "s" : "sell",
      "i" : "LTCUSD-PERP",
      "m" : "4611686018433446818"
    }, {
      "d" : "1756461098397027826",
      "t" : 1756461098397,
      "tn" : 1756461098397027826,
      "q" : "0.01",
      "p" : "110.281",
      "s" : "sell",
      "i" : "LTCUSD-PERP",
      "m" : "4611686018433446817"
    }, {
      "d" : "1756461087852343346",
      "t" : 1756461087852,
      "tn" : 1756461087852343346,
      "q" : "0.01",
      "p" : "110.253",
      "s" : "buy",
      "i" : "LTCUSD-PERP",
      "m" : "4611686018433446816"
    }, {
      "d" : "1756461087650912503",
      "t" : 1756461087650,
      "tn" : 1756461087650912503,
      "q" : "1.76",
      "p" : "110.250",
      "s" : "buy",
      "i" : "LTCUSD-PERP",
      "m" : "4611686018433446815"
    }, {
      "d" : "1756461087650093890",
      "t" : 1756461087650,
      "tn" : 1756461087650093890,
      "q" : "0.01",
      "p" : "110.241",
      "s" : "buy",
      "i" : "LTCUSD-PERP",
      "m" : "4611686018433446814"
    }, {
      "d" : "1756461084422351132",
      "t" : 1756461084422,
      "tn" : 1756461084422351132,
      "q" : "0.01",
      "p" : "110.219",
      "s" : "buy",
      "i" : "LTCUSD-PERP",
      "m" : "4611686018433446813"
    }, {
      "d" : "1756461076542147682",
      "t" : 1756461076542,
      "tn" : 1756461076542147682,
      "q" : "0.01",
      "p" : "110.227",
      "s" : "sell",
      "i" : "LTCUSD-PERP",
      "m" : "4611686018433446812"
    }, {
      "d" : "1756461069602366336",
      "t" : 1756461069602,
      "tn" : 1756461069602366336,
      "q" : "0.01",
      "p" : "110.239",
      "s" : "sell",
      "i" : "LTCUSD-PERP",
      "m" : "4611686018433446811"
    }, {
      "d" : "1756461066038514274",
      "t" : 1756461066038,
      "tn" : 1756461066038514274,
      "q" : "0.01",
      "p" : "110.221",
      "s" : "buy",
      "i" : "LTCUSD-PERP",
      "m" : "4611686018433446810"
    }, {
      "d" : "1756461065200908887",
      "t" : 1756461065200,
      "tn" : 1756461065200908887,
      "q" : "0.01",
      "p" : "110.209",
      "s" : "buy",
      "i" : "LTCUSD-PERP",
      "m" : "4611686018433446809"
    }, {
      "d" : "1756461065084136217",
      "t" : 1756461065084,
      "tn" : 1756461065084136217,
      "q" : "0.01",
      "p" : "110.227",
      "s" : "sell",
      "i" : "LTCUSD-PERP",
      "m" : "4611686018433446808"
    }, {
      "d" : "1756461064904619875",
      "t" : 1756461064904,
      "tn" : 1756461064904619875,
      "q" : "0.01",
      "p" : "110.249",
      "s" : "sell",
      "i" : "LTCUSD-PERP",
      "m" : "4611686018433446807"
    }, {
      "d" : "1756461059669894743",
      "t" : 1756461059669,
      "tn" : 1756461059669894743,
      "q" : "0.01",
      "p" : "110.261",
      "s" : "sell",
      "i" : "LTCUSD-PERP",
      "m" : "4611686018433446806"
    }, {
      "d" : "1756461050114892762",
      "t" : 1756461050114,
      "tn" : 1756461050114892762,
      "q" : "0.01",
      "p" : "110.253",
      "s" : "buy",
      "i" : "LTCUSD-PERP",
      "m" : "4611686018433446805"
    }, {
      "d" : "1756461050111488142",
      "t" : 1756461050111,
      "tn" : 1756461050111488142,
      "q" : "0.01",
      "p" : "110.243",
      "s" : "buy",
      "i" : "LTCUSD-PERP",
      "m" : "4611686018433446804"
    }, {
      "d" : "1756461037757809947",
      "t" : 1756461037757,
      "tn" : 1756461037757809947,
      "q" : "0.01",
      "p" : "110.241",
      "s" : "buy",
      "i" : "LTCUSD-PERP",
      "m" : "4611686018433446803"
    }, {
      "d" : "1756461036862006742",
      "t" : 1756461036862,
      "tn" : 1756461036862006742,
      "q" : "0.01",
      "p" : "110.249",
      "s" : "sell",
      "i" : "LTCUSD-PERP",
      "m" : "4611686018433446802"
    }, {
      "d" : "1756461025539912927",
      "t" : 1756461025539,
      "tn" : 1756461025539912927,
      "q" : "0.01",
      "p" : "110.301",
      "s" : "sell",
      "i" : "LTCUSD-PERP",
      "m" : "4611686018433446801"
    }, {
      "d" : "1756461021251498659",
      "t" : 1756461021251,
      "tn" : 1756461021251498659,
      "q" : "0.01",
      "p" : "110.293",
      "s" : "buy",
      "i" : "LTCUSD-PERP",
      "m" : "4611686018433446800"
    }, {
      "d" : "1756461021060364417",
      "t" : 1756461021060,
      "tn" : 1756461021060364417,
      "q" : "0.01",
      "p" : "110.271",
      "s" : "buy",
      "i" : "LTCUSD-PERP",
      "m" : "4611686018433446799"
    }, {
      "d" : "1756461016322042235",
      "t" : 1756461016322,
      "tn" : 1756461016322042235,
      "q" : "0.01",
      "p" : "110.259",
      "s" : "buy",
      "i" : "LTCUSD-PERP",
      "m" : "4611686018433446798"
    }, {
      "d" : "1756461016199841192",
      "t" : 1756461016199,
      "tn" : 1756461016199841192,
      "q" : "0.01",
      "p" : "110.247",
      "s" : "buy",
      "i" : "LTCUSD-PERP",
      "m" : "4611686018433446797"
    }, {
      "d" : "1756461015792346390",
      "t" : 1756461015792,
      "tn" : 1756461015792346390,
      "q" : "0.01",
      "p" : "110.245",
      "s" : "buy",
      "i" : "LTCUSD-PERP",
      "m" : "4611686018433446796"
    }, {
      "d" : "1756461015452087459",
      "t" : 1756461015452,
      "tn" : 1756461015452087459,
      "q" : "0.01",
      "p" : "110.243",
      "s" : "buy",
      "i" : "LTCUSD-PERP",
      "m" : "4611686018433446795"
    }, {
      "d" : "1756461013373639286",
      "t" : 1756461013373,
      "tn" : 1756461013373639286,
      "q" : "0.01",
      "p" : "110.261",
      "s" : "sell",
      "i" : "LTCUSD-PERP",
      "m" : "4611686018433446794"
    }, {
      "d" : "1756461010378324274",
      "t" : 1756461010378,
      "tn" : 1756461010378324274,
      "q" : "1.76",
      "p" : "110.307",
      "s" : "sell",
      "i" : "LTCUSD-PERP",
      "m" : "4611686018433446793"
    }, {
      "d" : "1756461010378321141",
      "t" : 1756461010378,
      "tn" : 1756461010378321141,
      "q" : "0.01",
      "p" : "110.313",
      "s" : "sell",
      "i" : "LTCUSD-PERP",
      "m" : "4611686018433446792"
    }, {
      "d" : "1756461004573925086",
      "t" : 1756461004573,
      "tn" : 1756461004573925086,
      "q" : "0.01",
      "p" : "110.345",
      "s" : "sell",
      "i" : "LTCUSD-PERP",
      "m" : "4611686018433446791"
    }, {
      "d" : "1756461000651418975",
      "t" : 1756461000651,
      "tn" : 1756461000651418975,
      "q" : "0.01",
      "p" : "110.347",
      "s" : "sell",
      "i" : "LTCUSD-PERP",
      "m" : "4611686018433446790"
    }, {
      "d" : "1756460946714838104",
      "t" : 1756460946714,
      "tn" : 1756460946714838104,
      "q" : "0.01",
      "p" : "110.309",
      "s" : "buy",
      "i" : "LTCUSD-PERP",
      "m" : "4611686018433446789"
    }, {
      "d" : "1756460945907214126",
      "t" : 1756460945907,
      "tn" : 1756460945907214126,
      "q" : "0.01",
      "p" : "110.297",
      "s" : "buy",
      "i" : "LTCUSD-PERP",
      "m" : "4611686018433446788"
    }, {
      "d" : "1756460944463816449",
      "t" : 1756460944463,
      "tn" : 1756460944463816449,
      "q" : "0.01",
      "p" : "110.335",
      "s" : "sell",
      "i" : "LTCUSD-PERP",
      "m" : "4611686018433446787"
    }, {
      "d" : "1756460944331774481",
      "t" : 1756460944331,
      "tn" : 1756460944331774481,
      "q" : "1.34",
      "p" : "110.344",
      "s" : "sell",
      "i" : "LTCUSD-PERP",
      "m" : "4611686018433446786"
    }, {
      "d" : "1756460944331772510",
      "t" : 1756460944331,
      "tn" : 1756460944331772510,
      "q" : "0.01",
      "p" : "110.347",
      "s" : "sell",
      "i" : "LTCUSD-PERP",
      "m" : "4611686018433446785"
    }, {
      "d" : "1756460942156154375",
      "t" : 1756460942156,
      "tn" : 1756460942156154375,
      "q" : "0.01",
      "p" : "110.359",
      "s" : "buy",
      "i" : "LTCUSD-PERP",
      "m" : "4611686018433446784"
    }, {
      "d" : "1756460941939970026",
      "t" : 1756460941939,
      "tn" : 1756460941939970026,
      "q" : "0.01",
      "p" : "110.347",
      "s" : "buy",
      "i" : "LTCUSD-PERP",
      "m" : "4611686018433446783"
    }, {
      "d" : "1756460940745411845",
      "t" : 1756460940745,
      "tn" : 1756460940745411845,
      "q" : "0.01",
      "p" : "110.347",
      "s" : "buy",
      "i" : "LTCUSD-PERP",
      "m" : "4611686018433446782"
    }, {
      "d" : "1756460940631883954",
      "t" : 1756460940631,
      "tn" : 1756460940631883954,
      "q" : "0.01",
      "p" : "110.363",
      "s" : "sell",
      "i" : "LTCUSD-PERP",
      "m" : "4611686018433446781"
    }, {
      "d" : "1756460930010518250",
      "t" : 1756460930010,
      "tn" : 1756460930010518250,
      "q" : "0.01",
      "p" : "110.335",
      "s" : "buy",
      "i" : "LTCUSD-PERP",
      "m" : "4611686018433446780"
    }, {
      "d" : "1756460929080081614",
      "t" : 1756460929080,
      "tn" : 1756460929080081614,
      "q" : "0.01",
      "p" : "110.353",
      "s" : "sell",
      "i" : "LTCUSD-PERP",
      "m" : "4611686018433446779"
    }, {
      "d" : "1756460926575838116",
      "t" : 1756460926575,
      "tn" : 1756460926575838116,
      "q" : "0.01",
      "p" : "110.375",
      "s" : "sell",
      "i" : "LTCUSD-PERP",
      "m" : "4611686018433446778"
    }, {
      "d" : "1756460926425080487",
      "t" : 1756460926425,
      "tn" : 1756460926425080487,
      "q" : "0.01",
      "p" : "110.387",
      "s" : "sell",
      "i" : "LTCUSD-PERP",
      "m" : "4611686018433446777"
    }, {
      "d" : "1756460922244404786",
      "t" : 1756460922244,
      "tn" : 1756460922244404786,
      "q" : "0.01",
      "p" : "110.369",
      "s" : "buy",
      "i" : "LTCUSD-PERP",
      "m" : "4611686018433446776"
    }, {
      "d" : "1756460920368644531",
      "t" : 1756460920368,
      "tn" : 1756460920368644531,
      "q" : "0.87",
      "p" : "110.375",
      "s" : "buy",
      "i" : "LTCUSD-PERP",
      "m" : "4611686018433446775"
    }, {
      "d" : "1756460920368524493",
      "t" : 1756460920368,
      "tn" : 1756460920368524493,
      "q" : "0.88",
      "p" : "110.375",
      "s" : "buy",
      "i" : "LTCUSD-PERP",
      "m" : "4611686018433446774"
    }, {
      "d" : "1756460920368522670",
      "t" : 1756460920368,
      "tn" : 1756460920368522670,
      "q" : "0.01",
      "p" : "110.367",
      "s" : "buy",
      "i" : "LTCUSD-PERP",
      "m" : "4611686018433446773"
    }, {
      "d" : "1756460914336890398",
      "t" : 1756460914336,
      "tn" : 1756460914336890398,
      "q" : "0.01",
      "p" : "110.385",
      "s" : "sell",
      "i" : "LTCUSD-PERP",
      "m" : "4611686018433446772"
    }, {
      "d" : "1756460904271086732",
      "t" : 1756460904271,
      "tn" : 1756460904271086732,
      "q" : "0.01",
      "p" : "110.387",
      "s" : "sell",
      "i" : "LTCUSD-PERP",
      "m" : "4611686018433446771"
    }, {
      "d" : "1756460904057827269",
      "t" : 1756460904057,
      "tn" : 1756460904057827269,
      "q" : "0.01",
      "p" : "110.369",
      "s" : "buy",
      "i" : "LTCUSD-PERP",
      "m" : "4611686018433446770"
    }, {
      "d" : "1756460900560735789",
      "t" : 1756460900560,
      "tn" : 1756460900560735789,
      "q" : "0.01",
      "p" : "110.317",
      "s" : "buy",
      "i" : "LTCUSD-PERP",
      "m" : "4611686018433446769"
    }, {
      "d" : "1756460899685405822",
      "t" : 1756460899685,
      "tn" : 1756460899685405822,
      "q" : "0.01",
      "p" : "110.305",
      "s" : "buy",
      "i" : "LTCUSD-PERP",
      "m" : "4611686018433446768"
    }, {
      "d" : "1756460898682002438",
      "t" : 1756460898682,
      "tn" : 1756460898682002438,
      "q" : "0.01",
      "p" : "110.313",
      "s" : "sell",
      "i" : "LTCUSD-PERP",
      "m" : "4611686018433446767"
    }, {
      "d" : "1756460898094772592",
      "t" : 1756460898094,
      "tn" : 1756460898094772592,
      "q" : "0.01",
      "p" : "110.335",
      "s" : "sell",
      "i" : "LTCUSD-PERP",
      "m" : "4611686018433446766"
    }, {
      "d" : "1756460898090742768",
      "t" : 1756460898090,
      "tn" : 1756460898090742768,
      "q" : "0.90",
      "p" : "110.336",
      "s" : "sell",
      "i" : "LTCUSD-PERP",
      "m" : "4611686018433446765"
    }, {
      "d" : "1756460898090737819",
      "t" : 1756460898090,
      "tn" : 1756460898090737819,
      "q" : "0.86",
      "p" : "110.336",
      "s" : "sell",
      "i" : "LTCUSD-PERP",
      "m" : "4611686018433446764"
    }, {
      "d" : "1756460894509095888",
      "t" : 1756460894509,
      "tn" : 1756460894509095888,
      "q" : "0.01",
      "p" : "110.347",
      "s" : "sell",
      "i" : "LTCUSD-PERP",
      "m" : "4611686018433446763"
    }, {
      "d" : "1756460893255839707",
      "t" : 1756460893255,
      "tn" : 1756460893255839707,
      "q" : "0.01",
      "p" : "110.369",
      "s" : "sell",
      "i" : "LTCUSD-PERP",
      "m" : "4611686018433446762"
    }, {
      "d" : "1756460861226095857",
      "t" : 1756460861226,
      "tn" : 1756460861226095857,
      "q" : "0.01",
      "p" : "110.261",
      "s" : "buy",
      "i" : "LTCUSD-PERP",
      "m" : "4611686018433446761"
    }, {
      "d" : "1756460860905564079",
      "t" : 1756460860905,
      "tn" : 1756460860905564079,
      "q" : "0.01",
      "p" : "110.279",
      "s" : "sell",
      "i" : "LTCUSD-PERP",
      "m" : "4611686018433446760"
    } ]
  }
}