{
  "id" : -1,
  "method" : "public/get-trades",
  "code" : 0,
  "result" : {
    "data" : [ {
      "d" : "1756461222939000017",
      "t" : 1756461222939,
      "tn" : 1756461222939000015,
      "q" : "800.4",
      "p" : "0.1472",
      "s" : "buy",
      "i" : "LUNA2_USD",
      "m" : "4611686018431607792"
    }, {
      "d" : "1756461222939000016",
      "t" : 1756461222939,
      "tn" : 1756461222939000015,
      "q" : "212.3",
      "p" : "0.1472",
      "s" : "buy",
      "i" : "LUNA2_USD",
      "m" : "4611686018431607792"
    }, {
      "d" : "1756461222939000015",
      "t" : 1756461222939,
      "tn" : 1756461222939000015,
      "q" : "2233.0",
      "p" : "0.1472",
      "s" : "buy",
      "i" : "LUNA2_USD",
      "m" : "4611686018431607792"
    }, {
      "d" : "1756461189341879857",
      "t" : 1756461189341,
      "tn" : 1756461189341879857,
      "q" : "258.9",
      "p" : "0.1471",
      "s" : "sell",
      "i" : "LUNA2_USD",
      "m" : "4611686018431607791"
    }, {
      "d" : "1756461035659505822",
      "t" : 1756461035659,
      "tn" : 1756461035659505822,
      "q" : "10.3",
      "p" : "0.1472",
      "s" : "buy",
      "i" : "LUNA2_USD",
      "m" : "4611686018431607790"
    }, {
      "d" : "1756461027718020797",
      "t" : 1756461027718,
      "tn" : 1756461027718020797,
      "q" : "5917.5",
      "p" : "0.1470",
      "s" : "sell",
      "i" : "LUNA2_USD",
      "m" : "4611686018431607789"
    }, {
      "d" : "1756460713156856334",
      "t" : 1756460713156,
      "tn" : 1756460713156856334,
      "q" : "4608.1",
      "p" : "0.1468",
      "s" : "buy",
      "i" : "LUNA2_USD",
      "m" : "4611686018431607788"
    }, {
      "d" : "1756460713156853336",
      "t" : 1756460713156,
      "tn" : 1756460713156853336,
      "q" : "165.7",
      "p" : "0.1467",
      "s" : "buy",
      "i" : "LUNA2_USD",
      "m" : "4611686018431607787"
    }, {
      "d" : "1756460454347958267",
      "t" : 1756460454347,
      "tn" : 1756460454347958267,
      "q" : "5931.6",
      "p" : "0.1469",
      "s" : "buy",
      "i" : "LUNA2_USD",
      "m" : "4611686018431607786"
    }, {
      "d" : "1756460454347955482",
      "t" : 1756460454347,
      "tn" : 1756460454347955482,
      "q" : "331.4",
      "p" : "0.1468",
      "s" : "buy",
      "i" : "LUNA2_USD",
      "m" : "4611686018431607785"
    }, {
      "d" : "1756460260307647477",
      "t" : 1756460260307,
      "tn" : 1756460260307647477,
      "q" : "9457.8",
      "p" : "0.1466",
      "s" : "buy",
      "i" : "LUNA2_USD",
      "m" : "4611686018431607784"
    }, {
      "d" : "1756460104519461361",
      "t" : 1756460104519,
      "tn" : 1756460104519461361,
      "q" : "662.9",
      "p" : "0.1467",
      "s" : "sell",
      "i" : "LUNA2_USD",
      "m" : "4611686018431607783"
    }, {
      "d" : "1756460052260945117",
      "t" : 1756460052260,
      "tn" : 1756460052260945116,
      "q" : "382.8",
      "p" : "0.1468",
      "s" : "buy",
      "i" : "LUNA2_USD",
      "m" : "4611686018431607782"
    }, {
      "d" : "1756460052260945116",
      "t" : 1756460052260,
      "tn" : 1756460052260945116,
      "q" : "82.9",
      "p" : "0.1468",
      "s" : "buy",
      "i" : "LUNA2_USD",
      "m" : "4611686018431607782"
    }, {
      "d" : "1756460048097386065",
      "t" : 1756460048097,
      "tn" : 1756460048097386064,
      "q" : "5923.6",
      "p" : "0.1468",
      "s" : "buy",
      "i" : "LUNA2_USD",
      "m" : "4611686018431607781"
    }, {
      "d" : "1756460048097386064",
      "t" : 1756460048097,
      "tn" : 1756460048097386064,
      "q" : "82.9",
      "p" : "0.1468",
      "s" : "buy",
      "i" : "LUNA2_USD",
      "m" : "4611686018431607781"
    }, {
      "d" : "1756460044198117393",
      "t" : 1756460044198,
      "tn" : 1756460044198117392,
      "q" : "5923.6",
      "p" : "0.1468",
      "s" : "buy",
      "i" : "LUNA2_USD",
      "m" : "4611686018431607780"
    }, {
      "d" : "1756460044198117392",
      "t" : 1756460044198,
      "tn" : 1756460044198117392,
      "q" : "165.8",
      "p" : "0.1468",
      "s" : "buy",
      "i" : "LUNA2_USD",
      "m" : "4611686018431607780"
    }, {
      "d" : "1756460040366524055",
      "t" : 1756460040366,
      "tn" : 1756460040366524055,
      "q" : "331.5",
      "p" : "0.1468",
      "s" : "buy",
      "i" : "LUNA2_USD",
      "m" : "4611686018431607779"
    }, {
      "d" : "1756459874602511212",
      "t" : 1756459874602,
      "tn" : 1756459874602511212,
      "q" : "663.0",
      "p" : "0.1468",
      "s" : "buy",
      "i" : "LUNA2_USD",
      "m" : "4611686018431607778"
    }, {
      "d" : "1756459555600260318",
      "t" : 1756459555600,
      "tn" : 1756459555600260318,
      "q" : "138.9",
      "p" : "0.1468",
      "s" : "sell",
      "i" : "LUNA2_USD",
      "m" : "4611686018431607777"
    }, {
      "d" : "1756459534664580709",
      "t" : 1756459534664,
      "tn" : 1756459534664580709,
      "q" : "9457.2",
      "p" : "0.1467",
      "s" : "sell",
      "i" : "LUNA2_USD",
      "m" : "4611686018431607776"
    }, {
      "d" : "1756459534664578443",
      "t" : 1756459534664,
      "tn" : 1756459534664578443,
      "q" : "124.4",
      "p" : "0.1468",
      "s" : "sell",
      "i" : "LUNA2_USD",
      "m" : "4611686018431607775"
    }, {
      "d" : "1756459530237939063",
      "t" : 1756459530237,
      "tn" : 1756459530237939063,
      "q" : "124.3",
      "p" : "0.1469",
      "s" : "sell",
      "i" : "LUNA2_USD",
      "m" : "4611686018431607774"
    }, {
      "d" : "1756459468317688089",
      "t" : 1756459468317,
      "tn" : 1756459468317688089,
      "q" : "5929.6",
      "p" : "0.1467",
      "s" : "sell",
      "i" : "LUNA2_USD",
      "m" : "4611686018431607773"
    }, {
      "d" : "1756459468317685913",
      "t" : 1756459468317,
      "tn" : 1756459468317685913,
      "q" : "248.6",
      "p" : "0.1468",
      "s" : "sell",
      "i" : "LUNA2_USD",
      "m" : "4611686018431607772"
    }, {
      "d" : "1756459332354030641",
      "t" : 1756459332354,
      "tn" : 1756459332354030641,
      "q" : "1776.5",
      "p" : "0.1470",
      "s" : "sell",
      "i" : "LUNA2_USD",
      "m" : "4611686018431607771"
    }, {
      "d" : "1756459332354027785",
      "t" : 1756459332354,
      "tn" : 1756459332354027785,
      "q" : "497.3",
      "p" : "0.1471",
      "s" : "sell",
      "i" : "LUNA2_USD",
      "m" : "4611686018431607770"
    }, {
      "d" : "1756459202909881989",
      "t" : 1756459202909,
      "tn" : 1756459202909881989,
      "q" : "1395.9",
      "p" : "0.1471",
      "s" : "buy",
      "i" : "LUNA2_USD",
      "m" : "4611686018431607769"
    }, {
      "d" : "1756459202909880017",
      "t" : 1756459202909,
      "tn" : 1756459202909880017,
      "q" : "331.5",
      "p" : "0.1470",
      "s" : "buy",
      "i" : "LUNA2_USD",
      "m" : "4611686018431607768"
    }, {
      "d" : "1756459119179940637",
      "t" : 1756459119179,
      "tn" : 1756459119179940637,
      "q" : "123.1",
      "p" : "0.1466",
      "s" : "sell",
      "i" : "LUNA2_USD",
      "m" : "4611686018431607767"
    }, {
      "d" : "1756458842565111124",
      "t" : 1756458842565,
      "tn" : 1756458842565111124,
      "q" : "1591.0",
      "p" : "0.1462",
      "s" : "sell",
      "i" : "LUNA2_USD",
      "m" : "4611686018431607766"
    }, {
      "d" : "1756458842565108651",
      "t" : 1756458842565,
      "tn" : 1756458842565108651,
      "q" : "109.3",
      "p" : "0.1463",
      "s" : "sell",
      "i" : "LUNA2_USD",
      "m" : "4611686018431607765"
    }, {
      "d" : "1756458492845055649",
      "t" : 1756458492845,
      "tn" : 1756458492845055649,
      "q" : "553.7",
      "p" : "0.1458",
      "s" : "buy",
      "i" : "LUNA2_USD",
      "m" : "4611686018431607764"
    }, {
      "d" : "1756458492845051359",
      "t" : 1756458492845,
      "tn" : 1756458492845051359,
      "q" : "826.5",
      "p" : "0.1457",
      "s" : "buy",
      "i" : "LUNA2_USD",
      "m" : "4611686018431607763"
    }, {
      "d" : "1756458480551738678",
      "t" : 1756458480551,
      "tn" : 1756458480551738678,
      "q" : "66.0",
      "p" : "0.1456",
      "s" : "sell",
      "i" : "LUNA2_USD",
      "m" : "4611686018431607762"
    }, {
      "d" : "1756458416596838392",
      "t" : 1756458416596,
      "tn" : 1756458416596838392,
      "q" : "8.1",
      "p" : "0.1456",
      "s" : "sell",
      "i" : "LUNA2_USD",
      "m" : "4611686018431607761"
    }, {
      "d" : "1756458379308848166",
      "t" : 1756458379308,
      "tn" : 1756458379308848166,
      "q" : "4545.7",
      "p" : "0.1458",
      "s" : "sell",
      "i" : "LUNA2_USD",
      "m" : "4611686018431607760"
    }, {
      "d" : "1756458379308845099",
      "t" : 1756458379308,
      "tn" : 1756458379308845099,
      "q" : "284.7",
      "p" : "0.1459",
      "s" : "sell",
      "i" : "LUNA2_USD",
      "m" : "4611686018431607759"
    }, {
      "d" : "1756458276391430010",
      "t" : 1756458276391,
      "tn" : 1756458276391430009,
      "q" : "13643.3",
      "p" : "0.1459",
      "s" : "buy",
      "i" : "LUNA2_USD",
      "m" : "4611686018431607758"
    }, {
      "d" : "1756458276391430009",
      "t" : 1756458276391,
      "tn" : 1756458276391430009,
      "q" : "2255.5",
      "p" : "0.1459",
      "s" : "buy",
      "i" : "LUNA2_USD",
      "m" : "4611686018431607758"
    }, {
      "d" : "1756458276391426889",
      "t" : 1756458276391,
      "tn" : 1756458276391426889,
      "q" : "93.6",
      "p" : "0.1458",
      "s" : "buy",
      "i" : "LUNA2_USD",
      "m" : "4611686018431607757"
    }, {
      "d" : "1756458212440981753",
      "t" : 1756458212440,
      "tn" : 1756458212440981753,
      "q" : "7.0",
      "p" : "0.1461",
      "s" : "buy",
      "i" : "LUNA2_USD",
      "m" : "4611686018431607756"
    }, {
      "d" : "1756458189585601958",
      "t" : 1756458189585,
      "tn" : 1756458189585601958,
      "q" : "137.3",
      "p" : "0.1457",
      "s" : "buy",
      "i" : "LUNA2_USD",
      "m" : "4611686018431607755"
    }, {
      "d" : "1756458187811251688",
      "t" : 1756458187811,
      "tn" : 1756458187811251687,
      "q" : "1057.1",
      "p" : "0.1457",
      "s" : "buy",
      "i" : "LUNA2_USD",
      "m" : "4611686018431607754"
    }, {
      "d" : "1756458187811251687",
      "t" : 1756458187811,
      "tn" : 1756458187811251687,
      "q" : "331.5",
      "p" : "0.1457",
      "s" : "buy",
      "i" : "LUNA2_USD",
      "m" : "4611686018431607754"
    }, {
      "d" : "1756458187811248570",
      "t" : 1756458187811,
      "tn" : 1756458187811248570,
      "q" : "4203.7",
      "p" : "0.1456",
      "s" : "buy",
      "i" : "LUNA2_USD",
      "m" : "4611686018431607753"
    }, {
      "d" : "1756458187810962447",
      "t" : 1756458187810,
      "tn" : 1756458187810962447,
      "q" : "618.1",
      "p" : "0.1456",
      "s" : "buy",
      "i" : "LUNA2_USD",
      "m" : "4611686018431607752"
    }, {
      "d" : "1756458183010087369",
      "t" : 1756458183010,
      "tn" : 1756458183010087369,
      "q" : "100.0",
      "p" : "0.1457",
      "s" : "buy",
      "i" : "LUNA2_USD",
      "m" : "4611686018431607751"
    }, {
      "d" : "1756458010788701792",
      "t" : 1756458010788,
      "tn" : 1756458010788701792,
      "q" : "253.1",
      "p" : "0.1465",
      "s" : "sell",
      "i" : "LUNA2_USD",
      "m" : "4611686018431607750"
    }, {
      "d" : "1756458010788699954",
      "t" : 1756458010788,
      "tn" : 1756458010788699954,
      "q" : "81.9",
      "p" : "0.1466",
      "s" : "sell",
      "i" : "LUNA2_USD",
      "m" : "4611686018431607749"
    }, {
      "d" : "1756458005026987175",
      "t" : 1756458005026,
      "tn" : 1756458005026987175,
      "q" : "13642.5",
      "p" : "0.1466",
      "s" : "sell",
      "i" : "LUNA2_USD",
      "m" : "4611686018431607748"
    }, {
      "d" : "1756458005026983979",
      "t" : 1756458005026,
      "tn" : 1756458005026983979,
      "q" : "81.9",
      "p" : "0.1467",
      "s" : "sell",
      "i" : "LUNA2_USD",
      "m" : "4611686018431607747"
    }, {
      "d" : "1756457996091594352",
      "t" : 1756457996091,
      "tn" : 1756457996091594352,
      "q" : "163.8",
      "p" : "0.1468",
      "s" : "sell",
      "i" : "LUNA2_USD",
      "m" : "4611686018431607746"
    }, {
      "d" : "1756457952229004736",
      "t" : 1756457952229,
      "tn" : 1756457952229004736,
      "q" : "327.6",
      "p" : "0.1469",
      "s" : "buy",
      "i" : "LUNA2_USD",
      "m" : "4611686018431607745"
    }, {
      "d" : "1756457911616406606",
      "t" : 1756457911616,
      "tn" : 1756457911616406606,
      "q" : "8.2",
      "p" : "0.1466",
      "s" : "sell",
      "i" : "LUNA2_USD",
      "m" : "4611686018431607744"
    }, {
      "d" : "1756457861164498990",
      "t" : 1756457861164,
      "tn" : 1756457861164498990,
      "q" : "69.5",
      "p" : "0.1466",
      "s" : "sell",
      "i" : "LUNA2_USD",
      "m" : "4611686018431607743"
    }, {
      "d" : "1756457839536016118",
      "t" : 1756457839536,
      "tn" : 1756457839536016118,
      "q" : "69.4",
      "p" : "0.1467",
      "s" : "sell",
      "i" : "LUNA2_USD",
      "m" : "4611686018431607742"
    }, {
      "d" : "1756457657503283682",
      "t" : 1756457657503,
      "tn" : 1756457657503283682,
      "q" : "5929.6",
      "p" : "0.1467",
      "s" : "sell",
      "i" : "LUNA2_USD",
      "m" : "4611686018431607741"
    }, {
      "d" : "1756457657503281418",
      "t" : 1756457657503,
      "tn" : 1756457657503281418,
      "q" : "138.9",
      "p" : "0.1468",
      "s" : "sell",
      "i" : "LUNA2_USD",
      "m" : "4611686018431607740"
    }, {
      "d" : "1756457586037912585",
      "t" : 1756457586037,
      "tn" : 1756457586037912585,
      "q" : "277.7",
      "p" : "0.1467",
      "s" : "sell",
      "i" : "LUNA2_USD",
      "m" : "4611686018431607739"
    }, {
      "d" : "1756457586034779038",
      "t" : 1756457586034,
      "tn" : 1756457586034779038,
      "q" : "1446.8",
      "p" : "0.1468",
      "s" : "sell",
      "i" : "LUNA2_USD",
      "m" : "4611686018431607738"
    }, {
      "d" : "1756457496535068111",
      "t" : 1756457496535,
      "tn" : 1756457496535068111,
      "q" : "1777.7",
      "p" : "0.1469",
      "s" : "sell",
      "i" : "LUNA2_USD",
      "m" : "4611686018431607737"
    }, {
      "d" : "1756457496535065776",
      "t" : 1756457496535,
      "tn" : 1756457496535065776,
      "q" : "555.5",
      "p" : "0.1470",
      "s" : "sell",
      "i" : "LUNA2_USD",
      "m" : "4611686018431607736"
    }, {
      "d" : "1756457203698003864",
      "t" : 1756457203698,
      "tn" : 1756457203698003864,
      "q" : "3306.4",
      "p" : "0.1474",
      "s" : "buy",
      "i" : "LUNA2_USD",
      "m" : "4611686018431607735"
    }, {
      "d" : "1756457203698001643",
      "t" : 1756457203698,
      "tn" : 1756457203698001643,
      "q" : "198.4",
      "p" : "0.1473",
      "s" : "buy",
      "i" : "LUNA2_USD",
      "m" : "4611686018431607734"
    }, {
      "d" : "1756457200931789257",
      "t" : 1756457200931,
      "tn" : 1756457200931789257,
      "q" : "575.6",
      "p" : "0.1471",
      "s" : "sell",
      "i" : "LUNA2_USD",
      "m" : "4611686018431607733"
    }, {
      "d" : "1756457169775655363",
      "t" : 1756457169775,
      "tn" : 1756457169775655363,
      "q" : "74.3",
      "p" : "0.1473",
      "s" : "sell",
      "i" : "LUNA2_USD",
      "m" : "4611686018431607732"
    }, {
      "d" : "1756457148190130193",
      "t" : 1756457148190,
      "tn" : 1756457148190130193,
      "q" : "70.8",
      "p" : "0.1474",
      "s" : "buy",
      "i" : "LUNA2_USD",
      "m" : "4611686018431607731"
    }, {
      "d" : "1756457147123525335",
      "t" : 1756457147123,
      "tn" : 1756457147123525335,
      "q" : "2621.0",
      "p" : "0.1474",
      "s" : "buy",
      "i" : "LUNA2_USD",
      "m" : "4611686018431607730"
    }, {
      "d" : "1756457147123523731",
      "t" : 1756457147123,
      "tn" : 1756457147123523731,
      "q" : "277.2",
      "p" : "0.1473",
      "s" : "buy",
      "i" : "LUNA2_USD",
      "m" : "4611686018431607729"
    }, {
      "d" : "1756457141722492470",
      "t" : 1756457141722,
      "tn" : 1756457141722492470,
      "q" : "1225.4",
      "p" : "0.1475",
      "s" : "buy",
      "i" : "LUNA2_USD",
      "m" : "4611686018431607728"
    }, {
      "d" : "1756457141722490367",
      "t" : 1756457141722,
      "tn" : 1756457141722490367,
      "q" : "410.0",
      "p" : "0.1474",
      "s" : "buy",
      "i" : "LUNA2_USD",
      "m" : "4611686018431607727"
    }, {
      "d" : "1756457141303868035",
      "t" : 1756457141303,
      "tn" : 1756457141303868035,
      "q" : "506.1",
      "p" : "0.1473",
      "s" : "sell",
      "i" : "LUNA2_USD",
      "m" : "4611686018431607726"
    }, {
      "d" : "1756457141303865626",
      "t" : 1756457141303,
      "tn" : 1756457141303865626,
      "q" : "5901.5",
      "p" : "0.1474",
      "s" : "sell",
      "i" : "LUNA2_USD",
      "m" : "4611686018431607725"
    }, {
      "d" : "1756457072046846799",
      "t" : 1756457072046,
      "tn" : 1756457072046846799,
      "q" : "10.6",
      "p" : "0.1477",
      "s" : "buy",
      "i" : "LUNA2_USD",
      "m" : "4611686018431607724"
    }, {
      "d" : "1756456878465743430",
      "t" : 1756456878465,
      "tn" : 1756456878465743430,
      "q" : "53.5",
      "p" : "0.1479",
      "s" : "sell",
      "i" : "LUNA2_USD",
      "m" : "4611686018431607723"
    }, {
      "d" : "1756456878461702614",
      "t" : 1756456878461,
      "tn" : 1756456878461702614,
      "q" : "313.8",
      "p" : "0.1479",
      "s" : "buy",
      "i" : "LUNA2_USD",
      "m" : "4611686018431607722"
    }, {
      "d" : "1756456875355784905",
      "t" : 1756456875355,
      "tn" : 1756456875355784905,
      "q" : "194.7",
      "p" : "0.1478",
      "s" : "buy",
      "i" : "LUNA2_USD",
      "m" : "4611686018431607721"
    }, {
      "d" : "1756456345893587946",
      "t" : 1756456345893,
      "tn" : 1756456345893587946,
      "q" : "153.9",
      "p" : "0.1479",
      "s" : "sell",
      "i" : "LUNA2_USD",
      "m" : "4611686018431607720"
    }, {
      "d" : "1756455762035093136",
      "t" : 1756455762035,
      "tn" : 1756455762035093136,
      "q" : "232.2",
      "p" : "0.1478",
      "s" : "sell",
      "i" : "LUNA2_USD",
      "m" : "4611686018431607719"
    }, {
      "d" : "1756455666338122302",
      "t" : 1756455666338,
      "tn" : 1756455666338122302,
      "q" : "111.4",
      "p" : "0.1478",
      "s" : "sell",
      "i" : "LUNA2_USD",
      "m" : "4611686018431607718"
    }, {
      "d" : "1756455472432007933",
      "t" : 1756455472432,
      "tn" : 1756455472432007933,
      "q" : "7.6",
      "p" : "0.1484",
      "s" : "buy",
      "i" : "LUNA2_USD",
      "m" : "4611686018431607717"
    }, {
      "d" : "1756455405730748473",
      "t" : 1756455405730,
      "tn" : 1756455405730748473,
      "q" : "202.3",
      "p" : "0.1479",
      "s" : "sell",
      "i" : "LUNA2_USD",
      "m" : "4611686018431607716"
    }, {
      "d" : "1756455315847068827",
      "t" : 1756455315847,
      "tn" : 1756455315847068827,
      "q" : "207.7",
      "p" : "0.1481",
      "s" : "sell",
      "i" : "LUNA2_USD",
      "m" : "4611686018431607715"
    }, {
      "d" : "1756455315847066158",
      "t" : 1756455315847,
      "tn" : 1756455315847066158,
      "q" : "7.6",
      "p" : "0.1482",
      "s" : "sell",
      "i" : "LUNA2_USD",
      "m" : "4611686018431607714"
    }, {
      "d" : "1756455253035038017",
      "t" : 1756455253035,
      "tn" : 1756455253035038017,
      "q" : "7.6",
      "p" : "0.1484",
      "s" : "buy",
      "i" : "LUNA2_USD",
      "m" : "4611686018431607713"
    }, {
      "d" : "1756455012727408689",
      "t" : 1756455012727,
      "tn" : 1756455012727408689,
      "q" : "8.6",
      "p" : "0.1481",
      "s" : "buy",
      "i" : "LUNA2_USD",
      "m" : "4611686018431607712"
    }, {
      "d" : "1756455004481747600",
      "t" : 1756455004481,
      "tn" : 1756455004481747600,
      "q" : "14.3",
      "p" : "0.1481",
      "s" : "buy",
      "i" : "LUNA2_USD",
      "m" : "4611686018431607711"
    }, {
      "d" : "1756454989612066142",
      "t" : 1756454989612,
      "tn" : 1756454989612066142,
      "q" : "121.0",
      "p" : "0.1477",
      "s" : "buy",
      "i" : "LUNA2_USD",
      "m" : "4611686018431607710"
    }, {
      "d" : "1756454989608290303",
      "t" : 1756454989608,
      "tn" : 1756454989608290303,
      "q" : "120.0",
      "p" : "0.1477",
      "s" : "buy",
      "i" : "LUNA2_USD",
      "m" : "4611686018431607709"
    }, {
      "d" : "1756454989602261023",
      "t" : 1756454989602,
      "tn" : 1756454989602261023,
      "q" : "609.3",
      "p" : "0.1477",
      "s" : "buy",
      "i" : "LUNA2_USD",
      "m" : "4611686018431607708"
    }, {
      "d" : "1756454989585774400",
      "t" : 1756454989585,
      "tn" : 1756454989585774400,
      "q" : "608.9",
      "p" : "0.1478",
      "s" : "buy",
      "i" : "LUNA2_USD",
      "m" : "4611686018431607707"
    }, {
      "d" : "1756454989577621132",
      "t" : 1756454989577,
      "tn" : 1756454989577621132,
      "q" : "331.5",
      "p" : "0.1480",
      "s" : "buy",
      "i" : "LUNA2_USD",
      "m" : "4611686018431607706"
    }, {
      "d" : "1756454989577618951",
      "t" : 1756454989577,
      "tn" : 1756454989577618951,
      "q" : "4961.9",
      "p" : "0.1479",
      "s" : "buy",
      "i" : "LUNA2_USD",
      "m" : "4611686018431607705"
    }, {
      "d" : "1756454983769066297",
      "t" : 1756454983769,
      "tn" : 1756454983769066297,
      "q" : "5881.5",
      "p" : "0.1479",
      "s" : "sell",
      "i" : "LUNA2_USD",
      "m" : "4611686018431607704"
    }, {
      "d" : "1756454974527432941",
      "t" : 1756454974527,
      "tn" : 1756454974527432941,
      "q" : "663.0",
      "p" : "0.1482",
      "s" : "sell",
      "i" : "LUNA2_USD",
      "m" : "4611686018431607703"
    }, {
      "d" : "1756454749697497713",
      "t" : 1756454749697,
      "tn" : 1756454749697497713,
      "q" : "61.1",
      "p" : "0.1484",
      "s" : "sell",
      "i" : "LUNA2_USD",
      "m" : "4611686018431607702"
    }, {
      "d" : "1756454491845479162",
      "t" : 1756454491845,
      "tn" : 1756454491845479162,
      "q" : "69.5",
      "p" : "0.1483",
      "s" : "sell",
      "i" : "LUNA2_USD",
      "m" : "4611686018431607701"
    }, {
      "d" : "1756454446739767928",
      "t" : 1756454446739,
      "tn" : 1756454446739767928,
      "q" : "1148.4",
      "p" : "0.1484",
      "s" : "buy",
      "i" : "LUNA2_USD",
      "m" : "4611686018431607700"
    }, {
      "d" : "1756454446739765841",
      "t" : 1756454446739,
      "tn" : 1756454446739765841,
      "q" : "83.6",
      "p" : "0.1483",
      "s" : "buy",
      "i" : "LUNA2_USD",
      "m" : "4611686018431607699"
    }, {
      "d" : "1756453840686761141",
      "t" : 1756453840686,
      "tn" : 1756453840686761141,
      "q" : "5859.7",
      "p" : "0.1485",
      "s" : "buy",
      "i" : "LUNA2_USD",
      "m" : "4611686018431607698"
    }, {
      "d" : "1756453840686758798",
      "t" : 1756453840686,
      "tn" : 1756453840686758798,
      "q" : "83.6",
      "p" : "0.1484",
      "s" : "buy",
      "i" : "LUNA2_USD",
      "m" : "4611686018431607697"
    }, {
      "d" : "1756453808711597329",
      "t" : 1756453808711,
      "tn" : 1756453808711597329,
      "q" : "70.8",
      "p" : "0.1484",
      "s" : "sell",
      "i" : "LUNA2_USD",
      "m" : "4611686018431607696"
    }, {
      "d" : "1756453686606655181",
      "t" : 1756453686606,
      "tn" : 1756453686606655181,
      "q" : "61.2",
      "p" : "0.1486",
      "s" : "buy",
      "i" : "LUNA2_USD",
      "m" : "4611686018431607695"
    }, {
      "d" : "1756453672131837171",
      "t" : 1756453672131,
      "tn" : 1756453672131837171,
      "q" : "24.1",
      "p" : "0.1483",
      "s" : "sell",
      "i" : "LUNA2_USD",
      "m" : "4611686018431607694"
    }, {
      "d" : "1756453450947256229",
      "t" : 1756453450947,
      "tn" : 1756453450947256229,
      "q" : "1385.6",
      "p" : "0.1482",
      "s" : "sell",
      "i" : "LUNA2_USD",
      "m" : "4611686018431607693"
    }, {
      "d" : "1756453366091907417",
      "t" : 1756453366091,
      "tn" : 1756453366091907417,
      "q" : "70.8",
      "p" : "0.1482",
      "s" : "buy",
      "i" : "LUNA2_USD",
      "m" : "4611686018431607692"
    }, {
      "d" : "1756453365590431342",
      "t" : 1756453365590,
      "tn" : 1756453365590431342,
      "q" : "4292.4",
      "p" : "0.1483",
      "s" : "buy",
      "i" : "LUNA2_USD",
      "m" : "4611686018431607691"
    }, {
      "d" : "1756453365590429400",
      "t" : 1756453365590,
      "tn" : 1756453365590429400,
      "q" : "228.3",
      "p" : "0.1482",
      "s" : "buy",
      "i" : "LUNA2_USD",
      "m" : "4611686018431607690"
    }, {
      "d" : "1756453359862347170",
      "t" : 1756453359862,
      "tn" : 1756453359862347170,
      "q" : "1686.3",
      "p" : "0.1482",
      "s" : "sell",
      "i" : "LUNA2_USD",
      "m" : "4611686018431607689"
    }, {
      "d" : "1756453343104964157",
      "t" : 1756453343104,
      "tn" : 1756453343104964157,
      "q" : "1941.6",
      "p" : "0.1483",
      "s" : "sell",
      "i" : "LUNA2_USD",
      "m" : "4611686018431607688"
    }, {
      "d" : "1756453299301514924",
      "t" : 1756453299301,
      "tn" : 1756453299301514924,
      "q" : "26.2",
      "p" : "0.1483",
      "s" : "sell",
      "i" : "LUNA2_USD",
      "m" : "4611686018431607687"
    }, {
      "d" : "1756453186262806780",
      "t" : 1756453186262,
      "tn" : 1756453186262806780,
      "q" : "3177.9",
      "p" : "0.1483",
      "s" : "sell",
      "i" : "LUNA2_USD",
      "m" : "4611686018431607686"
    }, {
      "d" : "1756453090821625251",
      "t" : 1756453090821,
      "tn" : 1756453090821625251,
      "q" : "1117.5",
      "p" : "0.1486",
      "s" : "buy",
      "i" : "LUNA2_USD",
      "m" : "4611686018431607685"
    }, {
      "d" : "1756453090821622455",
      "t" : 1756453090821,
      "tn" : 1756453090821622455,
      "q" : "456.7",
      "p" : "0.1485",
      "s" : "buy",
      "i" : "LUNA2_USD",
      "m" : "4611686018431607684"
    }, {
      "d" : "1756453072860757308",
      "t" : 1756453072860,
      "tn" : 1756453072860757308,
      "q" : "70.8",
      "p" : "0.1483",
      "s" : "buy",
      "i" : "LUNA2_USD",
      "m" : "4611686018431607683"
    }, {
      "d" : "1756453072497999795",
      "t" : 1756453072497,
      "tn" : 1756453072497999795,
      "q" : "113.9",
      "p" : "0.1483",
      "s" : "buy",
      "i" : "LUNA2_USD",
      "m" : "4611686018431607682"
    }, {
      "d" : "1756453072497997576",
      "t" : 1756453072497,
      "tn" : 1756453072497997576,
      "q" : "4615.4",
      "p" : "0.1482",
      "s" : "buy",
      "i" : "LUNA2_USD",
      "m" : "4611686018431607681"
    }, {
      "d" : "1756453067331829883",
      "t" : 1756453067331,
      "tn" : 1756453067331829883,
      "q" : "227.9",
      "p" : "0.1483",
      "s" : "sell",
      "i" : "LUNA2_USD",
      "m" : "4611686018431607680"
    }, {
      "d" : "1756453067331827802",
      "t" : 1756453067331,
      "tn" : 1756453067331827802,
      "q" : "530.5",
      "p" : "0.1484",
      "s" : "sell",
      "i" : "LUNA2_USD",
      "m" : "4611686018431607679"
    }, {
      "d" : "1756453067330335796",
      "t" : 1756453067330,
      "tn" : 1756453067330335796,
      "q" : "70.8",
      "p" : "0.1484",
      "s" : "sell",
      "i" : "LUNA2_USD",
      "m" : "4611686018431607678"
    }, {
      "d" : "1756453037097606365",
      "t" : 1756453037097,
      "tn" : 1756453037097606365,
      "q" : "455.8",
      "p" : "0.1487",
      "s" : "sell",
      "i" : "LUNA2_USD",
      "m" : "4611686018431607677"
    }, {
      "d" : "1756452817543919648",
      "t" : 1756452817543,
      "tn" : 1756452817543919648,
      "q" : "414.4",
      "p" : "0.1490",
      "s" : "buy",
      "i" : "LUNA2_USD",
      "m" : "4611686018431607676"
    }, {
      "d" : "1756452817543916874",
      "t" : 1756452817543,
      "tn" : 1756452817543916874,
      "q" : "5847.9",
      "p" : "0.1489",
      "s" : "buy",
      "i" : "LUNA2_USD",
      "m" : "4611686018431607675"
    }, {
      "d" : "1756452780947855255",
      "t" : 1756452780947,
      "tn" : 1756452780947855255,
      "q" : "14742.4",
      "p" : "0.1490",
      "s" : "sell",
      "i" : "LUNA2_USD",
      "m" : "4611686018431607674"
    }, {
      "d" : "1756452780947852225",
      "t" : 1756452780947,
      "tn" : 1756452780947852224,
      "q" : "1751.3",
      "p" : "0.1491",
      "s" : "sell",
      "i" : "LUNA2_USD",
      "m" : "4611686018431607673"
    }, {
      "d" : "1756452780947852224",
      "t" : 1756452780947,
      "tn" : 1756452780947852224,
      "q" : "5834.2",
      "p" : "0.1491",
      "s" : "sell",
      "i" : "LUNA2_USD",
      "m" : "4611686018431607673"
    }, {
      "d" : "1756452729435056059",
      "t" : 1756452729435,
      "tn" : 1756452729435056059,
      "q" : "70.8",
      "p" : "0.1490",
      "s" : "buy",
      "i" : "LUNA2_USD",
      "m" : "4611686018431607672"
    }, {
      "d" : "1756452687663246754",
      "t" : 1756452687663,
      "tn" : 1756452687663246754,
      "q" : "118.4",
      "p" : "0.1497",
      "s" : "sell",
      "i" : "LUNA2_USD",
      "m" : "4611686018431607671"
    }, {
      "d" : "1756452687661163844",
      "t" : 1756452687661,
      "tn" : 1756452687661163844,
      "q" : "74.3",
      "p" : "0.1497",
      "s" : "sell",
      "i" : "LUNA2_USD",
      "m" : "4611686018431607670"
    }, {
      "d" : "1756452685122948393",
      "t" : 1756452685122,
      "tn" : 1756452685122948393,
      "q" : "497.3",
      "p" : "0.1487",
      "s" : "sell",
      "i" : "LUNA2_USD",
      "m" : "4611686018431607669"
    }, {
      "d" : "1756452684950673342",
      "t" : 1756452684950,
      "tn" : 1756452684950673342,
      "q" : "14321.7",
      "p" : "0.1487",
      "s" : "buy",
      "i" : "LUNA2_USD",
      "m" : "4611686018431607668"
    }, {
      "d" : "1756452684950671224",
      "t" : 1756452684950,
      "tn" : 1756452684950671224,
      "q" : "331.5",
      "p" : "0.1486",
      "s" : "buy",
      "i" : "LUNA2_USD",
      "m" : "4611686018431607667"
    }, {
      "d" : "1756452463274605809",
      "t" : 1756452463274,
      "tn" : 1756452463274605809,
      "q" : "2094.7",
      "p" : "0.1484",
      "s" : "buy",
      "i" : "LUNA2_USD",
      "m" : "4611686018431607666"
    }, {
      "d" : "1756452249482015639",
      "t" : 1756452249482,
      "tn" : 1756452249482015639,
      "q" : "7.6",
      "p" : "0.1486",
      "s" : "sell",
      "i" : "LUNA2_USD",
      "m" : "4611686018431607665"
    }, {
      "d" : "1756452141262455302",
      "t" : 1756452141262,
      "tn" : 1756452141262455302,
      "q" : "1959.8",
      "p" : "0.1483",
      "s" : "sell",
      "i" : "LUNA2_USD",
      "m" : "4611686018431607664"
    }, {
      "d" : "1756452141262454722",
      "t" : 1756452141262,
      "tn" : 1756452141262454722,
      "q" : "663.0",
      "p" : "0.1484",
      "s" : "sell",
      "i" : "LUNA2_USD",
      "m" : "4611686018431607663"
    }, {
      "d" : "1756452141196195516",
      "t" : 1756452141196,
      "tn" : 1756452141196195516,
      "q" : "74.3",
      "p" : "0.1489",
      "s" : "buy",
      "i" : "LUNA2_USD",
      "m" : "4611686018431607662"
    }, {
      "d" : "1756451954163147147",
      "t" : 1756451954163,
      "tn" : 1756451954163147147,
      "q" : "10093.7",
      "p" : "0.1489",
      "s" : "buy",
      "i" : "LUNA2_USD",
      "m" : "4611686018431607661"
    }, {
      "d" : "1756451954163144425",
      "t" : 1756451954163,
      "tn" : 1756451954163144425,
      "q" : "411.7",
      "p" : "0.1488",
      "s" : "buy",
      "i" : "LUNA2_USD",
      "m" : "4611686018431607660"
    }, {
      "d" : "1756451917484936072",
      "t" : 1756451917484,
      "tn" : 1756451917484936072,
      "q" : "411.7",
      "p" : "0.1486",
      "s" : "buy",
      "i" : "LUNA2_USD",
      "m" : "4611686018431607659"
    }, {
      "d" : "1756451917281784800",
      "t" : 1756451917281,
      "tn" : 1756451917281784800,
      "q" : "70.8",
      "p" : "0.1487",
      "s" : "sell",
      "i" : "LUNA2_USD",
      "m" : "4611686018431607658"
    }, {
      "d" : "1756451705012541797",
      "t" : 1756451705012,
      "tn" : 1756451705012541797,
      "q" : "357.0",
      "p" : "0.1484",
      "s" : "buy",
      "i" : "LUNA2_USD",
      "m" : "4611686018431607657"
    }, {
      "d" : "1756451704997284217",
      "t" : 1756451704997,
      "tn" : 1756451704997284217,
      "q" : "2672.7",
      "p" : "0.1483",
      "s" : "buy",
      "i" : "LUNA2_USD",
      "m" : "4611686018431607656"
    }, {
      "d" : "1756451664392983466",
      "t" : 1756451664392,
      "tn" : 1756451664392983466,
      "q" : "10093.0",
      "p" : "0.1484",
      "s" : "sell",
      "i" : "LUNA2_USD",
      "m" : "4611686018431607655"
    }, {
      "d" : "1756451664392981787",
      "t" : 1756451664392,
      "tn" : 1756451664392981787,
      "q" : "145.7",
      "p" : "0.1485",
      "s" : "sell",
      "i" : "LUNA2_USD",
      "m" : "4611686018431607654"
    }, {
      "d" : "1756451643161353280",
      "t" : 1756451643161,
      "tn" : 1756451643161353280,
      "q" : "16.5",
      "p" : "0.1487",
      "s" : "sell",
      "i" : "LUNA2_USD",
      "m" : "4611686018431607653"
    }, {
      "d" : "1756451608151872793",
      "t" : 1756451608151,
      "tn" : 1756451608151872793,
      "q" : "5849.9",
      "p" : "0.1487",
      "s" : "sell",
      "i" : "LUNA2_USD",
      "m" : "4611686018431607652"
    }, {
      "d" : "1756451608151869616",
      "t" : 1756451608151,
      "tn" : 1756451608151869616,
      "q" : "291.4",
      "p" : "0.1488",
      "s" : "sell",
      "i" : "LUNA2_USD",
      "m" : "4611686018431607651"
    } ]
  }
}