{
  "id" : -1,
  "method" : "public/get-trades",
  "code" : 0,
  "result" : {
    "data" : [ {
      "d" : "1756451251195317624",
      "t" : 1756451251195,
      "tn" : 1756451251195317624,
      "q" : "55",
      "p" : "0.1500",
      "s" : "sell",
      "i" : "LUNA2USD-PERP",
      "m" : "4611686018429556467"
    }, {
      "d" : "1756426740365311507",
      "t" : 1756426740365,
      "tn" : 1756426740365311507,
      "q" : "1",
      "p" : "0.1530",
      "s" : "sell",
      "i" : "LUNA2USD-PERP",
      "m" : "4611686018429556466"
    }, {
      "d" : "1756426740365309351",
      "t" : 1756426740365,
      "tn" : 1756426740365309351,
      "q" : "1",
      "p" : "0.1531",
      "s" : "sell",
      "i" : "LUNA2USD-PERP",
      "m" : "4611686018429556465"
    }, {
      "d" : "1756426732945303480",
      "t" : 1756426732945,
      "tn" : 1756426732945303480,
      "q" : "1",
      "p" : "0.1529",
      "s" : "sell",
      "i" : "LUNA2USD-PERP",
      "m" : "4611686018429556464"
    }, {
      "d" : "1756426732945302505",
      "t" : 1756426732945,
      "tn" : 1756426732945302505,
      "q" : "1",
      "p" : "0.1530",
      "s" : "sell",
      "i" : "LUNA2USD-PERP",
      "m" : "4611686018429556463"
    }, {
      "d" : "1756426730435285281",
      "t" : 1756426730435,
      "tn" : 1756426730435285281,
      "q" : "1",
      "p" : "0.1529",
      "s" : "sell",
      "i" : "LUNA2USD-PERP",
      "m" : "4611686018429556462"
    }, {
      "d" : "1756426730435283075",
      "t" : 1756426730435,
      "tn" : 1756426730435283075,
      "q" : "1",
      "p" : "0.1530",
      "s" : "sell",
      "i" : "LUNA2USD-PERP",
      "m" : "4611686018429556461"
    }, {
      "d" : "1756426664205352489",
      "t" : 1756426664205,
      "tn" : 1756426664205352489,
      "q" : "1",
      "p" : "0.1531",
      "s" : "sell",
      "i" : "LUNA2USD-PERP",
      "m" : "4611686018429556460"
    }, {
      "d" : "1756426664205349628",
      "t" : 1756426664205,
      "tn" : 1756426664205349628,
      "q" : "1",
      "p" : "0.1532",
      "s" : "sell",
      "i" : "LUNA2USD-PERP",
      "m" : "4611686018429556459"
    }, {
      "d" : "1756426662195255924",
      "t" : 1756426662195,
      "tn" : 1756426662195255924,
      "q" : "1",
      "p" : "0.1531",
      "s" : "sell",
      "i" : "LUNA2USD-PERP",
      "m" : "4611686018429556458"
    }, {
      "d" : "1756426662195253387",
      "t" : 1756426662195,
      "tn" : 1756426662195253387,
      "q" : "1",
      "p" : "0.1532",
      "s" : "sell",
      "i" : "LUNA2USD-PERP",
      "m" : "4611686018429556457"
    }, {
      "d" : "1756426656795242658",
      "t" : 1756426656795,
      "tn" : 1756426656795242658,
      "q" : "1",
      "p" : "0.1531",
      "s" : "sell",
      "i" : "LUNA2USD-PERP",
      "m" : "4611686018429556456"
    }, {
      "d" : "1756426656795240167",
      "t" : 1756426656795,
      "tn" : 1756426656795240167,
      "q" : "1",
      "p" : "0.1532",
      "s" : "sell",
      "i" : "LUNA2USD-PERP",
      "m" : "4611686018429556455"
    }, {
      "d" : "1756426633455343247",
      "t" : 1756426633455,
      "tn" : 1756426633455343247,
      "q" : "1",
      "p" : "0.1531",
      "s" : "sell",
      "i" : "LUNA2USD-PERP",
      "m" : "4611686018429556454"
    }, {
      "d" : "1756426633455341609",
      "t" : 1756426633455,
      "tn" : 1756426633455341609,
      "q" : "1",
      "p" : "0.1532",
      "s" : "sell",
      "i" : "LUNA2USD-PERP",
      "m" : "4611686018429556453"
    }, {
      "d" : "1756426572275306699",
      "t" : 1756426572275,
      "tn" : 1756426572275306699,
      "q" : "1",
      "p" : "0.1529",
      "s" : "sell",
      "i" : "LUNA2USD-PERP",
      "m" : "4611686018429556452"
    }, {
      "d" : "1756426572275304431",
      "t" : 1756426572275,
      "tn" : 1756426572275304431,
      "q" : "1",
      "p" : "0.1530",
      "s" : "sell",
      "i" : "LUNA2USD-PERP",
      "m" : "4611686018429556451"
    }, {
      "d" : "1756426506025267656",
      "t" : 1756426506025,
      "tn" : 1756426506025267656,
      "q" : "1",
      "p" : "0.1527",
      "s" : "sell",
      "i" : "LUNA2USD-PERP",
      "m" : "4611686018429556450"
    }, {
      "d" : "1756426506025265852",
      "t" : 1756426506025,
      "tn" : 1756426506025265852,
      "q" : "1",
      "p" : "0.1528",
      "s" : "sell",
      "i" : "LUNA2USD-PERP",
      "m" : "4611686018429556449"
    }, {
      "d" : "1756426265225273807",
      "t" : 1756426265225,
      "tn" : 1756426265225273806,
      "q" : "1",
      "p" : "0.1529",
      "s" : "sell",
      "i" : "LUNA2USD-PERP",
      "m" : "4611686018429556448"
    }, {
      "d" : "1756426265225273806",
      "t" : 1756426265225,
      "tn" : 1756426265225273806,
      "q" : "1",
      "p" : "0.1529",
      "s" : "sell",
      "i" : "LUNA2USD-PERP",
      "m" : "4611686018429556448"
    }, {
      "d" : "1756426260515321416",
      "t" : 1756426260515,
      "tn" : 1756426260515321416,
      "q" : "1",
      "p" : "0.1528",
      "s" : "sell",
      "i" : "LUNA2USD-PERP",
      "m" : "4611686018429556447"
    }, {
      "d" : "1756426260515318874",
      "t" : 1756426260515,
      "tn" : 1756426260515318874,
      "q" : "1",
      "p" : "0.1529",
      "s" : "sell",
      "i" : "LUNA2USD-PERP",
      "m" : "4611686018429556446"
    }, {
      "d" : "1756426090435276815",
      "t" : 1756426090435,
      "tn" : 1756426090435276815,
      "q" : "1",
      "p" : "0.1529",
      "s" : "sell",
      "i" : "LUNA2USD-PERP",
      "m" : "4611686018429556445"
    }, {
      "d" : "1756426090435274573",
      "t" : 1756426090435,
      "tn" : 1756426090435274573,
      "q" : "1",
      "p" : "0.1530",
      "s" : "sell",
      "i" : "LUNA2USD-PERP",
      "m" : "4611686018429556444"
    }, {
      "d" : "1756426080355245028",
      "t" : 1756426080355,
      "tn" : 1756426080355245028,
      "q" : "1",
      "p" : "0.1529",
      "s" : "sell",
      "i" : "LUNA2USD-PERP",
      "m" : "4611686018429556443"
    }, {
      "d" : "1756426080355243008",
      "t" : 1756426080355,
      "tn" : 1756426080355243008,
      "q" : "1",
      "p" : "0.1530",
      "s" : "sell",
      "i" : "LUNA2USD-PERP",
      "m" : "4611686018429556442"
    }, {
      "d" : "1756426036065277095",
      "t" : 1756426036065,
      "tn" : 1756426036065277095,
      "q" : "1",
      "p" : "0.1530",
      "s" : "sell",
      "i" : "LUNA2USD-PERP",
      "m" : "4611686018429556441"
    }, {
      "d" : "1756426036065274570",
      "t" : 1756426036065,
      "tn" : 1756426036065274570,
      "q" : "1",
      "p" : "0.1531",
      "s" : "sell",
      "i" : "LUNA2USD-PERP",
      "m" : "4611686018429556440"
    }, {
      "d" : "1756426029195244217",
      "t" : 1756426029195,
      "tn" : 1756426029195244217,
      "q" : "1",
      "p" : "0.1530",
      "s" : "sell",
      "i" : "LUNA2USD-PERP",
      "m" : "4611686018429556439"
    }, {
      "d" : "1756426029195241477",
      "t" : 1756426029195,
      "tn" : 1756426029195241477,
      "q" : "1",
      "p" : "0.1531",
      "s" : "sell",
      "i" : "LUNA2USD-PERP",
      "m" : "4611686018429556438"
    }, {
      "d" : "1756425981235310784",
      "t" : 1756425981235,
      "tn" : 1756425981235310784,
      "q" : "1",
      "p" : "0.1530",
      "s" : "sell",
      "i" : "LUNA2USD-PERP",
      "m" : "4611686018429556437"
    }, {
      "d" : "1756425981235309060",
      "t" : 1756425981235,
      "tn" : 1756425981235309060,
      "q" : "1",
      "p" : "0.1531",
      "s" : "sell",
      "i" : "LUNA2USD-PERP",
      "m" : "4611686018429556436"
    }, {
      "d" : "1756425972285343567",
      "t" : 1756425972285,
      "tn" : 1756425972285343567,
      "q" : "1",
      "p" : "0.1530",
      "s" : "sell",
      "i" : "LUNA2USD-PERP",
      "m" : "4611686018429556435"
    }, {
      "d" : "1756425972285341033",
      "t" : 1756425972285,
      "tn" : 1756425972285341033,
      "q" : "1",
      "p" : "0.1531",
      "s" : "sell",
      "i" : "LUNA2USD-PERP",
      "m" : "4611686018429556434"
    }, {
      "d" : "1756425962855262300",
      "t" : 1756425962855,
      "tn" : 1756425962855262300,
      "q" : "1",
      "p" : "0.1530",
      "s" : "sell",
      "i" : "LUNA2USD-PERP",
      "m" : "4611686018429556433"
    }, {
      "d" : "1756425962855259896",
      "t" : 1756425962855,
      "tn" : 1756425962855259896,
      "q" : "1",
      "p" : "0.1531",
      "s" : "sell",
      "i" : "LUNA2USD-PERP",
      "m" : "4611686018429556432"
    }, {
      "d" : "1756425905385376278",
      "t" : 1756425905385,
      "tn" : 1756425905385376278,
      "q" : "1",
      "p" : "0.1531",
      "s" : "sell",
      "i" : "LUNA2USD-PERP",
      "m" : "4611686018429556431"
    }, {
      "d" : "1756425905385373900",
      "t" : 1756425905385,
      "tn" : 1756425905385373900,
      "q" : "1",
      "p" : "0.1532",
      "s" : "sell",
      "i" : "LUNA2USD-PERP",
      "m" : "4611686018429556430"
    }, {
      "d" : "1756425900915286064",
      "t" : 1756425900915,
      "tn" : 1756425900915286064,
      "q" : "1",
      "p" : "0.1531",
      "s" : "sell",
      "i" : "LUNA2USD-PERP",
      "m" : "4611686018429556429"
    }, {
      "d" : "1756425900915283382",
      "t" : 1756425900915,
      "tn" : 1756425900915283382,
      "q" : "1",
      "p" : "0.1532",
      "s" : "sell",
      "i" : "LUNA2USD-PERP",
      "m" : "4611686018429556428"
    }, {
      "d" : "1756425885845318542",
      "t" : 1756425885845,
      "tn" : 1756425885845318542,
      "q" : "1",
      "p" : "0.1531",
      "s" : "sell",
      "i" : "LUNA2USD-PERP",
      "m" : "4611686018429556427"
    }, {
      "d" : "1756425885845316505",
      "t" : 1756425885845,
      "tn" : 1756425885845316505,
      "q" : "1",
      "p" : "0.1532",
      "s" : "sell",
      "i" : "LUNA2USD-PERP",
      "m" : "4611686018429556426"
    }, {
      "d" : "1756425812395270907",
      "t" : 1756425812395,
      "tn" : 1756425812395270907,
      "q" : "1",
      "p" : "0.1532",
      "s" : "sell",
      "i" : "LUNA2USD-PERP",
      "m" : "4611686018429556425"
    }, {
      "d" : "1756425812395268698",
      "t" : 1756425812395,
      "tn" : 1756425812395268698,
      "q" : "1",
      "p" : "0.1533",
      "s" : "sell",
      "i" : "LUNA2USD-PERP",
      "m" : "4611686018429556424"
    }, {
      "d" : "1756425694095323940",
      "t" : 1756425694095,
      "tn" : 1756425694095323940,
      "q" : "1",
      "p" : "0.1533",
      "s" : "sell",
      "i" : "LUNA2USD-PERP",
      "m" : "4611686018429556423"
    }, {
      "d" : "1756425694095320991",
      "t" : 1756425694095,
      "tn" : 1756425694095320991,
      "q" : "1",
      "p" : "0.1534",
      "s" : "sell",
      "i" : "LUNA2USD-PERP",
      "m" : "4611686018429556422"
    }, {
      "d" : "1756425691915309931",
      "t" : 1756425691915,
      "tn" : 1756425691915309930,
      "q" : "1",
      "p" : "0.1533",
      "s" : "sell",
      "i" : "LUNA2USD-PERP",
      "m" : "4611686018429556421"
    }, {
      "d" : "1756425691915309930",
      "t" : 1756425691915,
      "tn" : 1756425691915309930,
      "q" : "1",
      "p" : "0.1533",
      "s" : "sell",
      "i" : "LUNA2USD-PERP",
      "m" : "4611686018429556421"
    }, {
      "d" : "1756425633165329567",
      "t" : 1756425633165,
      "tn" : 1756425633165329567,
      "q" : "1",
      "p" : "0.1533",
      "s" : "sell",
      "i" : "LUNA2USD-PERP",
      "m" : "4611686018429556420"
    }, {
      "d" : "1756425633165327147",
      "t" : 1756425633165,
      "tn" : 1756425633165327147,
      "q" : "1",
      "p" : "0.1534",
      "s" : "sell",
      "i" : "LUNA2USD-PERP",
      "m" : "4611686018429556419"
    }, {
      "d" : "1756425626065306679",
      "t" : 1756425626065,
      "tn" : 1756425626065306679,
      "q" : "1",
      "p" : "0.1533",
      "s" : "sell",
      "i" : "LUNA2USD-PERP",
      "m" : "4611686018429556418"
    }, {
      "d" : "1756425626065304679",
      "t" : 1756425626065,
      "tn" : 1756425626065304679,
      "q" : "1",
      "p" : "0.1534",
      "s" : "sell",
      "i" : "LUNA2USD-PERP",
      "m" : "4611686018429556417"
    }, {
      "d" : "1756425622835340619",
      "t" : 1756425622835,
      "tn" : 1756425622835340619,
      "q" : "1",
      "p" : "0.1533",
      "s" : "sell",
      "i" : "LUNA2USD-PERP",
      "m" : "4611686018429556416"
    }, {
      "d" : "1756425622835338481",
      "t" : 1756425622835,
      "tn" : 1756425622835338481,
      "q" : "1",
      "p" : "0.1534",
      "s" : "sell",
      "i" : "LUNA2USD-PERP",
      "m" : "4611686018429556415"
    }, {
      "d" : "1756425619265285910",
      "t" : 1756425619265,
      "tn" : 1756425619265285910,
      "q" : "1",
      "p" : "0.1534",
      "s" : "sell",
      "i" : "LUNA2USD-PERP",
      "m" : "4611686018429556414"
    }, {
      "d" : "1756425616665337628",
      "t" : 1756425616665,
      "tn" : 1756425616665337628,
      "q" : "1",
      "p" : "0.1534",
      "s" : "sell",
      "i" : "LUNA2USD-PERP",
      "m" : "4611686018429556413"
    }, {
      "d" : "1756421438475423616",
      "t" : 1756421438475,
      "tn" : 1756421438475423615,
      "q" : "1",
      "p" : "0.1533",
      "s" : "buy",
      "i" : "LUNA2USD-PERP",
      "m" : "4611686018429556412"
    }, {
      "d" : "1756421438475423615",
      "t" : 1756421438475,
      "tn" : 1756421438475423615,
      "q" : "1",
      "p" : "0.1533",
      "s" : "buy",
      "i" : "LUNA2USD-PERP",
      "m" : "4611686018429556412"
    }, {
      "d" : "1756421396405396809",
      "t" : 1756421396405,
      "tn" : 1756421396405396809,
      "q" : "1",
      "p" : "0.1531",
      "s" : "buy",
      "i" : "LUNA2USD-PERP",
      "m" : "4611686018429556411"
    }, {
      "d" : "1756421391535272887",
      "t" : 1756421391535,
      "tn" : 1756421391535272887,
      "q" : "1",
      "p" : "0.1531",
      "s" : "buy",
      "i" : "LUNA2USD-PERP",
      "m" : "4611686018429556410"
    }, {
      "d" : "1756421388295243667",
      "t" : 1756421388295,
      "tn" : 1756421388295243667,
      "q" : "1",
      "p" : "0.1531",
      "s" : "buy",
      "i" : "LUNA2USD-PERP",
      "m" : "4611686018429556409"
    }, {
      "d" : "1756421385215663427",
      "t" : 1756421385215,
      "tn" : 1756421385215663427,
      "q" : "1",
      "p" : "0.1531",
      "s" : "buy",
      "i" : "LUNA2USD-PERP",
      "m" : "4611686018429556408"
    }, {
      "d" : "1756421383205319370",
      "t" : 1756421383205,
      "tn" : 1756421383205319370,
      "q" : "1",
      "p" : "0.1531",
      "s" : "buy",
      "i" : "LUNA2USD-PERP",
      "m" : "4611686018429556407"
    }, {
      "d" : "1756421380195557483",
      "t" : 1756421380195,
      "tn" : 1756421380195557483,
      "q" : "1",
      "p" : "0.1531",
      "s" : "buy",
      "i" : "LUNA2USD-PERP",
      "m" : "4611686018429556406"
    }, {
      "d" : "1756421378185565073",
      "t" : 1756421378185,
      "tn" : 1756421378185565073,
      "q" : "1",
      "p" : "0.1531",
      "s" : "buy",
      "i" : "LUNA2USD-PERP",
      "m" : "4611686018429556405"
    }, {
      "d" : "1756421375345241627",
      "t" : 1756421375345,
      "tn" : 1756421375345241627,
      "q" : "1",
      "p" : "0.1531",
      "s" : "buy",
      "i" : "LUNA2USD-PERP",
      "m" : "4611686018429556404"
    }, {
      "d" : "1756421373335314685",
      "t" : 1756421373335,
      "tn" : 1756421373335314685,
      "q" : "1",
      "p" : "0.1531",
      "s" : "buy",
      "i" : "LUNA2USD-PERP",
      "m" : "4611686018429556403"
    }, {
      "d" : "1756421370235220455",
      "t" : 1756421370235,
      "tn" : 1756421370235220455,
      "q" : "1",
      "p" : "0.1531",
      "s" : "buy",
      "i" : "LUNA2USD-PERP",
      "m" : "4611686018429556402"
    }, {
      "d" : "1756421368225362215",
      "t" : 1756421368225,
      "tn" : 1756421368225362215,
      "q" : "1",
      "p" : "0.1531",
      "s" : "buy",
      "i" : "LUNA2USD-PERP",
      "m" : "4611686018429556401"
    }, {
      "d" : "1756421334825268940",
      "t" : 1756421334825,
      "tn" : 1756421334825268940,
      "q" : "1",
      "p" : "0.1532",
      "s" : "buy",
      "i" : "LUNA2USD-PERP",
      "m" : "4611686018429556400"
    }, {
      "d" : "1756393289121791619",
      "t" : 1756393289121,
      "tn" : 1756393289121791618,
      "q" : "324",
      "p" : "0.1539",
      "s" : "buy",
      "i" : "LUNA2USD-PERP",
      "m" : "4611686018429556399"
    }, {
      "d" : "1756393289121791618",
      "t" : 1756393289121,
      "tn" : 1756393289121791618,
      "q" : "978",
      "p" : "0.1539",
      "s" : "buy",
      "i" : "LUNA2USD-PERP",
      "m" : "4611686018429556399"
    }, {
      "d" : "1756393289121725825",
      "t" : 1756393289121,
      "tn" : 1756393289121725825,
      "q" : "321",
      "p" : "0.1539",
      "s" : "buy",
      "i" : "LUNA2USD-PERP",
      "m" : "4611686018429556398"
    }, {
      "d" : "1756393289121724259",
      "t" : 1756393289121,
      "tn" : 1756393289121724258,
      "q" : "1",
      "p" : "0.1538",
      "s" : "buy",
      "i" : "LUNA2USD-PERP",
      "m" : "4611686018429556397"
    }, {
      "d" : "1756393289121724258",
      "t" : 1756393289121,
      "tn" : 1756393289121724258,
      "q" : "1300",
      "p" : "0.1538",
      "s" : "buy",
      "i" : "LUNA2USD-PERP",
      "m" : "4611686018429556397"
    }, {
      "d" : "1756393289121720153",
      "t" : 1756393289121,
      "tn" : 1756393289121720153,
      "q" : "1",
      "p" : "0.1537",
      "s" : "buy",
      "i" : "LUNA2USD-PERP",
      "m" : "4611686018429556396"
    } ]
  }
}