{
  "id" : -1,
  "method" : "public/get-trades",
  "code" : 0,
  "result" : {
    "data" : [ {
      "d" : "1756456766444818352",
      "t" : 1756456766444,
      "tn" : 1756456766444818352,
      "q" : "3410000",
      "p" : "0.00005859",
      "s" : "sell",
      "i" : "LUNCUSD-PERP",
      "m" : "4611686018431536900"
    }, {
      "d" : "1756456766444816169",
      "t" : 1756456766444,
      "tn" : 1756456766444816169,
      "q" : "3410000",
      "p" : "0.00005860",
      "s" : "sell",
      "i" : "LUNCUSD-PERP",
      "m" : "4611686018431536899"
    }, {
      "d" : "1756456766444813420",
      "t" : 1756456766444,
      "tn" : 1756456766444813420,
      "q" : "10000",
      "p" : "0.00005863",
      "s" : "sell",
      "i" : "LUNCUSD-PERP",
      "m" : "4611686018431536898"
    }, {
      "d" : "1756456766444810796",
      "t" : 1756456766444,
      "tn" : 1756456766444810796,
      "q" : "10000",
      "p" : "0.00005864",
      "s" : "sell",
      "i" : "LUNCUSD-PERP",
      "m" : "4611686018431536897"
    }, {
      "d" : "1756447084439208155",
      "t" : 1756447084439,
      "tn" : 1756447084439208154,
      "q" : "10000",
      "p" : "0.00006015",
      "s" : "sell",
      "i" : "LUNCUSD-PERP",
      "m" : "4611686018431536896"
    }, {
      "d" : "1756447084439208154",
      "t" : 1756447084439,
      "tn" : 1756447084439208154,
      "q" : "3320000",
      "p" : "0.00006015",
      "s" : "sell",
      "i" : "LUNCUSD-PERP",
      "m" : "4611686018431536896"
    }, {
      "d" : "1756447084439203374",
      "t" : 1756447084439,
      "tn" : 1756447084439203373,
      "q" : "3320000",
      "p" : "0.00006016",
      "s" : "sell",
      "i" : "LUNCUSD-PERP",
      "m" : "4611686018431536895"
    }, {
      "d" : "1756447084439203373",
      "t" : 1756447084439,
      "tn" : 1756447084439203373,
      "q" : "10000",
      "p" : "0.00006016",
      "s" : "sell",
      "i" : "LUNCUSD-PERP",
      "m" : "4611686018431536895"
    }, {
      "d" : "1756442485577814387",
      "t" : 1756442485577,
      "tn" : 1756442485577814387,
      "q" : "10000",
      "p" : "0.00006049",
      "s" : "sell",
      "i" : "LUNCUSD-PERP",
      "m" : "4611686018431536894"
    }, {
      "d" : "1756425224231181481",
      "t" : 1756425224231,
      "tn" : 1756425224231181481,
      "q" : "8870000",
      "p" : "0.00006086",
      "s" : "buy",
      "i" : "LUNCUSD-PERP",
      "m" : "4611686018431536893"
    }, {
      "d" : "1756425223663376542",
      "t" : 1756425223663,
      "tn" : 1756425223663376542,
      "q" : "10000",
      "p" : "0.00006086",
      "s" : "sell",
      "i" : "LUNCUSD-PERP",
      "m" : "4611686018431536892"
    }, {
      "d" : "1756400369587961351",
      "t" : 1756400369587,
      "tn" : 1756400369587961351,
      "q" : "3340000",
      "p" : "0.00005985",
      "s" : "sell",
      "i" : "LUNCUSD-PERP",
      "m" : "4611686018431536891"
    }, {
      "d" : "1756400369587959113",
      "t" : 1756400369587,
      "tn" : 1756400369587959113,
      "q" : "3340000",
      "p" : "0.00005986",
      "s" : "sell",
      "i" : "LUNCUSD-PERP",
      "m" : "4611686018431536890"
    }, {
      "d" : "1756378552444233075",
      "t" : 1756378552444,
      "tn" : 1756378552444233075,
      "q" : "3310000",
      "p" : "0.00006029",
      "s" : "sell",
      "i" : "LUNCUSD-PERP",
      "m" : "4611686018431536889"
    } ]
  }
}