{
  "id" : -1,
  "method" : "public/get-trades",
  "code" : 0,
  "result" : {
    "data" : [ {
      "d" : "1756460113361094292",
      "t" : 1756460113361,
      "tn" : 1756460113361094292,
      "q" : "1453000",
      "p" : "0.00005860",
      "s" : "sell",
      "i" : "LUNC_USD",
      "m" : "4611686018433301101"
    }, {
      "d" : "1756458831576830600",
      "t" : 1756458831576,
      "tn" : 1756458831576830600,
      "q" : "4098000",
      "p" : "0.00005769",
      "s" : "buy",
      "i" : "LUNC_USD",
      "m" : "4611686018433301100"
    }, {
      "d" : "1756457835996499960",
      "t" : 1756457835996,
      "tn" : 1756457835996499960,
      "q" : "1518000",
      "p" : "0.00005667",
      "s" : "sell",
      "i" : "LUNC_USD",
      "m" : "4611686018433301099"
    }, {
      "d" : "1756457835996496705",
      "t" : 1756457835996,
      "tn" : 1756457835996496705,
      "q" : "166000",
      "p" : "0.00005750",
      "s" : "sell",
      "i" : "LUNC_USD",
      "m" : "4611686018433301098"
    }, {
      "d" : "1756456766444703154",
      "t" : 1756456766444,
      "tn" : 1756456766444703154,
      "q" : "321000",
      "p" : "0.00005845",
      "s" : "sell",
      "i" : "LUNC_USD",
      "m" : "4611686018433301097"
    }, {
      "d" : "1756456766444700163",
      "t" : 1756456766444,
      "tn" : 1756456766444700163,
      "q" : "79000",
      "p" : "0.00005846",
      "s" : "sell",
      "i" : "LUNC_USD",
      "m" : "4611686018433301096"
    }, {
      "d" : "1756456052219714052",
      "t" : 1756456052219,
      "tn" : 1756456052219714052,
      "q" : "2148000",
      "p" : "0.00005896",
      "s" : "sell",
      "i" : "LUNC_USD",
      "m" : "4611686018433301095"
    }, {
      "d" : "1756451285626987195",
      "t" : 1756451285626,
      "tn" : 1756451285626987195,
      "q" : "2810000",
      "p" : "0.00005932",
      "s" : "sell",
      "i" : "LUNC_USD",
      "m" : "4611686018433301094"
    }, {
      "d" : "1756451283723091552",
      "t" : 1756451283723,
      "tn" : 1756451283723091552,
      "q" : "3368000",
      "p" : "0.00005933",
      "s" : "sell",
      "i" : "LUNC_USD",
      "m" : "4611686018433301093"
    }, {
      "d" : "1756451282433432634",
      "t" : 1756451282433,
      "tn" : 1756451282433432634,
      "q" : "4695000",
      "p" : "0.00005933",
      "s" : "sell",
      "i" : "LUNC_USD",
      "m" : "4611686018433301092"
    }, {
      "d" : "1756451019769277380",
      "t" : 1756451019769,
      "tn" : 1756451019769277380,
      "q" : "2560000",
      "p" : "0.00005945",
      "s" : "sell",
      "i" : "LUNC_USD",
      "m" : "4611686018433301091"
    }, {
      "d" : "1756451002022435005",
      "t" : 1756451002022,
      "tn" : 1756451002022435005,
      "q" : "1536000",
      "p" : "0.00005927",
      "s" : "buy",
      "i" : "LUNC_USD",
      "m" : "4611686018433301090"
    }, {
      "d" : "1756451002022431771",
      "t" : 1756451002022,
      "tn" : 1756451002022431771,
      "q" : "1218000",
      "p" : "0.00005876",
      "s" : "buy",
      "i" : "LUNC_USD",
      "m" : "4611686018433301089"
    }, {
      "d" : "1756451001339172369",
      "t" : 1756451001339,
      "tn" : 1756451001339172369,
      "q" : "6698000",
      "p" : "0.00005927",
      "s" : "buy",
      "i" : "LUNC_USD",
      "m" : "4611686018433301088"
    }, {
      "d" : "1756450312124966203",
      "t" : 1756450312124,
      "tn" : 1756450312124966203,
      "q" : "1360000",
      "p" : "0.00006020",
      "s" : "sell",
      "i" : "LUNC_USD",
      "m" : "4611686018433301087"
    }, {
      "d" : "1756448744534377194",
      "t" : 1756448744534,
      "tn" : 1756448744534377194,
      "q" : "40000",
      "p" : "0.00005870",
      "s" : "sell",
      "i" : "LUNC_USD",
      "m" : "4611686018433301086"
    }, {
      "d" : "1756448115769591478",
      "t" : 1756448115769,
      "tn" : 1756448115769591478,
      "q" : "1244000",
      "p" : "0.00006038",
      "s" : "sell",
      "i" : "LUNC_USD",
      "m" : "4611686018433301085"
    }, {
      "d" : "1756447534283194976",
      "t" : 1756447534283,
      "tn" : 1756447534283194976,
      "q" : "4027000",
      "p" : "0.00006048",
      "s" : "sell",
      "i" : "LUNC_USD",
      "m" : "4611686018433301084"
    }, {
      "d" : "1756447349328698553",
      "t" : 1756447349328,
      "tn" : 1756447349328698553,
      "q" : "1734000",
      "p" : "0.00006031",
      "s" : "sell",
      "i" : "LUNC_USD",
      "m" : "4611686018433301083"
    }, {
      "d" : "1756438445521384085",
      "t" : 1756438445521,
      "tn" : 1756438445521384085,
      "q" : "1276000",
      "p" : "0.00005986",
      "s" : "buy",
      "i" : "LUNC_USD",
      "m" : "4611686018433301082"
    }, {
      "d" : "1756433567041259606",
      "t" : 1756433567041,
      "tn" : 1756433567041259606,
      "q" : "2467000",
      "p" : "0.00006042",
      "s" : "sell",
      "i" : "LUNC_USD",
      "m" : "4611686018433301081"
    }, {
      "d" : "1756432955148504079",
      "t" : 1756432955148,
      "tn" : 1756432955148504079,
      "q" : "1202000",
      "p" : "0.00006024",
      "s" : "sell",
      "i" : "LUNC_USD",
      "m" : "4611686018433301080"
    }, {
      "d" : "1756431183306769322",
      "t" : 1756431183306,
      "tn" : 1756431183306769322,
      "q" : "8234000",
      "p" : "0.00006026",
      "s" : "sell",
      "i" : "LUNC_USD",
      "m" : "4611686018433301079"
    }, {
      "d" : "1756430754447350017",
      "t" : 1756430754447,
      "tn" : 1756430754447350017,
      "q" : "2168000",
      "p" : "0.00006016",
      "s" : "buy",
      "i" : "LUNC_USD",
      "m" : "4611686018433301078"
    }, {
      "d" : "1756430754447348255",
      "t" : 1756430754447,
      "tn" : 1756430754447348255,
      "q" : "2810000",
      "p" : "0.00006015",
      "s" : "buy",
      "i" : "LUNC_USD",
      "m" : "4611686018433301077"
    }, {
      "d" : "1756430754412682213",
      "t" : 1756430754412,
      "tn" : 1756430754412682213,
      "q" : "3927000",
      "p" : "0.00006016",
      "s" : "buy",
      "i" : "LUNC_USD",
      "m" : "4611686018433301076"
    }, {
      "d" : "1756430492695489611",
      "t" : 1756430492695,
      "tn" : 1756430492695489611,
      "q" : "2139000",
      "p" : "0.00006030",
      "s" : "buy",
      "i" : "LUNC_USD",
      "m" : "4611686018433301075"
    }, {
      "d" : "1756430492695486729",
      "t" : 1756430492695,
      "tn" : 1756430492695486729,
      "q" : "206000",
      "p" : "0.00006029",
      "s" : "buy",
      "i" : "LUNC_USD",
      "m" : "4611686018433301074"
    }, {
      "d" : "1756430467100521148",
      "t" : 1756430467100,
      "tn" : 1756430467100521148,
      "q" : "498000",
      "p" : "0.00006020",
      "s" : "sell",
      "i" : "LUNC_USD",
      "m" : "4611686018433301073"
    }, {
      "d" : "1756430458678780431",
      "t" : 1756430458678,
      "tn" : 1756430458678780431,
      "q" : "2561000",
      "p" : "0.00006021",
      "s" : "sell",
      "i" : "LUNC_USD",
      "m" : "4611686018433301072"
    }, {
      "d" : "1756430458677069462",
      "t" : 1756430458677,
      "tn" : 1756430458677069462,
      "q" : "249000",
      "p" : "0.00006021",
      "s" : "sell",
      "i" : "LUNC_USD",
      "m" : "4611686018433301071"
    }, {
      "d" : "1756425769036261608",
      "t" : 1756425769036,
      "tn" : 1756425769036261608,
      "q" : "2419000",
      "p" : "0.00006125",
      "s" : "sell",
      "i" : "LUNC_USD",
      "m" : "4611686018433301070"
    }, {
      "d" : "1756424887528532915",
      "t" : 1756424887528,
      "tn" : 1756424887528532915,
      "q" : "1269000",
      "p" : "0.00006125",
      "s" : "sell",
      "i" : "LUNC_USD",
      "m" : "4611686018433301069"
    }, {
      "d" : "1756423597360203927",
      "t" : 1756423597360,
      "tn" : 1756423597360203927,
      "q" : "1623000",
      "p" : "0.00006125",
      "s" : "sell",
      "i" : "LUNC_USD",
      "m" : "4611686018433301068"
    }, {
      "d" : "1756422497503941212",
      "t" : 1756422497503,
      "tn" : 1756422497503941212,
      "q" : "2750000",
      "p" : "0.00006075",
      "s" : "buy",
      "i" : "LUNC_USD",
      "m" : "4611686018433301067"
    }, {
      "d" : "1756422201812424606",
      "t" : 1756422201812,
      "tn" : 1756422201812424606,
      "q" : "2514000",
      "p" : "0.00006127",
      "s" : "sell",
      "i" : "LUNC_USD",
      "m" : "4611686018433301066"
    }, {
      "d" : "1756420741304083962",
      "t" : 1756420741304,
      "tn" : 1756420741304083962,
      "q" : "1175000",
      "p" : "0.00006074",
      "s" : "sell",
      "i" : "LUNC_USD",
      "m" : "4611686018433301065"
    }, {
      "d" : "1756420702313062956",
      "t" : 1756420702313,
      "tn" : 1756420702313062956,
      "q" : "122000",
      "p" : "0.00006022",
      "s" : "sell",
      "i" : "LUNC_USD",
      "m" : "4611686018433301064"
    }, {
      "d" : "1756418917950874126",
      "t" : 1756418917950,
      "tn" : 1756418917950874126,
      "q" : "2327000",
      "p" : "0.00006074",
      "s" : "sell",
      "i" : "LUNC_USD",
      "m" : "4611686018433301063"
    }, {
      "d" : "1756418086648892100",
      "t" : 1756418086648,
      "tn" : 1756418086648892100,
      "q" : "1237000",
      "p" : "0.00005976",
      "s" : "buy",
      "i" : "LUNC_USD",
      "m" : "4611686018433301062"
    }, {
      "d" : "1756413153108706968",
      "t" : 1756413153108,
      "tn" : 1756413153108706968,
      "q" : "5438000",
      "p" : "0.00005982",
      "s" : "buy",
      "i" : "LUNC_USD",
      "m" : "4611686018433301061"
    }, {
      "d" : "1756413151329073014",
      "t" : 1756413151329,
      "tn" : 1756413151329073014,
      "q" : "4556000",
      "p" : "0.00005982",
      "s" : "buy",
      "i" : "LUNC_USD",
      "m" : "4611686018433301060"
    }, {
      "d" : "1756413151328876808",
      "t" : 1756413151328,
      "tn" : 1756413151328876808,
      "q" : "1483000",
      "p" : "0.00005982",
      "s" : "buy",
      "i" : "LUNC_USD",
      "m" : "4611686018433301059"
    }, {
      "d" : "1756413151313910210",
      "t" : 1756413151313,
      "tn" : 1756413151313910210,
      "q" : "131000",
      "p" : "0.00005983",
      "s" : "buy",
      "i" : "LUNC_USD",
      "m" : "4611686018433301058"
    }, {
      "d" : "1756412986595558539",
      "t" : 1756412986595,
      "tn" : 1756412986595558539,
      "q" : "2810000",
      "p" : "0.00005988",
      "s" : "buy",
      "i" : "LUNC_USD",
      "m" : "4611686018433301057"
    }, {
      "d" : "1756412851234148765",
      "t" : 1756412851234,
      "tn" : 1756412851234148765,
      "q" : "12968000",
      "p" : "0.00006000",
      "s" : "sell",
      "i" : "LUNC_USD",
      "m" : "4611686018433301056"
    }, {
      "d" : "1756412840315951473",
      "t" : 1756412840315,
      "tn" : 1756412840315951473,
      "q" : "2625000",
      "p" : "0.00005997",
      "s" : "sell",
      "i" : "LUNC_USD",
      "m" : "4611686018433301055"
    }, {
      "d" : "1756412840314064239",
      "t" : 1756412840314,
      "tn" : 1756412840314064239,
      "q" : "5618000",
      "p" : "0.00005997",
      "s" : "sell",
      "i" : "LUNC_USD",
      "m" : "4611686018433301054"
    }, {
      "d" : "1756412840313915687",
      "t" : 1756412840313,
      "tn" : 1756412840313915687,
      "q" : "2810000",
      "p" : "0.00005998",
      "s" : "sell",
      "i" : "LUNC_USD",
      "m" : "4611686018433301053"
    }, {
      "d" : "1756412423586122663",
      "t" : 1756412423586,
      "tn" : 1756412423586122663,
      "q" : "8254000",
      "p" : "0.00005989",
      "s" : "buy",
      "i" : "LUNC_USD",
      "m" : "4611686018433301052"
    }, {
      "d" : "1756412423586119765",
      "t" : 1756412423586,
      "tn" : 1756412423586119765,
      "q" : "11480000",
      "p" : "0.00005988",
      "s" : "buy",
      "i" : "LUNC_USD",
      "m" : "4611686018433301051"
    }, {
      "d" : "1756412121561972283",
      "t" : 1756412121561,
      "tn" : 1756412121561972283,
      "q" : "1648000",
      "p" : "0.00005992",
      "s" : "sell",
      "i" : "LUNC_USD",
      "m" : "4611686018433301050"
    }, {
      "d" : "1756412121561795740",
      "t" : 1756412121561,
      "tn" : 1756412121561795740,
      "q" : "6606000",
      "p" : "0.00005992",
      "s" : "sell",
      "i" : "LUNC_USD",
      "m" : "4611686018433301049"
    }, {
      "d" : "1756411054480981685",
      "t" : 1756411054480,
      "tn" : 1756411054480981685,
      "q" : "2000000",
      "p" : "0.00005992",
      "s" : "sell",
      "i" : "LUNC_USD",
      "m" : "4611686018433301048"
    }, {
      "d" : "1756410980672193170",
      "t" : 1756410980672,
      "tn" : 1756410980672193170,
      "q" : "3251000",
      "p" : "0.00005926",
      "s" : "buy",
      "i" : "LUNC_USD",
      "m" : "4611686018433301047"
    }, {
      "d" : "1756410768610502243",
      "t" : 1756410768610,
      "tn" : 1756410768610502243,
      "q" : "1271000",
      "p" : "0.00005931",
      "s" : "buy",
      "i" : "LUNC_USD",
      "m" : "4611686018433301046"
    }, {
      "d" : "1756410768425389915",
      "t" : 1756410768425,
      "tn" : 1756410768425389915,
      "q" : "2310000",
      "p" : "0.00005983",
      "s" : "buy",
      "i" : "LUNC_USD",
      "m" : "4611686018433301045"
    }, {
      "d" : "1756410767311504582",
      "t" : 1756410767311,
      "tn" : 1756410767311504582,
      "q" : "501000",
      "p" : "0.00005983",
      "s" : "buy",
      "i" : "LUNC_USD",
      "m" : "4611686018433301044"
    }, {
      "d" : "1756410628177683405",
      "t" : 1756410628177,
      "tn" : 1756410628177683405,
      "q" : "4171000",
      "p" : "0.00005937",
      "s" : "buy",
      "i" : "LUNC_USD",
      "m" : "4611686018433301043"
    }, {
      "d" : "1756406743466016223",
      "t" : 1756406743466,
      "tn" : 1756406743466016223,
      "q" : "4953000",
      "p" : "0.00006024",
      "s" : "sell",
      "i" : "LUNC_USD",
      "m" : "4611686018433301042"
    }, {
      "d" : "1756406743464918277",
      "t" : 1756406743464,
      "tn" : 1756406743464918277,
      "q" : "14482000",
      "p" : "0.00006024",
      "s" : "sell",
      "i" : "LUNC_USD",
      "m" : "4611686018433301041"
    }, {
      "d" : "1756406743463277649",
      "t" : 1756406743463,
      "tn" : 1756406743463277649,
      "q" : "2051000",
      "p" : "0.00006024",
      "s" : "sell",
      "i" : "LUNC_USD",
      "m" : "4611686018433301040"
    }, {
      "d" : "1756406743463190320",
      "t" : 1756406743463,
      "tn" : 1756406743463190320,
      "q" : "3141000",
      "p" : "0.00006024",
      "s" : "sell",
      "i" : "LUNC_USD",
      "m" : "4611686018433301039"
    }, {
      "d" : "1756406743161710404",
      "t" : 1756406743161,
      "tn" : 1756406743161710404,
      "q" : "3319000",
      "p" : "0.00006024",
      "s" : "sell",
      "i" : "LUNC_USD",
      "m" : "4611686018433301038"
    }, {
      "d" : "1756406736596571417",
      "t" : 1756406736596,
      "tn" : 1756406736596571417,
      "q" : "3318000",
      "p" : "0.00006024",
      "s" : "sell",
      "i" : "LUNC_USD",
      "m" : "4611686018433301037"
    }, {
      "d" : "1756406732077305254",
      "t" : 1756406732077,
      "tn" : 1756406732077305254,
      "q" : "3318000",
      "p" : "0.00006024",
      "s" : "sell",
      "i" : "LUNC_USD",
      "m" : "4611686018433301036"
    }, {
      "d" : "1756406728306094149",
      "t" : 1756406728306,
      "tn" : 1756406728306094149,
      "q" : "1293000",
      "p" : "0.00006024",
      "s" : "sell",
      "i" : "LUNC_USD",
      "m" : "4611686018433301035"
    }, {
      "d" : "1756406704434641043",
      "t" : 1756406704434,
      "tn" : 1756406704434641043,
      "q" : "15519000",
      "p" : "0.00006024",
      "s" : "sell",
      "i" : "LUNC_USD",
      "m" : "4611686018433301034"
    }, {
      "d" : "1756406704432187198",
      "t" : 1756406704432,
      "tn" : 1756406704432187198,
      "q" : "15519000",
      "p" : "0.00006024",
      "s" : "sell",
      "i" : "LUNC_USD",
      "m" : "4611686018433301033"
    }, {
      "d" : "1756406704429822223",
      "t" : 1756406704429,
      "tn" : 1756406704429822223,
      "q" : "37218000",
      "p" : "0.00006024",
      "s" : "sell",
      "i" : "LUNC_USD",
      "m" : "4611686018433301032"
    }, {
      "d" : "1756406704080516467",
      "t" : 1756406704080,
      "tn" : 1756406704080516467,
      "q" : "3318000",
      "p" : "0.00006024",
      "s" : "sell",
      "i" : "LUNC_USD",
      "m" : "4611686018433301031"
    }, {
      "d" : "1756406697812639002",
      "t" : 1756406697812,
      "tn" : 1756406697812639002,
      "q" : "3318000",
      "p" : "0.00006024",
      "s" : "sell",
      "i" : "LUNC_USD",
      "m" : "4611686018433301030"
    }, {
      "d" : "1756406697002978499",
      "t" : 1756406697002,
      "tn" : 1756406697002978499,
      "q" : "1464000",
      "p" : "0.00006076",
      "s" : "sell",
      "i" : "LUNC_USD",
      "m" : "4611686018433301029"
    }, {
      "d" : "1756406696934446481",
      "t" : 1756406696934,
      "tn" : 1756406696934446481,
      "q" : "13331000",
      "p" : "0.00006024",
      "s" : "sell",
      "i" : "LUNC_USD",
      "m" : "4611686018433301028"
    }, {
      "d" : "1756406696932061375",
      "t" : 1756406696932,
      "tn" : 1756406696932061375,
      "q" : "900000",
      "p" : "0.00006024",
      "s" : "sell",
      "i" : "LUNC_USD",
      "m" : "4611686018433301027"
    }, {
      "d" : "1756406687004248891",
      "t" : 1756406687004,
      "tn" : 1756406687004248891,
      "q" : "900000",
      "p" : "0.00006024",
      "s" : "sell",
      "i" : "LUNC_USD",
      "m" : "4611686018433301026"
    }, {
      "d" : "1756406686999139910",
      "t" : 1756406686999,
      "tn" : 1756406686999139910,
      "q" : "900000",
      "p" : "0.00006024",
      "s" : "sell",
      "i" : "LUNC_USD",
      "m" : "4611686018433301025"
    }, {
      "d" : "1756406686994113412",
      "t" : 1756406686994,
      "tn" : 1756406686994113412,
      "q" : "900000",
      "p" : "0.00006024",
      "s" : "sell",
      "i" : "LUNC_USD",
      "m" : "4611686018433301024"
    }, {
      "d" : "1756406686989163716",
      "t" : 1756406686989,
      "tn" : 1756406686989163716,
      "q" : "900000",
      "p" : "0.00006024",
      "s" : "sell",
      "i" : "LUNC_USD",
      "m" : "4611686018433301023"
    }, {
      "d" : "1756406686979119266",
      "t" : 1756406686979,
      "tn" : 1756406686979119266,
      "q" : "900000",
      "p" : "0.00006024",
      "s" : "sell",
      "i" : "LUNC_USD",
      "m" : "4611686018433301022"
    }, {
      "d" : "1756406686974132608",
      "t" : 1756406686974,
      "tn" : 1756406686974132608,
      "q" : "900000",
      "p" : "0.00006024",
      "s" : "sell",
      "i" : "LUNC_USD",
      "m" : "4611686018433301021"
    }, {
      "d" : "1756406686969129897",
      "t" : 1756406686969,
      "tn" : 1756406686969129897,
      "q" : "900000",
      "p" : "0.00006024",
      "s" : "sell",
      "i" : "LUNC_USD",
      "m" : "4611686018433301020"
    }, {
      "d" : "1756406686964111106",
      "t" : 1756406686964,
      "tn" : 1756406686964111106,
      "q" : "900000",
      "p" : "0.00006024",
      "s" : "sell",
      "i" : "LUNC_USD",
      "m" : "4611686018433301019"
    }, {
      "d" : "1756406686954086997",
      "t" : 1756406686954,
      "tn" : 1756406686954086997,
      "q" : "900000",
      "p" : "0.00006024",
      "s" : "sell",
      "i" : "LUNC_USD",
      "m" : "4611686018433301018"
    }, {
      "d" : "1756406686949067292",
      "t" : 1756406686949,
      "tn" : 1756406686949067292,
      "q" : "900000",
      "p" : "0.00006024",
      "s" : "sell",
      "i" : "LUNC_USD",
      "m" : "4611686018433301017"
    }, {
      "d" : "1756406686939096835",
      "t" : 1756406686939,
      "tn" : 1756406686939096835,
      "q" : "900000",
      "p" : "0.00006024",
      "s" : "sell",
      "i" : "LUNC_USD",
      "m" : "4611686018433301016"
    }, {
      "d" : "1756406686934062504",
      "t" : 1756406686934,
      "tn" : 1756406686934062504,
      "q" : "900000",
      "p" : "0.00006024",
      "s" : "sell",
      "i" : "LUNC_USD",
      "m" : "4611686018433301015"
    }, {
      "d" : "1756406686926949288",
      "t" : 1756406686926,
      "tn" : 1756406686926949288,
      "q" : "900000",
      "p" : "0.00006024",
      "s" : "sell",
      "i" : "LUNC_USD",
      "m" : "4611686018433301014"
    }, {
      "d" : "1756406686924109588",
      "t" : 1756406686924,
      "tn" : 1756406686924109588,
      "q" : "900000",
      "p" : "0.00006024",
      "s" : "sell",
      "i" : "LUNC_USD",
      "m" : "4611686018433301013"
    }, {
      "d" : "1756406686914074572",
      "t" : 1756406686914,
      "tn" : 1756406686914074572,
      "q" : "900000",
      "p" : "0.00006024",
      "s" : "sell",
      "i" : "LUNC_USD",
      "m" : "4611686018433301012"
    }, {
      "d" : "1756406686909063836",
      "t" : 1756406686909,
      "tn" : 1756406686909063836,
      "q" : "900000",
      "p" : "0.00006024",
      "s" : "sell",
      "i" : "LUNC_USD",
      "m" : "4611686018433301011"
    }, {
      "d" : "1756406686904060230",
      "t" : 1756406686904,
      "tn" : 1756406686904060230,
      "q" : "900000",
      "p" : "0.00006024",
      "s" : "sell",
      "i" : "LUNC_USD",
      "m" : "4611686018433301010"
    }, {
      "d" : "1756406686899002075",
      "t" : 1756406686899,
      "tn" : 1756406686899002075,
      "q" : "900000",
      "p" : "0.00006024",
      "s" : "sell",
      "i" : "LUNC_USD",
      "m" : "4611686018433301009"
    }, {
      "d" : "1756406686894045415",
      "t" : 1756406686894,
      "tn" : 1756406686894045415,
      "q" : "900000",
      "p" : "0.00006024",
      "s" : "sell",
      "i" : "LUNC_USD",
      "m" : "4611686018433301008"
    }, {
      "d" : "1756406686888967124",
      "t" : 1756406686888,
      "tn" : 1756406686888967124,
      "q" : "900000",
      "p" : "0.00006024",
      "s" : "sell",
      "i" : "LUNC_USD",
      "m" : "4611686018433301007"
    }, {
      "d" : "1756406686883978671",
      "t" : 1756406686883,
      "tn" : 1756406686883978671,
      "q" : "900000",
      "p" : "0.00006024",
      "s" : "sell",
      "i" : "LUNC_USD",
      "m" : "4611686018433301006"
    }, {
      "d" : "1756406686878944680",
      "t" : 1756406686878,
      "tn" : 1756406686878944680,
      "q" : "900000",
      "p" : "0.00006024",
      "s" : "sell",
      "i" : "LUNC_USD",
      "m" : "4611686018433301005"
    }, {
      "d" : "1756406686873979589",
      "t" : 1756406686873,
      "tn" : 1756406686873979589,
      "q" : "900000",
      "p" : "0.00006024",
      "s" : "sell",
      "i" : "LUNC_USD",
      "m" : "4611686018433301004"
    }, {
      "d" : "1756406686863958568",
      "t" : 1756406686863,
      "tn" : 1756406686863958568,
      "q" : "900000",
      "p" : "0.00006024",
      "s" : "sell",
      "i" : "LUNC_USD",
      "m" : "4611686018433301003"
    }, {
      "d" : "1756406686853945452",
      "t" : 1756406686853,
      "tn" : 1756406686853945452,
      "q" : "900000",
      "p" : "0.00006024",
      "s" : "sell",
      "i" : "LUNC_USD",
      "m" : "4611686018433301002"
    }, {
      "d" : "1756406686843971514",
      "t" : 1756406686843,
      "tn" : 1756406686843971514,
      "q" : "900000",
      "p" : "0.00006024",
      "s" : "sell",
      "i" : "LUNC_USD",
      "m" : "4611686018433301001"
    }, {
      "d" : "1756406686833912788",
      "t" : 1756406686833,
      "tn" : 1756406686833912788,
      "q" : "900000",
      "p" : "0.00006024",
      "s" : "sell",
      "i" : "LUNC_USD",
      "m" : "4611686018433301000"
    }, {
      "d" : "1756406686828887002",
      "t" : 1756406686828,
      "tn" : 1756406686828887002,
      "q" : "900000",
      "p" : "0.00006024",
      "s" : "sell",
      "i" : "LUNC_USD",
      "m" : "4611686018433300999"
    }, {
      "d" : "1756406686827032726",
      "t" : 1756406686827,
      "tn" : 1756406686827032726,
      "q" : "900000",
      "p" : "0.00006024",
      "s" : "sell",
      "i" : "LUNC_USD",
      "m" : "4611686018433300998"
    }, {
      "d" : "1756406686823934206",
      "t" : 1756406686823,
      "tn" : 1756406686823934206,
      "q" : "900000",
      "p" : "0.00006024",
      "s" : "sell",
      "i" : "LUNC_USD",
      "m" : "4611686018433300997"
    }, {
      "d" : "1756406686818916243",
      "t" : 1756406686818,
      "tn" : 1756406686818916243,
      "q" : "900000",
      "p" : "0.00006024",
      "s" : "sell",
      "i" : "LUNC_USD",
      "m" : "4611686018433300996"
    }, {
      "d" : "1756406686813925332",
      "t" : 1756406686813,
      "tn" : 1756406686813925332,
      "q" : "900000",
      "p" : "0.00006024",
      "s" : "sell",
      "i" : "LUNC_USD",
      "m" : "4611686018433300995"
    }, {
      "d" : "1756406686808985594",
      "t" : 1756406686808,
      "tn" : 1756406686808985594,
      "q" : "900000",
      "p" : "0.00006024",
      "s" : "sell",
      "i" : "LUNC_USD",
      "m" : "4611686018433300994"
    }, {
      "d" : "1756406686803907102",
      "t" : 1756406686803,
      "tn" : 1756406686803907102,
      "q" : "900000",
      "p" : "0.00006024",
      "s" : "sell",
      "i" : "LUNC_USD",
      "m" : "4611686018433300993"
    }, {
      "d" : "1756406686798810407",
      "t" : 1756406686798,
      "tn" : 1756406686798810407,
      "q" : "900000",
      "p" : "0.00006024",
      "s" : "sell",
      "i" : "LUNC_USD",
      "m" : "4611686018433300992"
    }, {
      "d" : "1756406686793814011",
      "t" : 1756406686793,
      "tn" : 1756406686793814011,
      "q" : "900000",
      "p" : "0.00006024",
      "s" : "sell",
      "i" : "LUNC_USD",
      "m" : "4611686018433300991"
    }, {
      "d" : "1756406686791162145",
      "t" : 1756406686791,
      "tn" : 1756406686791162145,
      "q" : "900000",
      "p" : "0.00006024",
      "s" : "sell",
      "i" : "LUNC_USD",
      "m" : "4611686018433300990"
    }, {
      "d" : "1756406686788217643",
      "t" : 1756406686788,
      "tn" : 1756406686788217643,
      "q" : "900000",
      "p" : "0.00006024",
      "s" : "sell",
      "i" : "LUNC_USD",
      "m" : "4611686018433300989"
    }, {
      "d" : "1756406680699964397",
      "t" : 1756406680699,
      "tn" : 1756406680699964397,
      "q" : "3317000",
      "p" : "0.00006024",
      "s" : "sell",
      "i" : "LUNC_USD",
      "m" : "4611686018433300988"
    }, {
      "d" : "1756406649402742014",
      "t" : 1756406649402,
      "tn" : 1756406649402742014,
      "q" : "1438000",
      "p" : "0.00006024",
      "s" : "sell",
      "i" : "LUNC_USD",
      "m" : "4611686018433300987"
    }, {
      "d" : "1756406649397544573",
      "t" : 1756406649397,
      "tn" : 1756406649397544573,
      "q" : "1438000",
      "p" : "0.00006024",
      "s" : "sell",
      "i" : "LUNC_USD",
      "m" : "4611686018433300986"
    }, {
      "d" : "1756406649392541227",
      "t" : 1756406649392,
      "tn" : 1756406649392541227,
      "q" : "1438000",
      "p" : "0.00006024",
      "s" : "sell",
      "i" : "LUNC_USD",
      "m" : "4611686018433300985"
    }, {
      "d" : "1756406649387523216",
      "t" : 1756406649387,
      "tn" : 1756406649387523216,
      "q" : "1438000",
      "p" : "0.00006024",
      "s" : "sell",
      "i" : "LUNC_USD",
      "m" : "4611686018433300984"
    }, {
      "d" : "1756406649382527828",
      "t" : 1756406649382,
      "tn" : 1756406649382527828,
      "q" : "1438000",
      "p" : "0.00006024",
      "s" : "sell",
      "i" : "LUNC_USD",
      "m" : "4611686018433300983"
    }, {
      "d" : "1756406649377545768",
      "t" : 1756406649377,
      "tn" : 1756406649377545768,
      "q" : "1438000",
      "p" : "0.00006024",
      "s" : "sell",
      "i" : "LUNC_USD",
      "m" : "4611686018433300982"
    }, {
      "d" : "1756406649372510632",
      "t" : 1756406649372,
      "tn" : 1756406649372510632,
      "q" : "1438000",
      "p" : "0.00006024",
      "s" : "sell",
      "i" : "LUNC_USD",
      "m" : "4611686018433300981"
    }, {
      "d" : "1756406649367503361",
      "t" : 1756406649367,
      "tn" : 1756406649367503361,
      "q" : "1438000",
      "p" : "0.00006024",
      "s" : "sell",
      "i" : "LUNC_USD",
      "m" : "4611686018433300980"
    }, {
      "d" : "1756406649362570826",
      "t" : 1756406649362,
      "tn" : 1756406649362570826,
      "q" : "1438000",
      "p" : "0.00006024",
      "s" : "sell",
      "i" : "LUNC_USD",
      "m" : "4611686018433300979"
    }, {
      "d" : "1756406649357503486",
      "t" : 1756406649357,
      "tn" : 1756406649357503486,
      "q" : "1438000",
      "p" : "0.00006024",
      "s" : "sell",
      "i" : "LUNC_USD",
      "m" : "4611686018433300978"
    }, {
      "d" : "1756406649352519170",
      "t" : 1756406649352,
      "tn" : 1756406649352519170,
      "q" : "1438000",
      "p" : "0.00006024",
      "s" : "sell",
      "i" : "LUNC_USD",
      "m" : "4611686018433300977"
    }, {
      "d" : "1756406649347508425",
      "t" : 1756406649347,
      "tn" : 1756406649347508425,
      "q" : "1438000",
      "p" : "0.00006024",
      "s" : "sell",
      "i" : "LUNC_USD",
      "m" : "4611686018433300976"
    }, {
      "d" : "1756406649342528653",
      "t" : 1756406649342,
      "tn" : 1756406649342528653,
      "q" : "1438000",
      "p" : "0.00006024",
      "s" : "sell",
      "i" : "LUNC_USD",
      "m" : "4611686018433300975"
    }, {
      "d" : "1756406649337482546",
      "t" : 1756406649337,
      "tn" : 1756406649337482546,
      "q" : "1438000",
      "p" : "0.00006024",
      "s" : "sell",
      "i" : "LUNC_USD",
      "m" : "4611686018433300974"
    }, {
      "d" : "1756406649332499183",
      "t" : 1756406649332,
      "tn" : 1756406649332499183,
      "q" : "1438000",
      "p" : "0.00006024",
      "s" : "sell",
      "i" : "LUNC_USD",
      "m" : "4611686018433300973"
    }, {
      "d" : "1756406649326898659",
      "t" : 1756406649326,
      "tn" : 1756406649326898659,
      "q" : "1438000",
      "p" : "0.00006024",
      "s" : "sell",
      "i" : "LUNC_USD",
      "m" : "4611686018433300972"
    }, {
      "d" : "1756406649322491259",
      "t" : 1756406649322,
      "tn" : 1756406649322491259,
      "q" : "1438000",
      "p" : "0.00006024",
      "s" : "sell",
      "i" : "LUNC_USD",
      "m" : "4611686018433300971"
    }, {
      "d" : "1756406649317508661",
      "t" : 1756406649317,
      "tn" : 1756406649317508661,
      "q" : "1438000",
      "p" : "0.00006024",
      "s" : "sell",
      "i" : "LUNC_USD",
      "m" : "4611686018433300970"
    }, {
      "d" : "1756406649313065044",
      "t" : 1756406649313,
      "tn" : 1756406649313065044,
      "q" : "1438000",
      "p" : "0.00006024",
      "s" : "sell",
      "i" : "LUNC_USD",
      "m" : "4611686018433300969"
    }, {
      "d" : "1756406649307779879",
      "t" : 1756406649307,
      "tn" : 1756406649307779879,
      "q" : "1438000",
      "p" : "0.00006024",
      "s" : "sell",
      "i" : "LUNC_USD",
      "m" : "4611686018433300968"
    }, {
      "d" : "1756406649302471905",
      "t" : 1756406649302,
      "tn" : 1756406649302471905,
      "q" : "1438000",
      "p" : "0.00006024",
      "s" : "sell",
      "i" : "LUNC_USD",
      "m" : "4611686018433300967"
    }, {
      "d" : "1756406649297569155",
      "t" : 1756406649297,
      "tn" : 1756406649297569155,
      "q" : "1438000",
      "p" : "0.00006024",
      "s" : "sell",
      "i" : "LUNC_USD",
      "m" : "4611686018433300966"
    }, {
      "d" : "1756406649292463399",
      "t" : 1756406649292,
      "tn" : 1756406649292463399,
      "q" : "1438000",
      "p" : "0.00006024",
      "s" : "sell",
      "i" : "LUNC_USD",
      "m" : "4611686018433300965"
    }, {
      "d" : "1756406649287450989",
      "t" : 1756406649287,
      "tn" : 1756406649287450989,
      "q" : "1438000",
      "p" : "0.00006024",
      "s" : "sell",
      "i" : "LUNC_USD",
      "m" : "4611686018433300964"
    }, {
      "d" : "1756406649282511827",
      "t" : 1756406649282,
      "tn" : 1756406649282511827,
      "q" : "1438000",
      "p" : "0.00006024",
      "s" : "sell",
      "i" : "LUNC_USD",
      "m" : "4611686018433300963"
    }, {
      "d" : "1756406649277887523",
      "t" : 1756406649277,
      "tn" : 1756406649277887523,
      "q" : "1438000",
      "p" : "0.00006024",
      "s" : "sell",
      "i" : "LUNC_USD",
      "m" : "4611686018433300962"
    }, {
      "d" : "1756406630670013871",
      "t" : 1756406630670,
      "tn" : 1756406630670013871,
      "q" : "3317000",
      "p" : "0.00006024",
      "s" : "sell",
      "i" : "LUNC_USD",
      "m" : "4611686018433300961"
    }, {
      "d" : "1756406626651035535",
      "t" : 1756406626651,
      "tn" : 1756406626651035535,
      "q" : "900000",
      "p" : "0.00006024",
      "s" : "sell",
      "i" : "LUNC_USD",
      "m" : "4611686018433300960"
    }, {
      "d" : "1756406626645999930",
      "t" : 1756406626645,
      "tn" : 1756406626645999930,
      "q" : "900000",
      "p" : "0.00006024",
      "s" : "sell",
      "i" : "LUNC_USD",
      "m" : "4611686018433300959"
    }, {
      "d" : "1756406626640966290",
      "t" : 1756406626640,
      "tn" : 1756406626640966290,
      "q" : "900000",
      "p" : "0.00006024",
      "s" : "sell",
      "i" : "LUNC_USD",
      "m" : "4611686018433300958"
    }, {
      "d" : "1756406626635964021",
      "t" : 1756406626635,
      "tn" : 1756406626635964021,
      "q" : "900000",
      "p" : "0.00006024",
      "s" : "sell",
      "i" : "LUNC_USD",
      "m" : "4611686018433300957"
    }, {
      "d" : "1756406626631108308",
      "t" : 1756406626631,
      "tn" : 1756406626631108308,
      "q" : "900000",
      "p" : "0.00006024",
      "s" : "sell",
      "i" : "LUNC_USD",
      "m" : "4611686018433300956"
    }, {
      "d" : "1756406626625969073",
      "t" : 1756406626625,
      "tn" : 1756406626625969073,
      "q" : "900000",
      "p" : "0.00006024",
      "s" : "sell",
      "i" : "LUNC_USD",
      "m" : "4611686018433300955"
    }, {
      "d" : "1756406626621012900",
      "t" : 1756406626621,
      "tn" : 1756406626621012900,
      "q" : "900000",
      "p" : "0.00006024",
      "s" : "sell",
      "i" : "LUNC_USD",
      "m" : "4611686018433300954"
    }, {
      "d" : "1756406626615973095",
      "t" : 1756406626615,
      "tn" : 1756406626615973095,
      "q" : "900000",
      "p" : "0.00006024",
      "s" : "sell",
      "i" : "LUNC_USD",
      "m" : "4611686018433300953"
    }, {
      "d" : "1756406626610955084",
      "t" : 1756406626610,
      "tn" : 1756406626610955084,
      "q" : "900000",
      "p" : "0.00006024",
      "s" : "sell",
      "i" : "LUNC_USD",
      "m" : "4611686018433300952"
    } ]
  }
}