{
  "id" : -1,
  "method" : "public/get-trades",
  "code" : 0,
  "result" : {
    "data" : [ {
      "d" : "1756461605958128844",
      "t" : 1756461605958,
      "tn" : 1756461605958128844,
      "q" : "2100",
      "p" : "0.0025579",
      "s" : "sell",
      "i" : "LVVA_USD",
      "m" : "4611686018427694888"
    }, {
      "d" : "1756461600144994950",
      "t" : 1756461600144,
      "tn" : 1756461600144994950,
      "q" : "2100",
      "p" : "0.0025576",
      "s" : "sell",
      "i" : "LVVA_USD",
      "m" : "4611686018427694887"
    }, {
      "d" : "1756461599844499579",
      "t" : 1756461599844,
      "tn" : 1756461599844499579,
      "q" : "2100",
      "p" : "0.0025518",
      "s" : "sell",
      "i" : "LVVA_USD",
      "m" : "4611686018427694886"
    }, {
      "d" : "1756461378944145161",
      "t" : 1756461378944,
      "tn" : 1756461378944145161,
      "q" : "4100",
      "p" : "0.0025517",
      "s" : "sell",
      "i" : "LVVA_USD",
      "m" : "4611686018427694885"
    }, {
      "d" : "1756461378944143164",
      "t" : 1756461378944,
      "tn" : 1756461378944143164,
      "q" : "5700",
      "p" : "0.0025594",
      "s" : "sell",
      "i" : "LVVA_USD",
      "m" : "4611686018427694884"
    }, {
      "d" : "1756461300323074539",
      "t" : 1756461300323,
      "tn" : 1756461300323074539,
      "q" : "2100",
      "p" : "0.0025625",
      "s" : "sell",
      "i" : "LVVA_USD",
      "m" : "4611686018427694883"
    }, {
      "d" : "1756461300224766903",
      "t" : 1756461300224,
      "tn" : 1756461300224766903,
      "q" : "2100",
      "p" : "0.0025625",
      "s" : "sell",
      "i" : "LVVA_USD",
      "m" : "4611686018427694882"
    }, {
      "d" : "1756461282007875724",
      "t" : 1756461282007,
      "tn" : 1756461282007875724,
      "q" : "2100",
      "p" : "0.0025624",
      "s" : "buy",
      "i" : "LVVA_USD",
      "m" : "4611686018427694881"
    }, {
      "d" : "1756461260569217872",
      "t" : 1756461260569,
      "tn" : 1756461260569217872,
      "q" : "2100",
      "p" : "0.0025622",
      "s" : "sell",
      "i" : "LVVA_USD",
      "m" : "4611686018427694880"
    }, {
      "d" : "1756461257597111458",
      "t" : 1756461257597,
      "tn" : 1756461257597111458,
      "q" : "2100",
      "p" : "0.0025623",
      "s" : "buy",
      "i" : "LVVA_USD",
      "m" : "4611686018427694879"
    }, {
      "d" : "1756461224442701269",
      "t" : 1756461224442,
      "tn" : 1756461224442701269,
      "q" : "2100",
      "p" : "0.0025623",
      "s" : "sell",
      "i" : "LVVA_USD",
      "m" : "4611686018427694878"
    }, {
      "d" : "1756461205552407547",
      "t" : 1756461205552,
      "tn" : 1756461205552407547,
      "q" : "2100",
      "p" : "0.0025625",
      "s" : "buy",
      "i" : "LVVA_USD",
      "m" : "4611686018427694877"
    }, {
      "d" : "1756461111597493809",
      "t" : 1756461111597,
      "tn" : 1756461111597493809,
      "q" : "2100",
      "p" : "0.0025625",
      "s" : "buy",
      "i" : "LVVA_USD",
      "m" : "4611686018427694876"
    }, {
      "d" : "1756461054081171411",
      "t" : 1756461054081,
      "tn" : 1756461054081171411,
      "q" : "2100",
      "p" : "0.0025626",
      "s" : "buy",
      "i" : "LVVA_USD",
      "m" : "4611686018427694875"
    }, {
      "d" : "1756461000209188971",
      "t" : 1756461000209,
      "tn" : 1756461000209188971,
      "q" : "2100",
      "p" : "0.0025624",
      "s" : "buy",
      "i" : "LVVA_USD",
      "m" : "4611686018427694874"
    }, {
      "d" : "1756461000094604855",
      "t" : 1756461000094,
      "tn" : 1756461000094604855,
      "q" : "2100",
      "p" : "0.0025624",
      "s" : "sell",
      "i" : "LVVA_USD",
      "m" : "4611686018427694873"
    }, {
      "d" : "1756460971619951507",
      "t" : 1756460971619,
      "tn" : 1756460971619951507,
      "q" : "2100",
      "p" : "0.0025625",
      "s" : "sell",
      "i" : "LVVA_USD",
      "m" : "4611686018427694872"
    }, {
      "d" : "1756460970583246318",
      "t" : 1756460970583,
      "tn" : 1756460970583246318,
      "q" : "2100",
      "p" : "0.0025627",
      "s" : "buy",
      "i" : "LVVA_USD",
      "m" : "4611686018427694871"
    }, {
      "d" : "1756460923722741361",
      "t" : 1756460923722,
      "tn" : 1756460923722741361,
      "q" : "2100",
      "p" : "0.0025625",
      "s" : "sell",
      "i" : "LVVA_USD",
      "m" : "4611686018427694870"
    }, {
      "d" : "1756460748030758482",
      "t" : 1756460748030,
      "tn" : 1756460748030758482,
      "q" : "2000",
      "p" : "0.0025594",
      "s" : "sell",
      "i" : "LVVA_USD",
      "m" : "4611686018427694869"
    }, {
      "d" : "1756460747475002103",
      "t" : 1756460747475,
      "tn" : 1756460747475002103,
      "q" : "2200",
      "p" : "0.0025612",
      "s" : "sell",
      "i" : "LVVA_USD",
      "m" : "4611686018427694868"
    }, {
      "d" : "1756460717759511266",
      "t" : 1756460717759,
      "tn" : 1756460717759511266,
      "q" : "2100",
      "p" : "0.0025652",
      "s" : "sell",
      "i" : "LVVA_USD",
      "m" : "4611686018427694867"
    }, {
      "d" : "1756460708933896133",
      "t" : 1756460708933,
      "tn" : 1756460708933896133,
      "q" : "2100",
      "p" : "0.0025652",
      "s" : "buy",
      "i" : "LVVA_USD",
      "m" : "4611686018427694866"
    }, {
      "d" : "1756460700313666297",
      "t" : 1756460700313,
      "tn" : 1756460700313666297,
      "q" : "2200",
      "p" : "0.0025633",
      "s" : "buy",
      "i" : "LVVA_USD",
      "m" : "4611686018427694865"
    }, {
      "d" : "1756460700201899866",
      "t" : 1756460700201,
      "tn" : 1756460700201899866,
      "q" : "2100",
      "p" : "0.0025595",
      "s" : "sell",
      "i" : "LVVA_USD",
      "m" : "4611686018427694864"
    }, {
      "d" : "1756460700113304243",
      "t" : 1756460700113,
      "tn" : 1756460700113304243,
      "q" : "2100",
      "p" : "0.0025595",
      "s" : "sell",
      "i" : "LVVA_USD",
      "m" : "4611686018427694863"
    }, {
      "d" : "1756460640853786263",
      "t" : 1756460640853,
      "tn" : 1756460640853786263,
      "q" : "1900",
      "p" : "0.0025612",
      "s" : "sell",
      "i" : "LVVA_USD",
      "m" : "4611686018427694862"
    }, {
      "d" : "1756460627335563897",
      "t" : 1756460627335,
      "tn" : 1756460627335563897,
      "q" : "7200",
      "p" : "0.0025613",
      "s" : "sell",
      "i" : "LVVA_USD",
      "m" : "4611686018427694861"
    }, {
      "d" : "1756460571012996394",
      "t" : 1756460571012,
      "tn" : 1756460571012996394,
      "q" : "7200",
      "p" : "0.0025613",
      "s" : "sell",
      "i" : "LVVA_USD",
      "m" : "4611686018427694860"
    }, {
      "d" : "1756460565350997214",
      "t" : 1756460565350,
      "tn" : 1756460565350997214,
      "q" : "16300",
      "p" : "0.0025614",
      "s" : "sell",
      "i" : "LVVA_USD",
      "m" : "4611686018427694859"
    }, {
      "d" : "1756460512419281348",
      "t" : 1756460512419,
      "tn" : 1756460512419281348,
      "q" : "600",
      "p" : "0.0025612",
      "s" : "sell",
      "i" : "LVVA_USD",
      "m" : "4611686018427694858"
    }, {
      "d" : "1756460512419280136",
      "t" : 1756460512419,
      "tn" : 1756460512419280136,
      "q" : "7200",
      "p" : "0.0025613",
      "s" : "sell",
      "i" : "LVVA_USD",
      "m" : "4611686018427694857"
    }, {
      "d" : "1756460512419276877",
      "t" : 1756460512419,
      "tn" : 1756460512419276877,
      "q" : "4400",
      "p" : "0.0025638",
      "s" : "sell",
      "i" : "LVVA_USD",
      "m" : "4611686018427694856"
    }, {
      "d" : "1756460512419274600",
      "t" : 1756460512419,
      "tn" : 1756460512419274600,
      "q" : "4100",
      "p" : "0.0025662",
      "s" : "sell",
      "i" : "LVVA_USD",
      "m" : "4611686018427694855"
    }, {
      "d" : "1756460512419271761",
      "t" : 1756460512419,
      "tn" : 1756460512419271761,
      "q" : "2300",
      "p" : "0.0025688",
      "s" : "sell",
      "i" : "LVVA_USD",
      "m" : "4611686018427694854"
    }, {
      "d" : "1756460488462979766",
      "t" : 1756460488462,
      "tn" : 1756460488462979766,
      "q" : "2100",
      "p" : "0.0025808",
      "s" : "sell",
      "i" : "LVVA_USD",
      "m" : "4611686018427694853"
    }, {
      "d" : "1756460442060417121",
      "t" : 1756460442060,
      "tn" : 1756460442060417121,
      "q" : "2100",
      "p" : "0.0025806",
      "s" : "sell",
      "i" : "LVVA_USD",
      "m" : "4611686018427694852"
    }, {
      "d" : "1756460400214055416",
      "t" : 1756460400214,
      "tn" : 1756460400214055416,
      "q" : "2100",
      "p" : "0.0025804",
      "s" : "buy",
      "i" : "LVVA_USD",
      "m" : "4611686018427694851"
    }, {
      "d" : "1756460400121122837",
      "t" : 1756460400121,
      "tn" : 1756460400121122837,
      "q" : "2100",
      "p" : "0.0025804",
      "s" : "sell",
      "i" : "LVVA_USD",
      "m" : "4611686018427694850"
    }, {
      "d" : "1756460363557382533",
      "t" : 1756460363557,
      "tn" : 1756460363557382533,
      "q" : "2100",
      "p" : "0.0025806",
      "s" : "buy",
      "i" : "LVVA_USD",
      "m" : "4611686018427694849"
    }, {
      "d" : "1756460344027430721",
      "t" : 1756460344027,
      "tn" : 1756460344027430721,
      "q" : "2100",
      "p" : "0.0025805",
      "s" : "sell",
      "i" : "LVVA_USD",
      "m" : "4611686018427694848"
    }, {
      "d" : "1756460307549311678",
      "t" : 1756460307549,
      "tn" : 1756460307549311678,
      "q" : "2100",
      "p" : "0.0025803",
      "s" : "buy",
      "i" : "LVVA_USD",
      "m" : "4611686018427694847"
    }, {
      "d" : "1756460261770549695",
      "t" : 1756460261770,
      "tn" : 1756460261770549695,
      "q" : "2100",
      "p" : "0.0025803",
      "s" : "sell",
      "i" : "LVVA_USD",
      "m" : "4611686018427694846"
    }, {
      "d" : "1756460188405045993",
      "t" : 1756460188405,
      "tn" : 1756460188405045993,
      "q" : "2100",
      "p" : "0.0025804",
      "s" : "sell",
      "i" : "LVVA_USD",
      "m" : "4611686018427694845"
    }, {
      "d" : "1756460100170629607",
      "t" : 1756460100170,
      "tn" : 1756460100170629607,
      "q" : "2100",
      "p" : "0.0025802",
      "s" : "sell",
      "i" : "LVVA_USD",
      "m" : "4611686018427694844"
    }, {
      "d" : "1756460099833651572",
      "t" : 1756460099833,
      "tn" : 1756460099833651572,
      "q" : "2100",
      "p" : "0.0025802",
      "s" : "buy",
      "i" : "LVVA_USD",
      "m" : "4611686018427694843"
    }, {
      "d" : "1756460097417448737",
      "t" : 1756460097417,
      "tn" : 1756460097417448737,
      "q" : "2100",
      "p" : "0.0025803",
      "s" : "sell",
      "i" : "LVVA_USD",
      "m" : "4611686018427694842"
    }, {
      "d" : "1756460064251020872",
      "t" : 1756460064251,
      "tn" : 1756460064251020872,
      "q" : "2100",
      "p" : "0.0025805",
      "s" : "sell",
      "i" : "LVVA_USD",
      "m" : "4611686018427694841"
    }, {
      "d" : "1756460023251692452",
      "t" : 1756460023251,
      "tn" : 1756460023251692452,
      "q" : "2100",
      "p" : "0.0025804",
      "s" : "sell",
      "i" : "LVVA_USD",
      "m" : "4611686018427694840"
    }, {
      "d" : "1756459946586330810",
      "t" : 1756459946586,
      "tn" : 1756459946586330810,
      "q" : "2100",
      "p" : "0.0025806",
      "s" : "sell",
      "i" : "LVVA_USD",
      "m" : "4611686018427694839"
    }, {
      "d" : "1756459800167542214",
      "t" : 1756459800167,
      "tn" : 1756459800167542214,
      "q" : "2100",
      "p" : "0.0025808",
      "s" : "sell",
      "i" : "LVVA_USD",
      "m" : "4611686018427694838"
    }, {
      "d" : "1756459799878803997",
      "t" : 1756459799878,
      "tn" : 1756459799878803997,
      "q" : "2100",
      "p" : "0.0025808",
      "s" : "sell",
      "i" : "LVVA_USD",
      "m" : "4611686018427694837"
    }, {
      "d" : "1756459676921464856",
      "t" : 1756459676921,
      "tn" : 1756459676921464856,
      "q" : "2100",
      "p" : "0.0025806",
      "s" : "buy",
      "i" : "LVVA_USD",
      "m" : "4611686018427694836"
    }, {
      "d" : "1756459658790204160",
      "t" : 1756459658790,
      "tn" : 1756459658790204160,
      "q" : "2100",
      "p" : "0.0025807",
      "s" : "sell",
      "i" : "LVVA_USD",
      "m" : "4611686018427694835"
    }, {
      "d" : "1756459653754575828",
      "t" : 1756459653754,
      "tn" : 1756459653754575828,
      "q" : "2100",
      "p" : "0.0025805",
      "s" : "buy",
      "i" : "LVVA_USD",
      "m" : "4611686018427694834"
    }, {
      "d" : "1756459621407010584",
      "t" : 1756459621407,
      "tn" : 1756459621407010584,
      "q" : "2100",
      "p" : "0.0025806",
      "s" : "sell",
      "i" : "LVVA_USD",
      "m" : "4611686018427694833"
    }, {
      "d" : "1756459616104803069",
      "t" : 1756459616104,
      "tn" : 1756459616104803069,
      "q" : "2100",
      "p" : "0.0025805",
      "s" : "sell",
      "i" : "LVVA_USD",
      "m" : "4611686018427694832"
    }, {
      "d" : "1756459584136714923",
      "t" : 1756459584136,
      "tn" : 1756459584136714923,
      "q" : "2100",
      "p" : "0.0025804",
      "s" : "sell",
      "i" : "LVVA_USD",
      "m" : "4611686018427694831"
    }, {
      "d" : "1756459544208233820",
      "t" : 1756459544208,
      "tn" : 1756459544208233820,
      "q" : "2100",
      "p" : "0.0025802",
      "s" : "buy",
      "i" : "LVVA_USD",
      "m" : "4611686018427694830"
    }, {
      "d" : "1756459516087978885",
      "t" : 1756459516087,
      "tn" : 1756459516087978885,
      "q" : "2100",
      "p" : "0.0025801",
      "s" : "sell",
      "i" : "LVVA_USD",
      "m" : "4611686018427694829"
    }, {
      "d" : "1756459513871706528",
      "t" : 1756459513871,
      "tn" : 1756459513871706528,
      "q" : "2100",
      "p" : "0.0025800",
      "s" : "sell",
      "i" : "LVVA_USD",
      "m" : "4611686018427694828"
    }, {
      "d" : "1756459500216246835",
      "t" : 1756459500216,
      "tn" : 1756459500216246835,
      "q" : "2100",
      "p" : "0.0025799",
      "s" : "sell",
      "i" : "LVVA_USD",
      "m" : "4611686018427694827"
    }, {
      "d" : "1756459499789241041",
      "t" : 1756459499789,
      "tn" : 1756459499789241041,
      "q" : "2100",
      "p" : "0.0025799",
      "s" : "buy",
      "i" : "LVVA_USD",
      "m" : "4611686018427694826"
    }, {
      "d" : "1756459495355427989",
      "t" : 1756459495355,
      "tn" : 1756459495355427989,
      "q" : "2100",
      "p" : "0.0025800",
      "s" : "sell",
      "i" : "LVVA_USD",
      "m" : "4611686018427694825"
    }, {
      "d" : "1756459492837541257",
      "t" : 1756459492837,
      "tn" : 1756459492837541257,
      "q" : "2100",
      "p" : "0.0025798",
      "s" : "buy",
      "i" : "LVVA_USD",
      "m" : "4611686018427694824"
    }, {
      "d" : "1756459466083970936",
      "t" : 1756459466083,
      "tn" : 1756459466083970936,
      "q" : "2100",
      "p" : "0.0025798",
      "s" : "buy",
      "i" : "LVVA_USD",
      "m" : "4611686018427694823"
    }, {
      "d" : "1756459411816316616",
      "t" : 1756459411816,
      "tn" : 1756459411816316616,
      "q" : "2100",
      "p" : "0.0025798",
      "s" : "sell",
      "i" : "LVVA_USD",
      "m" : "4611686018427694822"
    }, {
      "d" : "1756459389166192415",
      "t" : 1756459389166,
      "tn" : 1756459389166192415,
      "q" : "1600",
      "p" : "0.0025688",
      "s" : "sell",
      "i" : "LVVA_USD",
      "m" : "4611686018427694821"
    }, {
      "d" : "1756459389166190530",
      "t" : 1756459389166,
      "tn" : 1756459389166190530,
      "q" : "4000",
      "p" : "0.0025714",
      "s" : "sell",
      "i" : "LVVA_USD",
      "m" : "4611686018427694820"
    }, {
      "d" : "1756459389166187398",
      "t" : 1756459389166,
      "tn" : 1756459389166187398,
      "q" : "4100",
      "p" : "0.0025740",
      "s" : "sell",
      "i" : "LVVA_USD",
      "m" : "4611686018427694819"
    }, {
      "d" : "1756459272392893923",
      "t" : 1756459272392,
      "tn" : 1756459272392893923,
      "q" : "2100",
      "p" : "0.0025796",
      "s" : "buy",
      "i" : "LVVA_USD",
      "m" : "4611686018427694818"
    }, {
      "d" : "1756459206376949982",
      "t" : 1756459206376,
      "tn" : 1756459206376949982,
      "q" : "2100",
      "p" : "0.0025798",
      "s" : "sell",
      "i" : "LVVA_USD",
      "m" : "4611686018427694817"
    }, {
      "d" : "1756459200154724535",
      "t" : 1756459200154,
      "tn" : 1756459200154724535,
      "q" : "2100",
      "p" : "0.0025800",
      "s" : "buy",
      "i" : "LVVA_USD",
      "m" : "4611686018427694816"
    }, {
      "d" : "1756459199876782344",
      "t" : 1756459199876,
      "tn" : 1756459199876782344,
      "q" : "3400",
      "p" : "0.0025766",
      "s" : "sell",
      "i" : "LVVA_USD",
      "m" : "4611686018427694815"
    }, {
      "d" : "1756459199876780393",
      "t" : 1756459199876,
      "tn" : 1756459199876780393,
      "q" : "4200",
      "p" : "0.0025793",
      "s" : "sell",
      "i" : "LVVA_USD",
      "m" : "4611686018427694814"
    }, {
      "d" : "1756459199876777215",
      "t" : 1756459199876,
      "tn" : 1756459199876777215,
      "q" : "2100",
      "p" : "0.0025800",
      "s" : "sell",
      "i" : "LVVA_USD",
      "m" : "4611686018427694813"
    }, {
      "d" : "1756459190460288340",
      "t" : 1756459190460,
      "tn" : 1756459190460288340,
      "q" : "2100",
      "p" : "0.0025798",
      "s" : "buy",
      "i" : "LVVA_USD",
      "m" : "4611686018427694812"
    }, {
      "d" : "1756459144452675367",
      "t" : 1756459144452,
      "tn" : 1756459144452675367,
      "q" : "2100",
      "p" : "0.0025796",
      "s" : "buy",
      "i" : "LVVA_USD",
      "m" : "4611686018427694811"
    }, {
      "d" : "1756459123369730306",
      "t" : 1756459123369,
      "tn" : 1756459123369730306,
      "q" : "2100",
      "p" : "0.0025795",
      "s" : "buy",
      "i" : "LVVA_USD",
      "m" : "4611686018427694810"
    }, {
      "d" : "1756459090538593895",
      "t" : 1756459090538,
      "tn" : 1756459090538593895,
      "q" : "2100",
      "p" : "0.0025795",
      "s" : "buy",
      "i" : "LVVA_USD",
      "m" : "4611686018427694809"
    }, {
      "d" : "1756459012764009737",
      "t" : 1756459012764,
      "tn" : 1756459012764009737,
      "q" : "2100",
      "p" : "0.0025796",
      "s" : "buy",
      "i" : "LVVA_USD",
      "m" : "4611686018427694808"
    }, {
      "d" : "1756458954495606187",
      "t" : 1756458954495,
      "tn" : 1756458954495606187,
      "q" : "2100",
      "p" : "0.0025796",
      "s" : "sell",
      "i" : "LVVA_USD",
      "m" : "4611686018427694807"
    }, {
      "d" : "1756458953432814384",
      "t" : 1756458953432,
      "tn" : 1756458953432814384,
      "q" : "2100",
      "p" : "0.0025795",
      "s" : "buy",
      "i" : "LVVA_USD",
      "m" : "4611686018427694806"
    }, {
      "d" : "1756458935788098681",
      "t" : 1756458935788,
      "tn" : 1756458935788098681,
      "q" : "2100",
      "p" : "0.0025796",
      "s" : "sell",
      "i" : "LVVA_USD",
      "m" : "4611686018427694805"
    }, {
      "d" : "1756458900095057431",
      "t" : 1756458900095,
      "tn" : 1756458900095057431,
      "q" : "2100",
      "p" : "0.0025796",
      "s" : "sell",
      "i" : "LVVA_USD",
      "m" : "4611686018427694804"
    }, {
      "d" : "1756458900024195631",
      "t" : 1756458900024,
      "tn" : 1756458900024195631,
      "q" : "2100",
      "p" : "0.0025796",
      "s" : "sell",
      "i" : "LVVA_USD",
      "m" : "4611686018427694803"
    }, {
      "d" : "1756458771355806501",
      "t" : 1756458771355,
      "tn" : 1756458771355806501,
      "q" : "2100",
      "p" : "0.0025795",
      "s" : "buy",
      "i" : "LVVA_USD",
      "m" : "4611686018427694802"
    }, {
      "d" : "1756458682185292612",
      "t" : 1756458682185,
      "tn" : 1756458682185292612,
      "q" : "2100",
      "p" : "0.0025794",
      "s" : "buy",
      "i" : "LVVA_USD",
      "m" : "4611686018427694801"
    }, {
      "d" : "1756458600192041746",
      "t" : 1756458600192,
      "tn" : 1756458600192041746,
      "q" : "2100",
      "p" : "0.0025922",
      "s" : "buy",
      "i" : "LVVA_USD",
      "m" : "4611686018427694800"
    }, {
      "d" : "1756458600074986071",
      "t" : 1756458600074,
      "tn" : 1756458600074986071,
      "q" : "2100",
      "p" : "0.0025922",
      "s" : "buy",
      "i" : "LVVA_USD",
      "m" : "4611686018427694799"
    }, {
      "d" : "1756458547009423290",
      "t" : 1756458547009,
      "tn" : 1756458547009423290,
      "q" : "2300",
      "p" : "0.0025894",
      "s" : "buy",
      "i" : "LVVA_USD",
      "m" : "4611686018427694798"
    }, {
      "d" : "1756458547009421430",
      "t" : 1756458547009,
      "tn" : 1756458547009421430,
      "q" : "4100",
      "p" : "0.0025868",
      "s" : "buy",
      "i" : "LVVA_USD",
      "m" : "4611686018427694797"
    }, {
      "d" : "1756458547009418775",
      "t" : 1756458547009,
      "tn" : 1756458547009418775,
      "q" : "4000",
      "p" : "0.0025842",
      "s" : "buy",
      "i" : "LVVA_USD",
      "m" : "4611686018427694796"
    }, {
      "d" : "1756458481139091087",
      "t" : 1756458481139,
      "tn" : 1756458481139091087,
      "q" : "2100",
      "p" : "0.0025692",
      "s" : "sell",
      "i" : "LVVA_USD",
      "m" : "4611686018427694795"
    }, {
      "d" : "1756458300141300240",
      "t" : 1756458300141,
      "tn" : 1756458300141300240,
      "q" : "100",
      "p" : "0.0025740",
      "s" : "buy",
      "i" : "LVVA_USD",
      "m" : "4611686018427694794"
    }, {
      "d" : "1756458300071294569",
      "t" : 1756458300071,
      "tn" : 1756458300071294569,
      "q" : "2000",
      "p" : "0.0025740",
      "s" : "sell",
      "i" : "LVVA_USD",
      "m" : "4611686018427694793"
    }, {
      "d" : "1756458300007815016",
      "t" : 1756458300007,
      "tn" : 1756458300007815016,
      "q" : "2100",
      "p" : "0.0025740",
      "s" : "sell",
      "i" : "LVVA_USD",
      "m" : "4611686018427694792"
    }, {
      "d" : "1756458280391119765",
      "t" : 1756458280391,
      "tn" : 1756458280391119765,
      "q" : "700",
      "p" : "0.0025894",
      "s" : "buy",
      "i" : "LVVA_USD",
      "m" : "4611686018427694791"
    }, {
      "d" : "1756458280391118302",
      "t" : 1756458280391,
      "tn" : 1756458280391118302,
      "q" : "4100",
      "p" : "0.0025868",
      "s" : "buy",
      "i" : "LVVA_USD",
      "m" : "4611686018427694790"
    }, {
      "d" : "1756458280391115402",
      "t" : 1756458280391,
      "tn" : 1756458280391115402,
      "q" : "4000",
      "p" : "0.0025842",
      "s" : "buy",
      "i" : "LVVA_USD",
      "m" : "4611686018427694789"
    }, {
      "d" : "1756458280391114182",
      "t" : 1756458280391,
      "tn" : 1756458280391114182,
      "q" : "3900",
      "p" : "0.0025816",
      "s" : "buy",
      "i" : "LVVA_USD",
      "m" : "4611686018427694788"
    }, {
      "d" : "1756458280391110777",
      "t" : 1756458280391,
      "tn" : 1756458280391110777,
      "q" : "4100",
      "p" : "0.0025790",
      "s" : "buy",
      "i" : "LVVA_USD",
      "m" : "4611686018427694787"
    }, {
      "d" : "1756458280391108064",
      "t" : 1756458280391,
      "tn" : 1756458280391108064,
      "q" : "2500",
      "p" : "0.0025766",
      "s" : "buy",
      "i" : "LVVA_USD",
      "m" : "4611686018427694786"
    }, {
      "d" : "1756458278970553819",
      "t" : 1756458278970,
      "tn" : 1756458278970553819,
      "q" : "1900",
      "p" : "0.0025766",
      "s" : "buy",
      "i" : "LVVA_USD",
      "m" : "4611686018427694785"
    }, {
      "d" : "1756458278970551965",
      "t" : 1756458278970,
      "tn" : 1756458278970551965,
      "q" : "7000",
      "p" : "0.0025740",
      "s" : "buy",
      "i" : "LVVA_USD",
      "m" : "4611686018427694784"
    }, {
      "d" : "1756458278970549411",
      "t" : 1756458278970,
      "tn" : 1756458278970549411,
      "q" : "2700",
      "p" : "0.0025713",
      "s" : "buy",
      "i" : "LVVA_USD",
      "m" : "4611686018427694783"
    }, {
      "d" : "1756458277557734929",
      "t" : 1756458277557,
      "tn" : 1756458277557734929,
      "q" : "1400",
      "p" : "0.0025713",
      "s" : "buy",
      "i" : "LVVA_USD",
      "m" : "4611686018427694782"
    }, {
      "d" : "1756458277557732941",
      "t" : 1756458277557,
      "tn" : 1756458277557732941,
      "q" : "5700",
      "p" : "0.0025687",
      "s" : "buy",
      "i" : "LVVA_USD",
      "m" : "4611686018427694781"
    }, {
      "d" : "1756458277557730867",
      "t" : 1756458277557,
      "tn" : 1756458277557730867,
      "q" : "4700",
      "p" : "0.0025660",
      "s" : "buy",
      "i" : "LVVA_USD",
      "m" : "4611686018427694780"
    }, {
      "d" : "1756458277557728496",
      "t" : 1756458277557,
      "tn" : 1756458277557728496,
      "q" : "3800",
      "p" : "0.0025659",
      "s" : "buy",
      "i" : "LVVA_USD",
      "m" : "4611686018427694779"
    }, {
      "d" : "1756458277190162055",
      "t" : 1756458277190,
      "tn" : 1756458277190162055,
      "q" : "2500",
      "p" : "0.0025660",
      "s" : "buy",
      "i" : "LVVA_USD",
      "m" : "4611686018427694778"
    }, {
      "d" : "1756458277190160512",
      "t" : 1756458277190,
      "tn" : 1756458277190160512,
      "q" : "3900",
      "p" : "0.0025633",
      "s" : "buy",
      "i" : "LVVA_USD",
      "m" : "4611686018427694777"
    }, {
      "d" : "1756458277190158444",
      "t" : 1756458277190,
      "tn" : 1756458277190158444,
      "q" : "7700",
      "p" : "0.0025611",
      "s" : "buy",
      "i" : "LVVA_USD",
      "m" : "4611686018427694776"
    }, {
      "d" : "1756458277190155927",
      "t" : 1756458277190,
      "tn" : 1756458277190155927,
      "q" : "4800",
      "p" : "0.0025593",
      "s" : "buy",
      "i" : "LVVA_USD",
      "m" : "4611686018427694775"
    }, {
      "d" : "1756458277190153392",
      "t" : 1756458277190,
      "tn" : 1756458277190153392,
      "q" : "7500",
      "p" : "0.0025567",
      "s" : "buy",
      "i" : "LVVA_USD",
      "m" : "4611686018427694774"
    }, {
      "d" : "1756458277190150547",
      "t" : 1756458277190,
      "tn" : 1756458277190150547,
      "q" : "4300",
      "p" : "0.0025540",
      "s" : "buy",
      "i" : "LVVA_USD",
      "m" : "4611686018427694773"
    }, {
      "d" : "1756458277190148032",
      "t" : 1756458277190,
      "tn" : 1756458277190148032,
      "q" : "4400",
      "p" : "0.0025516",
      "s" : "buy",
      "i" : "LVVA_USD",
      "m" : "4611686018427694772"
    }, {
      "d" : "1756458264821051846",
      "t" : 1756458264821,
      "tn" : 1756458264821051846,
      "q" : "2100",
      "p" : "0.0025481",
      "s" : "buy",
      "i" : "LVVA_USD",
      "m" : "4611686018427694771"
    }, {
      "d" : "1756458050484550600",
      "t" : 1756458050484,
      "tn" : 1756458050484550600,
      "q" : "2600",
      "p" : "0.0025483",
      "s" : "buy",
      "i" : "LVVA_USD",
      "m" : "4611686018427694770"
    }, {
      "d" : "1756458028169363547",
      "t" : 1756458028169,
      "tn" : 1756458028169363547,
      "q" : "4400",
      "p" : "0.0025390",
      "s" : "sell",
      "i" : "LVVA_USD",
      "m" : "4611686018427694769"
    }, {
      "d" : "1756458027948903967",
      "t" : 1756458027948,
      "tn" : 1756458027948903967,
      "q" : "4300",
      "p" : "0.0025413",
      "s" : "sell",
      "i" : "LVVA_USD",
      "m" : "4611686018427694768"
    }, {
      "d" : "1756458027695060907",
      "t" : 1756458027695,
      "tn" : 1756458027695060907,
      "q" : "4500",
      "p" : "0.0025440",
      "s" : "sell",
      "i" : "LVVA_USD",
      "m" : "4611686018427694767"
    }, {
      "d" : "1756458014340983595",
      "t" : 1756458014340,
      "tn" : 1756458014340983595,
      "q" : "2100",
      "p" : "0.0025482",
      "s" : "buy",
      "i" : "LVVA_USD",
      "m" : "4611686018427694766"
    }, {
      "d" : "1756458000349003025",
      "t" : 1756458000349,
      "tn" : 1756458000349003025,
      "q" : "2100",
      "p" : "0.0025481",
      "s" : "sell",
      "i" : "LVVA_USD",
      "m" : "4611686018427694765"
    }, {
      "d" : "1756458000159609707",
      "t" : 1756458000159,
      "tn" : 1756458000159609707,
      "q" : "2100",
      "p" : "0.0025481",
      "s" : "sell",
      "i" : "LVVA_USD",
      "m" : "4611686018427694764"
    }, {
      "d" : "1756457915997004377",
      "t" : 1756457915997,
      "tn" : 1756457915997004377,
      "q" : "2100",
      "p" : "0.0025482",
      "s" : "buy",
      "i" : "LVVA_USD",
      "m" : "4611686018427694763"
    }, {
      "d" : "1756457884318532328",
      "t" : 1756457884318,
      "tn" : 1756457884318532328,
      "q" : "2100",
      "p" : "0.0025483",
      "s" : "buy",
      "i" : "LVVA_USD",
      "m" : "4611686018427694762"
    }, {
      "d" : "1756457792213278775",
      "t" : 1756457792213,
      "tn" : 1756457792213278775,
      "q" : "2100",
      "p" : "0.0025484",
      "s" : "buy",
      "i" : "LVVA_USD",
      "m" : "4611686018427694761"
    }, {
      "d" : "1756457700162924615",
      "t" : 1756457700162,
      "tn" : 1756457700162924615,
      "q" : "2100",
      "p" : "0.0025491",
      "s" : "sell",
      "i" : "LVVA_USD",
      "m" : "4611686018427694760"
    }, {
      "d" : "1756457700066444811",
      "t" : 1756457700066,
      "tn" : 1756457700066444811,
      "q" : "2100",
      "p" : "0.0025483",
      "s" : "sell",
      "i" : "LVVA_USD",
      "m" : "4611686018427694759"
    }, {
      "d" : "1756457641885270112",
      "t" : 1756457641885,
      "tn" : 1756457641885270112,
      "q" : "2100",
      "p" : "0.0025483",
      "s" : "sell",
      "i" : "LVVA_USD",
      "m" : "4611686018427694758"
    }, {
      "d" : "1756457572788264355",
      "t" : 1756457572788,
      "tn" : 1756457572788264355,
      "q" : "2100",
      "p" : "0.0025480",
      "s" : "buy",
      "i" : "LVVA_USD",
      "m" : "4611686018427694757"
    }, {
      "d" : "1756457524110417835",
      "t" : 1756457524110,
      "tn" : 1756457524110417835,
      "q" : "2100",
      "p" : "0.0025478",
      "s" : "buy",
      "i" : "LVVA_USD",
      "m" : "4611686018427694756"
    }, {
      "d" : "1756457511492027283",
      "t" : 1756457511492,
      "tn" : 1756457511492027283,
      "q" : "2100",
      "p" : "0.0025476",
      "s" : "buy",
      "i" : "LVVA_USD",
      "m" : "4611686018427694755"
    }, {
      "d" : "1756457411578696936",
      "t" : 1756457411578,
      "tn" : 1756457411578696936,
      "q" : "2100",
      "p" : "0.0025475",
      "s" : "buy",
      "i" : "LVVA_USD",
      "m" : "4611686018427694754"
    }, {
      "d" : "1756457400061822628",
      "t" : 1756457400061,
      "tn" : 1756457400061822628,
      "q" : "2100",
      "p" : "0.0025475",
      "s" : "buy",
      "i" : "LVVA_USD",
      "m" : "4611686018427694753"
    }, {
      "d" : "1756457399796100688",
      "t" : 1756457399796,
      "tn" : 1756457399796100688,
      "q" : "2100",
      "p" : "0.0025475",
      "s" : "sell",
      "i" : "LVVA_USD",
      "m" : "4611686018427694752"
    }, {
      "d" : "1756457395756433027",
      "t" : 1756457395756,
      "tn" : 1756457395756433027,
      "q" : "6300",
      "p" : "0.0025482",
      "s" : "buy",
      "i" : "LVVA_USD",
      "m" : "4611686018427694751"
    }, {
      "d" : "1756457374726576089",
      "t" : 1756457374726,
      "tn" : 1756457374726576089,
      "q" : "2100",
      "p" : "0.0025476",
      "s" : "sell",
      "i" : "LVVA_USD",
      "m" : "4611686018427694750"
    }, {
      "d" : "1756457369360149513",
      "t" : 1756457369360,
      "tn" : 1756457369360149513,
      "q" : "2100",
      "p" : "0.0025477",
      "s" : "buy",
      "i" : "LVVA_USD",
      "m" : "4611686018427694749"
    }, {
      "d" : "1756457317147007918",
      "t" : 1756457317147,
      "tn" : 1756457317147007918,
      "q" : "2100",
      "p" : "0.0025476",
      "s" : "sell",
      "i" : "LVVA_USD",
      "m" : "4611686018427694748"
    }, {
      "d" : "1756457213935996650",
      "t" : 1756457213935,
      "tn" : 1756457213935996650,
      "q" : "2100",
      "p" : "0.0025518",
      "s" : "buy",
      "i" : "LVVA_USD",
      "m" : "4611686018427694747"
    }, {
      "d" : "1756457124135995417",
      "t" : 1756457124135,
      "tn" : 1756457124135995417,
      "q" : "4800",
      "p" : "0.0025466",
      "s" : "sell",
      "i" : "LVVA_USD",
      "m" : "4611686018427694746"
    }, {
      "d" : "1756457112514907201",
      "t" : 1756457112514,
      "tn" : 1756457112514907201,
      "q" : "2100",
      "p" : "0.0025517",
      "s" : "buy",
      "i" : "LVVA_USD",
      "m" : "4611686018427694745"
    }, {
      "d" : "1756457100122530106",
      "t" : 1756457100122,
      "tn" : 1756457100122530106,
      "q" : "2100",
      "p" : "0.0025518",
      "s" : "buy",
      "i" : "LVVA_USD",
      "m" : "4611686018427694744"
    }, {
      "d" : "1756457100028907343",
      "t" : 1756457100028,
      "tn" : 1756457100028907343,
      "q" : "2100",
      "p" : "0.0025518",
      "s" : "sell",
      "i" : "LVVA_USD",
      "m" : "4611686018427694743"
    }, {
      "d" : "1756456861251715373",
      "t" : 1756456861251,
      "tn" : 1756456861251715373,
      "q" : "2100",
      "p" : "0.0025517",
      "s" : "sell",
      "i" : "LVVA_USD",
      "m" : "4611686018427694742"
    }, {
      "d" : "1756456853236006460",
      "t" : 1756456853236,
      "tn" : 1756456853236006460,
      "q" : "2100",
      "p" : "0.0025519",
      "s" : "sell",
      "i" : "LVVA_USD",
      "m" : "4611686018427694741"
    }, {
      "d" : "1756456800179463166",
      "t" : 1756456800179,
      "tn" : 1756456800179463166,
      "q" : "2100",
      "p" : "0.0025520",
      "s" : "sell",
      "i" : "LVVA_USD",
      "m" : "4611686018427694740"
    }, {
      "d" : "1756456799818110980",
      "t" : 1756456799818,
      "tn" : 1756456799818110980,
      "q" : "2100",
      "p" : "0.0025520",
      "s" : "buy",
      "i" : "LVVA_USD",
      "m" : "4611686018427694739"
    } ]
  }
}