{
  "id" : -1,
  "method" : "public/get-trades",
  "code" : 0,
  "result" : {
    "data" : [ {
      "d" : "1756394083415266976",
      "t" : 1756394083415,
      "tn" : 1756394083415266976,
      "q" : "17.66",
      "p" : "1.1324",
      "s" : "buy",
      "i" : "LYX_USD",
      "m" : "4611686018428563811"
    }, {
      "d" : "1756394083390619550",
      "t" : 1756394083390,
      "tn" : 1756394083390619550,
      "q" : "79.48",
      "p" : "1.1324",
      "s" : "buy",
      "i" : "LYX_USD",
      "m" : "4611686018428563810"
    }, {
      "d" : "1756394078425091315",
      "t" : 1756394078425,
      "tn" : 1756394078425091315,
      "q" : "79.48",
      "p" : "1.1324",
      "s" : "buy",
      "i" : "LYX_USD",
      "m" : "4611686018428563809"
    }, {
      "d" : "1756394078398837925",
      "t" : 1756394078398,
      "tn" : 1756394078398837925,
      "q" : "79.48",
      "p" : "1.1324",
      "s" : "buy",
      "i" : "LYX_USD",
      "m" : "4611686018428563808"
    }, {
      "d" : "1756394078373853046",
      "t" : 1756394078373,
      "tn" : 1756394078373853046,
      "q" : "79.48",
      "p" : "1.1324",
      "s" : "buy",
      "i" : "LYX_USD",
      "m" : "4611686018428563807"
    }, {
      "d" : "1756394078265555679",
      "t" : 1756394078265,
      "tn" : 1756394078265555679,
      "q" : "79.48",
      "p" : "1.1324",
      "s" : "buy",
      "i" : "LYX_USD",
      "m" : "4611686018428563806"
    }, {
      "d" : "1756394078243532293",
      "t" : 1756394078243,
      "tn" : 1756394078243532293,
      "q" : "79.48",
      "p" : "1.1324",
      "s" : "buy",
      "i" : "LYX_USD",
      "m" : "4611686018428563805"
    }, {
      "d" : "1756394078220820096",
      "t" : 1756394078220,
      "tn" : 1756394078220820096,
      "q" : "31.46",
      "p" : "1.1324",
      "s" : "buy",
      "i" : "LYX_USD",
      "m" : "4611686018428563804"
    }, {
      "d" : "1756394078200547511",
      "t" : 1756394078200,
      "tn" : 1756394078200547511,
      "q" : "79.48",
      "p" : "1.1324",
      "s" : "buy",
      "i" : "LYX_USD",
      "m" : "4611686018428563803"
    }, {
      "d" : "1756394045554213676",
      "t" : 1756394045554,
      "tn" : 1756394045554213676,
      "q" : "19.32",
      "p" : "1.1324",
      "s" : "buy",
      "i" : "LYX_USD",
      "m" : "4611686018428563802"
    }, {
      "d" : "1756394045530051413",
      "t" : 1756394045530,
      "tn" : 1756394045530051413,
      "q" : "53.03",
      "p" : "1.1324",
      "s" : "buy",
      "i" : "LYX_USD",
      "m" : "4611686018428563801"
    }, {
      "d" : "1756394045508204113",
      "t" : 1756394045508,
      "tn" : 1756394045508204113,
      "q" : "79.48",
      "p" : "1.1324",
      "s" : "buy",
      "i" : "LYX_USD",
      "m" : "4611686018428563800"
    }, {
      "d" : "1756394045479868731",
      "t" : 1756394045479,
      "tn" : 1756394045479868731,
      "q" : "18.13",
      "p" : "1.1324",
      "s" : "buy",
      "i" : "LYX_USD",
      "m" : "4611686018428563799"
    }, {
      "d" : "1756394045448409084",
      "t" : 1756394045448,
      "tn" : 1756394045448409084,
      "q" : "34.82",
      "p" : "1.1324",
      "s" : "buy",
      "i" : "LYX_USD",
      "m" : "4611686018428563798"
    }, {
      "d" : "1756394045405740956",
      "t" : 1756394045405,
      "tn" : 1756394045405740956,
      "q" : "79.48",
      "p" : "1.1324",
      "s" : "buy",
      "i" : "LYX_USD",
      "m" : "4611686018428563797"
    }, {
      "d" : "1756394044678944274",
      "t" : 1756394044678,
      "tn" : 1756394044678944274,
      "q" : "33.84",
      "p" : "1.1324",
      "s" : "buy",
      "i" : "LYX_USD",
      "m" : "4611686018428563796"
    }, {
      "d" : "1756394044653950243",
      "t" : 1756394044653,
      "tn" : 1756394044653950243,
      "q" : "79.48",
      "p" : "1.1324",
      "s" : "buy",
      "i" : "LYX_USD",
      "m" : "4611686018428563795"
    }, {
      "d" : "1756394044589519940",
      "t" : 1756394044589,
      "tn" : 1756394044589519940,
      "q" : "30.40",
      "p" : "1.1324",
      "s" : "buy",
      "i" : "LYX_USD",
      "m" : "4611686018428563794"
    }, {
      "d" : "1756394044564558077",
      "t" : 1756394044564,
      "tn" : 1756394044564558077,
      "q" : "60.98",
      "p" : "1.1324",
      "s" : "buy",
      "i" : "LYX_USD",
      "m" : "4611686018428563793"
    }, {
      "d" : "1756394044546528153",
      "t" : 1756394044546,
      "tn" : 1756394044546528153,
      "q" : "79.48",
      "p" : "1.1324",
      "s" : "buy",
      "i" : "LYX_USD",
      "m" : "4611686018428563792"
    }, {
      "d" : "1756394044328795711",
      "t" : 1756394044328,
      "tn" : 1756394044328795711,
      "q" : "61.95",
      "p" : "1.1324",
      "s" : "buy",
      "i" : "LYX_USD",
      "m" : "4611686018428563791"
    }, {
      "d" : "1756394044281113992",
      "t" : 1756394044281,
      "tn" : 1756394044281113992,
      "q" : "79.48",
      "p" : "1.1324",
      "s" : "buy",
      "i" : "LYX_USD",
      "m" : "4611686018428563790"
    }, {
      "d" : "1756394044260602426",
      "t" : 1756394044260,
      "tn" : 1756394044260602426,
      "q" : "582.29",
      "p" : "1.1324",
      "s" : "sell",
      "i" : "LYX_USD",
      "m" : "4611686018428563789"
    }, {
      "d" : "1756394044260598803",
      "t" : 1756394044260,
      "tn" : 1756394044260598803,
      "q" : "622.68",
      "p" : "1.1386",
      "s" : "sell",
      "i" : "LYX_USD",
      "m" : "4611686018428563788"
    }, {
      "d" : "1756384923897114725",
      "t" : 1756384923897,
      "tn" : 1756384923897114725,
      "q" : "337.50",
      "p" : "1.1497",
      "s" : "sell",
      "i" : "LYX_USD",
      "m" : "4611686018428563787"
    }, {
      "d" : "1756384923897112581",
      "t" : 1756384923897,
      "tn" : 1756384923897112581,
      "q" : "622.68",
      "p" : "1.1552",
      "s" : "sell",
      "i" : "LYX_USD",
      "m" : "4611686018428563786"
    } ]
  }
}