{
  "id" : -1,
  "method" : "public/get-trades",
  "code" : 0,
  "result" : {
    "data" : [ {
      "d" : "1756458035078309752",
      "t" : 1756458035078,
      "tn" : 1756458035078309752,
      "q" : "5289",
      "p" : "0.19819",
      "s" : "buy",
      "i" : "MAGICUSD-PERP",
      "m" : "4611686018429760864"
    }, {
      "d" : "1756458034928273109",
      "t" : 1756458034928,
      "tn" : 1756458034928273109,
      "q" : "483",
      "p" : "0.19818",
      "s" : "buy",
      "i" : "MAGICUSD-PERP",
      "m" : "4611686018429760863"
    }, {
      "d" : "1756458034872706216",
      "t" : 1756458034872,
      "tn" : 1756458034872706216,
      "q" : "1",
      "p" : "0.19816",
      "s" : "buy",
      "i" : "MAGICUSD-PERP",
      "m" : "4611686018429760862"
    }, {
      "d" : "1756458034872286683",
      "t" : 1756458034872,
      "tn" : 1756458034872286683,
      "q" : "1",
      "p" : "0.19812",
      "s" : "buy",
      "i" : "MAGICUSD-PERP",
      "m" : "4611686018429760861"
    }, {
      "d" : "1756458030550159954",
      "t" : 1756458030550,
      "tn" : 1756458030550159954,
      "q" : "1",
      "p" : "0.19836",
      "s" : "buy",
      "i" : "MAGICUSD-PERP",
      "m" : "4611686018429760860"
    }, {
      "d" : "1756458030441286196",
      "t" : 1756458030441,
      "tn" : 1756458030441286196,
      "q" : "1",
      "p" : "0.19836",
      "s" : "buy",
      "i" : "MAGICUSD-PERP",
      "m" : "4611686018429760859"
    }, {
      "d" : "1756458030439280515",
      "t" : 1756458030439,
      "tn" : 1756458030439280515,
      "q" : "1",
      "p" : "0.19832",
      "s" : "buy",
      "i" : "MAGICUSD-PERP",
      "m" : "4611686018429760858"
    }, {
      "d" : "1756458029167755252",
      "t" : 1756458029167,
      "tn" : 1756458029167755252,
      "q" : "1",
      "p" : "0.19832",
      "s" : "buy",
      "i" : "MAGICUSD-PERP",
      "m" : "4611686018429760857"
    }, {
      "d" : "1756458029060190243",
      "t" : 1756458029060,
      "tn" : 1756458029060190243,
      "q" : "1",
      "p" : "0.19834",
      "s" : "buy",
      "i" : "MAGICUSD-PERP",
      "m" : "4611686018429760856"
    }, {
      "d" : "1756458029059634559",
      "t" : 1756458029059,
      "tn" : 1756458029059634559,
      "q" : "1",
      "p" : "0.19832",
      "s" : "buy",
      "i" : "MAGICUSD-PERP",
      "m" : "4611686018429760855"
    }, {
      "d" : "1756458027767732529",
      "t" : 1756458027767,
      "tn" : 1756458027767732529,
      "q" : "1",
      "p" : "0.19824",
      "s" : "buy",
      "i" : "MAGICUSD-PERP",
      "m" : "4611686018429760854"
    }, {
      "d" : "1756458027700078062",
      "t" : 1756458027700,
      "tn" : 1756458027700078062,
      "q" : "1",
      "p" : "0.19824",
      "s" : "buy",
      "i" : "MAGICUSD-PERP",
      "m" : "4611686018429760853"
    }, {
      "d" : "1756458027699660663",
      "t" : 1756458027699,
      "tn" : 1756458027699660663,
      "q" : "1",
      "p" : "0.19822",
      "s" : "buy",
      "i" : "MAGICUSD-PERP",
      "m" : "4611686018429760852"
    }, {
      "d" : "1756458024919610065",
      "t" : 1756458024919,
      "tn" : 1756458024919610065,
      "q" : "1",
      "p" : "0.19824",
      "s" : "buy",
      "i" : "MAGICUSD-PERP",
      "m" : "4611686018429760851"
    }, {
      "d" : "1756458024849947722",
      "t" : 1756458024849,
      "tn" : 1756458024849947722,
      "q" : "1",
      "p" : "0.19824",
      "s" : "buy",
      "i" : "MAGICUSD-PERP",
      "m" : "4611686018429760850"
    }, {
      "d" : "1756458024849298912",
      "t" : 1756458024849,
      "tn" : 1756458024849298912,
      "q" : "1",
      "p" : "0.19822",
      "s" : "buy",
      "i" : "MAGICUSD-PERP",
      "m" : "4611686018429760849"
    }, {
      "d" : "1756458011014437466",
      "t" : 1756458011014,
      "tn" : 1756458011014437466,
      "q" : "1",
      "p" : "0.19824",
      "s" : "buy",
      "i" : "MAGICUSD-PERP",
      "m" : "4611686018429760848"
    }, {
      "d" : "1756458011014435403",
      "t" : 1756458011014,
      "tn" : 1756458011014435403,
      "q" : "1",
      "p" : "0.19822",
      "s" : "buy",
      "i" : "MAGICUSD-PERP",
      "m" : "4611686018429760847"
    }, {
      "d" : "1756458006969619029",
      "t" : 1756458006969,
      "tn" : 1756458006969619029,
      "q" : "1",
      "p" : "0.19844",
      "s" : "buy",
      "i" : "MAGICUSD-PERP",
      "m" : "4611686018429760846"
    }, {
      "d" : "1756458006969218711",
      "t" : 1756458006969,
      "tn" : 1756458006969218711,
      "q" : "1",
      "p" : "0.19842",
      "s" : "buy",
      "i" : "MAGICUSD-PERP",
      "m" : "4611686018429760845"
    }, {
      "d" : "1756458004899179989",
      "t" : 1756458004899,
      "tn" : 1756458004899179989,
      "q" : "1",
      "p" : "0.19844",
      "s" : "buy",
      "i" : "MAGICUSD-PERP",
      "m" : "4611686018429760844"
    }, {
      "d" : "1756458004898783218",
      "t" : 1756458004898,
      "tn" : 1756458004898783218,
      "q" : "1",
      "p" : "0.19842",
      "s" : "buy",
      "i" : "MAGICUSD-PERP",
      "m" : "4611686018429760843"
    }, {
      "d" : "1756457995472072116",
      "t" : 1756457995472,
      "tn" : 1756457995472072116,
      "q" : "1",
      "p" : "0.19864",
      "s" : "buy",
      "i" : "MAGICUSD-PERP",
      "m" : "4611686018429760842"
    }, {
      "d" : "1756457995471636523",
      "t" : 1756457995471,
      "tn" : 1756457995471636523,
      "q" : "1",
      "p" : "0.19862",
      "s" : "buy",
      "i" : "MAGICUSD-PERP",
      "m" : "4611686018429760841"
    }, {
      "d" : "1756457987233244658",
      "t" : 1756457987233,
      "tn" : 1756457987233244658,
      "q" : "1",
      "p" : "0.19854",
      "s" : "buy",
      "i" : "MAGICUSD-PERP",
      "m" : "4611686018429760840"
    }, {
      "d" : "1756457987232824974",
      "t" : 1756457987232,
      "tn" : 1756457987232824974,
      "q" : "1",
      "p" : "0.19852",
      "s" : "buy",
      "i" : "MAGICUSD-PERP",
      "m" : "4611686018429760839"
    }, {
      "d" : "1756457972197209606",
      "t" : 1756457972197,
      "tn" : 1756457972197209606,
      "q" : "1",
      "p" : "0.19854",
      "s" : "buy",
      "i" : "MAGICUSD-PERP",
      "m" : "4611686018429760838"
    }, {
      "d" : "1756457972196703186",
      "t" : 1756457972196,
      "tn" : 1756457972196703186,
      "q" : "1",
      "p" : "0.19852",
      "s" : "buy",
      "i" : "MAGICUSD-PERP",
      "m" : "4611686018429760837"
    }, {
      "d" : "1756457971160056813",
      "t" : 1756457971160,
      "tn" : 1756457971160056813,
      "q" : "1",
      "p" : "0.19854",
      "s" : "buy",
      "i" : "MAGICUSD-PERP",
      "m" : "4611686018429760836"
    }, {
      "d" : "1756457971159653772",
      "t" : 1756457971159,
      "tn" : 1756457971159653772,
      "q" : "1",
      "p" : "0.19852",
      "s" : "buy",
      "i" : "MAGICUSD-PERP",
      "m" : "4611686018429760835"
    }, {
      "d" : "1756457965408098573",
      "t" : 1756457965408,
      "tn" : 1756457965408098573,
      "q" : "1",
      "p" : "0.19852",
      "s" : "buy",
      "i" : "MAGICUSD-PERP",
      "m" : "4611686018429760834"
    }, {
      "d" : "1756457965293844263",
      "t" : 1756457965293,
      "tn" : 1756457965293844263,
      "q" : "1",
      "p" : "0.19854",
      "s" : "buy",
      "i" : "MAGICUSD-PERP",
      "m" : "4611686018429760833"
    }, {
      "d" : "1756457965293448371",
      "t" : 1756457965293,
      "tn" : 1756457965293448371,
      "q" : "1",
      "p" : "0.19851",
      "s" : "buy",
      "i" : "MAGICUSD-PERP",
      "m" : "4611686018429760832"
    }, {
      "d" : "1756457964426238485",
      "t" : 1756457964426,
      "tn" : 1756457964426238485,
      "q" : "1",
      "p" : "0.19854",
      "s" : "buy",
      "i" : "MAGICUSD-PERP",
      "m" : "4611686018429760831"
    }, {
      "d" : "1756457964426236768",
      "t" : 1756457964426,
      "tn" : 1756457964426236768,
      "q" : "1",
      "p" : "0.19851",
      "s" : "buy",
      "i" : "MAGICUSD-PERP",
      "m" : "4611686018429760830"
    }, {
      "d" : "1756457960303577257",
      "t" : 1756457960303,
      "tn" : 1756457960303577257,
      "q" : "1",
      "p" : "0.19854",
      "s" : "buy",
      "i" : "MAGICUSD-PERP",
      "m" : "4611686018429760829"
    }, {
      "d" : "1756457960303201139",
      "t" : 1756457960303,
      "tn" : 1756457960303201139,
      "q" : "1",
      "p" : "0.19851",
      "s" : "buy",
      "i" : "MAGICUSD-PERP",
      "m" : "4611686018429760828"
    }, {
      "d" : "1756457956507122750",
      "t" : 1756457956507,
      "tn" : 1756457956507122750,
      "q" : "1",
      "p" : "0.19854",
      "s" : "buy",
      "i" : "MAGICUSD-PERP",
      "m" : "4611686018429760827"
    }, {
      "d" : "1756457956499583440",
      "t" : 1756457956499,
      "tn" : 1756457956499583440,
      "q" : "1",
      "p" : "0.19851",
      "s" : "buy",
      "i" : "MAGICUSD-PERP",
      "m" : "4611686018429760826"
    }, {
      "d" : "1756457954407338384",
      "t" : 1756457954407,
      "tn" : 1756457954407338384,
      "q" : "1",
      "p" : "0.19851",
      "s" : "buy",
      "i" : "MAGICUSD-PERP",
      "m" : "4611686018429760825"
    }, {
      "d" : "1756457954298569095",
      "t" : 1756457954298,
      "tn" : 1756457954298569095,
      "q" : "1",
      "p" : "0.19854",
      "s" : "buy",
      "i" : "MAGICUSD-PERP",
      "m" : "4611686018429760824"
    }, {
      "d" : "1756457954298150213",
      "t" : 1756457954298,
      "tn" : 1756457954298150213,
      "q" : "1",
      "p" : "0.19851",
      "s" : "buy",
      "i" : "MAGICUSD-PERP",
      "m" : "4611686018429760823"
    }, {
      "d" : "1756457952453769161",
      "t" : 1756457952453,
      "tn" : 1756457952453769161,
      "q" : "1",
      "p" : "0.19844",
      "s" : "buy",
      "i" : "MAGICUSD-PERP",
      "m" : "4611686018429760822"
    }, {
      "d" : "1756457952453767065",
      "t" : 1756457952453,
      "tn" : 1756457952453767065,
      "q" : "1",
      "p" : "0.19841",
      "s" : "buy",
      "i" : "MAGICUSD-PERP",
      "m" : "4611686018429760821"
    }, {
      "d" : "1756457932754551981",
      "t" : 1756457932754,
      "tn" : 1756457932754551981,
      "q" : "1",
      "p" : "0.19864",
      "s" : "buy",
      "i" : "MAGICUSD-PERP",
      "m" : "4611686018429760820"
    }, {
      "d" : "1756457932754098849",
      "t" : 1756457932754,
      "tn" : 1756457932754098849,
      "q" : "1",
      "p" : "0.19861",
      "s" : "buy",
      "i" : "MAGICUSD-PERP",
      "m" : "4611686018429760819"
    }, {
      "d" : "1756457928869307053",
      "t" : 1756457928869,
      "tn" : 1756457928869307053,
      "q" : "1",
      "p" : "0.19854",
      "s" : "buy",
      "i" : "MAGICUSD-PERP",
      "m" : "4611686018429760818"
    }, {
      "d" : "1756457928687188046",
      "t" : 1756457928687,
      "tn" : 1756457928687188046,
      "q" : "1",
      "p" : "0.19851",
      "s" : "buy",
      "i" : "MAGICUSD-PERP",
      "m" : "4611686018429760817"
    }, {
      "d" : "1756457927690806295",
      "t" : 1756457927690,
      "tn" : 1756457927690806295,
      "q" : "1",
      "p" : "0.19851",
      "s" : "buy",
      "i" : "MAGICUSD-PERP",
      "m" : "4611686018429760816"
    }, {
      "d" : "1756457927573315827",
      "t" : 1756457927573,
      "tn" : 1756457927573315827,
      "q" : "1",
      "p" : "0.19854",
      "s" : "buy",
      "i" : "MAGICUSD-PERP",
      "m" : "4611686018429760815"
    }, {
      "d" : "1756457927573312807",
      "t" : 1756457927573,
      "tn" : 1756457927573312807,
      "q" : "1",
      "p" : "0.19851",
      "s" : "buy",
      "i" : "MAGICUSD-PERP",
      "m" : "4611686018429760814"
    }, {
      "d" : "1756457916629430099",
      "t" : 1756457916629,
      "tn" : 1756457916629430099,
      "q" : "1",
      "p" : "0.19854",
      "s" : "buy",
      "i" : "MAGICUSD-PERP",
      "m" : "4611686018429760813"
    }, {
      "d" : "1756457916628151441",
      "t" : 1756457916628,
      "tn" : 1756457916628151441,
      "q" : "1",
      "p" : "0.19851",
      "s" : "buy",
      "i" : "MAGICUSD-PERP",
      "m" : "4611686018429760812"
    }, {
      "d" : "1756457907756666188",
      "t" : 1756457907756,
      "tn" : 1756457907756666188,
      "q" : "1",
      "p" : "0.19851",
      "s" : "buy",
      "i" : "MAGICUSD-PERP",
      "m" : "4611686018429760811"
    }, {
      "d" : "1756457896338358398",
      "t" : 1756457896338,
      "tn" : 1756457896338358398,
      "q" : "1",
      "p" : "0.19864",
      "s" : "buy",
      "i" : "MAGICUSD-PERP",
      "m" : "4611686018429760810"
    }, {
      "d" : "1756457896337804429",
      "t" : 1756457896337,
      "tn" : 1756457896337804429,
      "q" : "1",
      "p" : "0.19861",
      "s" : "buy",
      "i" : "MAGICUSD-PERP",
      "m" : "4611686018429760809"
    }, {
      "d" : "1756457896094217000",
      "t" : 1756457896094,
      "tn" : 1756457896094217000,
      "q" : "1",
      "p" : "0.19864",
      "s" : "buy",
      "i" : "MAGICUSD-PERP",
      "m" : "4611686018429760808"
    }, {
      "d" : "1756457896093695278",
      "t" : 1756457896093,
      "tn" : 1756457896093695278,
      "q" : "1",
      "p" : "0.19861",
      "s" : "buy",
      "i" : "MAGICUSD-PERP",
      "m" : "4611686018429760807"
    }, {
      "d" : "1756457894866035549",
      "t" : 1756457894866,
      "tn" : 1756457894866035549,
      "q" : "1",
      "p" : "0.19851",
      "s" : "buy",
      "i" : "MAGICUSD-PERP",
      "m" : "4611686018429760806"
    }, {
      "d" : "1756457894757949218",
      "t" : 1756457894757,
      "tn" : 1756457894757949218,
      "q" : "1",
      "p" : "0.19854",
      "s" : "buy",
      "i" : "MAGICUSD-PERP",
      "m" : "4611686018429760805"
    }, {
      "d" : "1756457894757526028",
      "t" : 1756457894757,
      "tn" : 1756457894757526028,
      "q" : "1",
      "p" : "0.19851",
      "s" : "buy",
      "i" : "MAGICUSD-PERP",
      "m" : "4611686018429760804"
    }, {
      "d" : "1756457884538064885",
      "t" : 1756457884538,
      "tn" : 1756457884538064885,
      "q" : "1",
      "p" : "0.19871",
      "s" : "buy",
      "i" : "MAGICUSD-PERP",
      "m" : "4611686018429760803"
    }, {
      "d" : "1756457884428642112",
      "t" : 1756457884428,
      "tn" : 1756457884428642112,
      "q" : "1",
      "p" : "0.19871",
      "s" : "buy",
      "i" : "MAGICUSD-PERP",
      "m" : "4611686018429760802"
    }, {
      "d" : "1756457880853222986",
      "t" : 1756457880853,
      "tn" : 1756457880853222986,
      "q" : "1",
      "p" : "0.19854",
      "s" : "buy",
      "i" : "MAGICUSD-PERP",
      "m" : "4611686018429760801"
    }, {
      "d" : "1756457880852640682",
      "t" : 1756457880852,
      "tn" : 1756457880852640682,
      "q" : "1",
      "p" : "0.19851",
      "s" : "buy",
      "i" : "MAGICUSD-PERP",
      "m" : "4611686018429760800"
    }, {
      "d" : "1756457878361435055",
      "t" : 1756457878361,
      "tn" : 1756457878361435055,
      "q" : "1",
      "p" : "0.19840",
      "s" : "buy",
      "i" : "MAGICUSD-PERP",
      "m" : "4611686018429760799"
    }, {
      "d" : "1756457873703650731",
      "t" : 1756457873703,
      "tn" : 1756457873703650731,
      "q" : "1",
      "p" : "0.19834",
      "s" : "buy",
      "i" : "MAGICUSD-PERP",
      "m" : "4611686018429760798"
    }, {
      "d" : "1756457873703064647",
      "t" : 1756457873703,
      "tn" : 1756457873703064647,
      "q" : "1",
      "p" : "0.19830",
      "s" : "buy",
      "i" : "MAGICUSD-PERP",
      "m" : "4611686018429760797"
    }, {
      "d" : "1756457869680236349",
      "t" : 1756457869680,
      "tn" : 1756457869680236349,
      "q" : "1",
      "p" : "0.19824",
      "s" : "buy",
      "i" : "MAGICUSD-PERP",
      "m" : "4611686018429760796"
    }, {
      "d" : "1756457869679811402",
      "t" : 1756457869679,
      "tn" : 1756457869679811402,
      "q" : "1",
      "p" : "0.19820",
      "s" : "buy",
      "i" : "MAGICUSD-PERP",
      "m" : "4611686018429760795"
    }, {
      "d" : "1756457848256794140",
      "t" : 1756457848256,
      "tn" : 1756457848256794140,
      "q" : "1",
      "p" : "0.19824",
      "s" : "buy",
      "i" : "MAGICUSD-PERP",
      "m" : "4611686018429760794"
    }, {
      "d" : "1756457848256189466",
      "t" : 1756457848256,
      "tn" : 1756457848256189466,
      "q" : "1",
      "p" : "0.19820",
      "s" : "buy",
      "i" : "MAGICUSD-PERP",
      "m" : "4611686018429760793"
    }, {
      "d" : "1756457845047525262",
      "t" : 1756457845047,
      "tn" : 1756457845047525262,
      "q" : "1",
      "p" : "0.19840",
      "s" : "buy",
      "i" : "MAGICUSD-PERP",
      "m" : "4611686018429760792"
    }, {
      "d" : "1756457841909393653",
      "t" : 1756457841909,
      "tn" : 1756457841909393653,
      "q" : "1",
      "p" : "0.19844",
      "s" : "buy",
      "i" : "MAGICUSD-PERP",
      "m" : "4611686018429760791"
    }, {
      "d" : "1756457841811452038",
      "t" : 1756457841811,
      "tn" : 1756457841811452038,
      "q" : "1",
      "p" : "0.19840",
      "s" : "buy",
      "i" : "MAGICUSD-PERP",
      "m" : "4611686018429760790"
    }, {
      "d" : "1756457840638249139",
      "t" : 1756457840638,
      "tn" : 1756457840638249139,
      "q" : "1",
      "p" : "0.19844",
      "s" : "buy",
      "i" : "MAGICUSD-PERP",
      "m" : "4611686018429760789"
    }, {
      "d" : "1756457840637848444",
      "t" : 1756457840637,
      "tn" : 1756457840637848444,
      "q" : "1",
      "p" : "0.19840",
      "s" : "buy",
      "i" : "MAGICUSD-PERP",
      "m" : "4611686018429760788"
    }, {
      "d" : "1756457837144706254",
      "t" : 1756457837144,
      "tn" : 1756457837144706254,
      "q" : "1",
      "p" : "0.19844",
      "s" : "buy",
      "i" : "MAGICUSD-PERP",
      "m" : "4611686018429760787"
    }, {
      "d" : "1756457837143796406",
      "t" : 1756457837143,
      "tn" : 1756457837143796406,
      "q" : "1",
      "p" : "0.19840",
      "s" : "buy",
      "i" : "MAGICUSD-PERP",
      "m" : "4611686018429760786"
    }, {
      "d" : "1756457831407766935",
      "t" : 1756457831407,
      "tn" : 1756457831407766935,
      "q" : "1",
      "p" : "0.19844",
      "s" : "buy",
      "i" : "MAGICUSD-PERP",
      "m" : "4611686018429760785"
    }, {
      "d" : "1756457831407332059",
      "t" : 1756457831407,
      "tn" : 1756457831407332059,
      "q" : "1",
      "p" : "0.19840",
      "s" : "buy",
      "i" : "MAGICUSD-PERP",
      "m" : "4611686018429760784"
    }, {
      "d" : "1756457820010963381",
      "t" : 1756457820010,
      "tn" : 1756457820010963381,
      "q" : "1",
      "p" : "0.19850",
      "s" : "buy",
      "i" : "MAGICUSD-PERP",
      "m" : "4611686018429760783"
    }, {
      "d" : "1756457812422628188",
      "t" : 1756457812422,
      "tn" : 1756457812422628188,
      "q" : "1",
      "p" : "0.19854",
      "s" : "buy",
      "i" : "MAGICUSD-PERP",
      "m" : "4611686018429760782"
    }, {
      "d" : "1756457812422155675",
      "t" : 1756457812422,
      "tn" : 1756457812422155675,
      "q" : "1",
      "p" : "0.19850",
      "s" : "buy",
      "i" : "MAGICUSD-PERP",
      "m" : "4611686018429760781"
    }, {
      "d" : "1756457797788331894",
      "t" : 1756457797788,
      "tn" : 1756457797788331894,
      "q" : "1",
      "p" : "0.19850",
      "s" : "buy",
      "i" : "MAGICUSD-PERP",
      "m" : "4611686018429760780"
    }, {
      "d" : "1756457788647410702",
      "t" : 1756457788647,
      "tn" : 1756457788647410702,
      "q" : "1",
      "p" : "0.19860",
      "s" : "buy",
      "i" : "MAGICUSD-PERP",
      "m" : "4611686018429760779"
    }, {
      "d" : "1756457782707969328",
      "t" : 1756457782707,
      "tn" : 1756457782707969328,
      "q" : "1",
      "p" : "0.19864",
      "s" : "buy",
      "i" : "MAGICUSD-PERP",
      "m" : "4611686018429760778"
    }, {
      "d" : "1756457782557127440",
      "t" : 1756457782557,
      "tn" : 1756457782557127440,
      "q" : "1",
      "p" : "0.19860",
      "s" : "buy",
      "i" : "MAGICUSD-PERP",
      "m" : "4611686018429760777"
    }, {
      "d" : "1756457782244373845",
      "t" : 1756457782244,
      "tn" : 1756457782244373845,
      "q" : "1",
      "p" : "0.19860",
      "s" : "buy",
      "i" : "MAGICUSD-PERP",
      "m" : "4611686018429760776"
    }, {
      "d" : "1756457781441219414",
      "t" : 1756457781441,
      "tn" : 1756457781441219414,
      "q" : "1",
      "p" : "0.19860",
      "s" : "buy",
      "i" : "MAGICUSD-PERP",
      "m" : "4611686018429760775"
    }, {
      "d" : "1756457778911000557",
      "t" : 1756457778911,
      "tn" : 1756457778911000557,
      "q" : "1",
      "p" : "0.19854",
      "s" : "buy",
      "i" : "MAGICUSD-PERP",
      "m" : "4611686018429760774"
    }, {
      "d" : "1756457778903987048",
      "t" : 1756457778903,
      "tn" : 1756457778903987048,
      "q" : "1",
      "p" : "0.19850",
      "s" : "buy",
      "i" : "MAGICUSD-PERP",
      "m" : "4611686018429760773"
    }, {
      "d" : "1756457767511575863",
      "t" : 1756457767511,
      "tn" : 1756457767511575863,
      "q" : "1",
      "p" : "0.19854",
      "s" : "buy",
      "i" : "MAGICUSD-PERP",
      "m" : "4611686018429760772"
    }, {
      "d" : "1756457767509899661",
      "t" : 1756457767509,
      "tn" : 1756457767509899661,
      "q" : "1",
      "p" : "0.19850",
      "s" : "buy",
      "i" : "MAGICUSD-PERP",
      "m" : "4611686018429760771"
    }, {
      "d" : "1756457763200294588",
      "t" : 1756457763200,
      "tn" : 1756457763200294588,
      "q" : "1",
      "p" : "0.19844",
      "s" : "buy",
      "i" : "MAGICUSD-PERP",
      "m" : "4611686018429760770"
    }, {
      "d" : "1756457763199886730",
      "t" : 1756457763199,
      "tn" : 1756457763199886730,
      "q" : "1",
      "p" : "0.19840",
      "s" : "buy",
      "i" : "MAGICUSD-PERP",
      "m" : "4611686018429760769"
    }, {
      "d" : "1756457760552019175",
      "t" : 1756457760552,
      "tn" : 1756457760552019175,
      "q" : "1",
      "p" : "0.19844",
      "s" : "buy",
      "i" : "MAGICUSD-PERP",
      "m" : "4611686018429760768"
    }, {
      "d" : "1756457760551773374",
      "t" : 1756457760551,
      "tn" : 1756457760551773374,
      "q" : "1",
      "p" : "0.19839",
      "s" : "buy",
      "i" : "MAGICUSD-PERP",
      "m" : "4611686018429760767"
    }, {
      "d" : "1756457760154130635",
      "t" : 1756457760154,
      "tn" : 1756457760154130635,
      "q" : "1",
      "p" : "0.19844",
      "s" : "buy",
      "i" : "MAGICUSD-PERP",
      "m" : "4611686018429760766"
    }, {
      "d" : "1756457760153541813",
      "t" : 1756457760153,
      "tn" : 1756457760153541813,
      "q" : "1",
      "p" : "0.19839",
      "s" : "buy",
      "i" : "MAGICUSD-PERP",
      "m" : "4611686018429760765"
    }, {
      "d" : "1756457708602402714",
      "t" : 1756457708602,
      "tn" : 1756457708602402714,
      "q" : "1",
      "p" : "0.19874",
      "s" : "buy",
      "i" : "MAGICUSD-PERP",
      "m" : "4611686018429760764"
    }, {
      "d" : "1756457708578616580",
      "t" : 1756457708578,
      "tn" : 1756457708578616580,
      "q" : "1",
      "p" : "0.19869",
      "s" : "buy",
      "i" : "MAGICUSD-PERP",
      "m" : "4611686018429760763"
    }, {
      "d" : "1756457708461711087",
      "t" : 1756457708461,
      "tn" : 1756457708461711087,
      "q" : "1",
      "p" : "0.19869",
      "s" : "buy",
      "i" : "MAGICUSD-PERP",
      "m" : "4611686018429760762"
    }, {
      "d" : "1756457701520126871",
      "t" : 1756457701520,
      "tn" : 1756457701520126871,
      "q" : "1",
      "p" : "0.19879",
      "s" : "buy",
      "i" : "MAGICUSD-PERP",
      "m" : "4611686018429760761"
    }, {
      "d" : "1756457701400962391",
      "t" : 1756457701400,
      "tn" : 1756457701400962391,
      "q" : "1",
      "p" : "0.19874",
      "s" : "buy",
      "i" : "MAGICUSD-PERP",
      "m" : "4611686018429760760"
    }, {
      "d" : "1756457701400539662",
      "t" : 1756457701400,
      "tn" : 1756457701400539662,
      "q" : "1",
      "p" : "0.19869",
      "s" : "buy",
      "i" : "MAGICUSD-PERP",
      "m" : "4611686018429760759"
    }, {
      "d" : "1756457700039437430",
      "t" : 1756457700039,
      "tn" : 1756457700039437430,
      "q" : "587",
      "p" : "0.19868",
      "s" : "buy",
      "i" : "MAGICUSD-PERP",
      "m" : "4611686018429760758"
    }, {
      "d" : "1756456974870533553",
      "t" : 1756456974870,
      "tn" : 1756456974870533553,
      "q" : "964",
      "p" : "0.19924",
      "s" : "buy",
      "i" : "MAGICUSD-PERP",
      "m" : "4611686018429760757"
    }, {
      "d" : "1756456673716718350",
      "t" : 1756456673716,
      "tn" : 1756456673716718350,
      "q" : "580",
      "p" : "0.19910",
      "s" : "buy",
      "i" : "MAGICUSD-PERP",
      "m" : "4611686018429760756"
    }, {
      "d" : "1756456673712234851",
      "t" : 1756456673712,
      "tn" : 1756456673712234851,
      "q" : "1",
      "p" : "0.19904",
      "s" : "buy",
      "i" : "MAGICUSD-PERP",
      "m" : "4611686018429760755"
    }, {
      "d" : "1756456673711774869",
      "t" : 1756456673711,
      "tn" : 1756456673711774869,
      "q" : "1",
      "p" : "0.19899",
      "s" : "buy",
      "i" : "MAGICUSD-PERP",
      "m" : "4611686018429760754"
    }, {
      "d" : "1756456664634159880",
      "t" : 1756456664634,
      "tn" : 1756456664634159880,
      "q" : "1",
      "p" : "0.19889",
      "s" : "buy",
      "i" : "MAGICUSD-PERP",
      "m" : "4611686018429760753"
    }, {
      "d" : "1756456659129740513",
      "t" : 1756456659129,
      "tn" : 1756456659129740513,
      "q" : "1",
      "p" : "0.19914",
      "s" : "buy",
      "i" : "MAGICUSD-PERP",
      "m" : "4611686018429760752"
    }, {
      "d" : "1756456659126926613",
      "t" : 1756456659126,
      "tn" : 1756456659126926613,
      "q" : "1",
      "p" : "0.19909",
      "s" : "buy",
      "i" : "MAGICUSD-PERP",
      "m" : "4611686018429760751"
    }, {
      "d" : "1756456626309529880",
      "t" : 1756456626309,
      "tn" : 1756456626309529880,
      "q" : "1",
      "p" : "0.19904",
      "s" : "buy",
      "i" : "MAGICUSD-PERP",
      "m" : "4611686018429760750"
    }, {
      "d" : "1756456626307269863",
      "t" : 1756456626307,
      "tn" : 1756456626307269863,
      "q" : "1",
      "p" : "0.19899",
      "s" : "buy",
      "i" : "MAGICUSD-PERP",
      "m" : "4611686018429760749"
    }, {
      "d" : "1756456566397060194",
      "t" : 1756456566397,
      "tn" : 1756456566397060194,
      "q" : "587",
      "p" : "0.19878",
      "s" : "buy",
      "i" : "MAGICUSD-PERP",
      "m" : "4611686018429760748"
    }, {
      "d" : "1756455635165438148",
      "t" : 1756455635165,
      "tn" : 1756455635165438148,
      "q" : "2033",
      "p" : "0.19942",
      "s" : "buy",
      "i" : "MAGICUSD-PERP",
      "m" : "4611686018429760747"
    }, {
      "d" : "1756455635147549904",
      "t" : 1756455635147,
      "tn" : 1756455635147549904,
      "q" : "1",
      "p" : "0.19938",
      "s" : "buy",
      "i" : "MAGICUSD-PERP",
      "m" : "4611686018429760746"
    }, {
      "d" : "1756455634806230733",
      "t" : 1756455634806,
      "tn" : 1756455634806230733,
      "q" : "1",
      "p" : "0.19929",
      "s" : "buy",
      "i" : "MAGICUSD-PERP",
      "m" : "4611686018429760745"
    }, {
      "d" : "1756455634730718495",
      "t" : 1756455634730,
      "tn" : 1756455634730718495,
      "q" : "1",
      "p" : "0.19926",
      "s" : "buy",
      "i" : "MAGICUSD-PERP",
      "m" : "4611686018429760744"
    }, {
      "d" : "1756455634402977452",
      "t" : 1756455634402,
      "tn" : 1756455634402977452,
      "q" : "1",
      "p" : "0.19924",
      "s" : "buy",
      "i" : "MAGICUSD-PERP",
      "m" : "4611686018429760743"
    }, {
      "d" : "1756455634167714307",
      "t" : 1756455634167,
      "tn" : 1756455634167714307,
      "q" : "1",
      "p" : "0.19919",
      "s" : "buy",
      "i" : "MAGICUSD-PERP",
      "m" : "4611686018429760742"
    }, {
      "d" : "1756455633764210038",
      "t" : 1756455633764,
      "tn" : 1756455633764210038,
      "q" : "1",
      "p" : "0.19909",
      "s" : "buy",
      "i" : "MAGICUSD-PERP",
      "m" : "4611686018429760741"
    }, {
      "d" : "1756455632244330537",
      "t" : 1756455632244,
      "tn" : 1756455632244330537,
      "q" : "1",
      "p" : "0.19919",
      "s" : "buy",
      "i" : "MAGICUSD-PERP",
      "m" : "4611686018429760740"
    }, {
      "d" : "1756455632051212514",
      "t" : 1756455632051,
      "tn" : 1756455632051212514,
      "q" : "1",
      "p" : "0.19909",
      "s" : "buy",
      "i" : "MAGICUSD-PERP",
      "m" : "4611686018429760739"
    }, {
      "d" : "1756455629446561756",
      "t" : 1756455629446,
      "tn" : 1756455629446561756,
      "q" : "1",
      "p" : "0.19918",
      "s" : "buy",
      "i" : "MAGICUSD-PERP",
      "m" : "4611686018429760738"
    }, {
      "d" : "1756455629446035581",
      "t" : 1756455629446,
      "tn" : 1756455629446035581,
      "q" : "1",
      "p" : "0.19909",
      "s" : "buy",
      "i" : "MAGICUSD-PERP",
      "m" : "4611686018429760737"
    }, {
      "d" : "1756455621949232272",
      "t" : 1756455621949,
      "tn" : 1756455621949232272,
      "q" : "1",
      "p" : "0.19944",
      "s" : "buy",
      "i" : "MAGICUSD-PERP",
      "m" : "4611686018429760736"
    }, {
      "d" : "1756455621948807361",
      "t" : 1756455621948,
      "tn" : 1756455621948807361,
      "q" : "1",
      "p" : "0.19939",
      "s" : "buy",
      "i" : "MAGICUSD-PERP",
      "m" : "4611686018429760735"
    }, {
      "d" : "1756455594709137318",
      "t" : 1756455594709,
      "tn" : 1756455594709137318,
      "q" : "1",
      "p" : "0.19959",
      "s" : "buy",
      "i" : "MAGICUSD-PERP",
      "m" : "4611686018429760734"
    }, {
      "d" : "1756455593158858443",
      "t" : 1756455593158,
      "tn" : 1756455593158858443,
      "q" : "1",
      "p" : "0.19954",
      "s" : "buy",
      "i" : "MAGICUSD-PERP",
      "m" : "4611686018429760733"
    }, {
      "d" : "1756455593104522028",
      "t" : 1756455593104,
      "tn" : 1756455593104522028,
      "q" : "1",
      "p" : "0.19949",
      "s" : "buy",
      "i" : "MAGICUSD-PERP",
      "m" : "4611686018429760732"
    }, {
      "d" : "1756455587723524103",
      "t" : 1756455587723,
      "tn" : 1756455587723524103,
      "q" : "1",
      "p" : "0.19949",
      "s" : "buy",
      "i" : "MAGICUSD-PERP",
      "m" : "4611686018429760731"
    }, {
      "d" : "1756455586220234261",
      "t" : 1756455586220,
      "tn" : 1756455586220234261,
      "q" : "1",
      "p" : "0.19949",
      "s" : "buy",
      "i" : "MAGICUSD-PERP",
      "m" : "4611686018429760730"
    }, {
      "d" : "1756455586106500296",
      "t" : 1756455586106,
      "tn" : 1756455586106500296,
      "q" : "1",
      "p" : "0.19948",
      "s" : "buy",
      "i" : "MAGICUSD-PERP",
      "m" : "4611686018429760729"
    }, {
      "d" : "1756455582877584489",
      "t" : 1756455582877,
      "tn" : 1756455582877584489,
      "q" : "1",
      "p" : "0.19944",
      "s" : "buy",
      "i" : "MAGICUSD-PERP",
      "m" : "4611686018429760728"
    }, {
      "d" : "1756455582877115029",
      "t" : 1756455582877,
      "tn" : 1756455582877115029,
      "q" : "1",
      "p" : "0.19938",
      "s" : "buy",
      "i" : "MAGICUSD-PERP",
      "m" : "4611686018429760727"
    }, {
      "d" : "1756455576862213885",
      "t" : 1756455576862,
      "tn" : 1756455576862213885,
      "q" : "1",
      "p" : "0.19938",
      "s" : "buy",
      "i" : "MAGICUSD-PERP",
      "m" : "4611686018429760726"
    }, {
      "d" : "1756455576409928153",
      "t" : 1756455576409,
      "tn" : 1756455576409928153,
      "q" : "1",
      "p" : "0.19938",
      "s" : "buy",
      "i" : "MAGICUSD-PERP",
      "m" : "4611686018429760725"
    }, {
      "d" : "1756455561945494481",
      "t" : 1756455561945,
      "tn" : 1756455561945494481,
      "q" : "1",
      "p" : "0.19938",
      "s" : "buy",
      "i" : "MAGICUSD-PERP",
      "m" : "4611686018429760724"
    }, {
      "d" : "1756455559743117966",
      "t" : 1756455559743,
      "tn" : 1756455559743117966,
      "q" : "1",
      "p" : "0.19944",
      "s" : "buy",
      "i" : "MAGICUSD-PERP",
      "m" : "4611686018429760723"
    }, {
      "d" : "1756455559743113584",
      "t" : 1756455559743,
      "tn" : 1756455559743113584,
      "q" : "1",
      "p" : "0.19938",
      "s" : "buy",
      "i" : "MAGICUSD-PERP",
      "m" : "4611686018429760722"
    }, {
      "d" : "1756455549707924967",
      "t" : 1756455549707,
      "tn" : 1756455549707924967,
      "q" : "1",
      "p" : "0.19938",
      "s" : "buy",
      "i" : "MAGICUSD-PERP",
      "m" : "4611686018429760721"
    }, {
      "d" : "1756455544905428456",
      "t" : 1756455544905,
      "tn" : 1756455544905428456,
      "q" : "1",
      "p" : "0.19938",
      "s" : "buy",
      "i" : "MAGICUSD-PERP",
      "m" : "4611686018429760720"
    }, {
      "d" : "1756455544039588290",
      "t" : 1756455544039,
      "tn" : 1756455544039588290,
      "q" : "1",
      "p" : "0.19938",
      "s" : "buy",
      "i" : "MAGICUSD-PERP",
      "m" : "4611686018429760719"
    }, {
      "d" : "1756455542608259470",
      "t" : 1756455542608,
      "tn" : 1756455542608259470,
      "q" : "1",
      "p" : "0.19938",
      "s" : "buy",
      "i" : "MAGICUSD-PERP",
      "m" : "4611686018429760718"
    }, {
      "d" : "1756455541717869415",
      "t" : 1756455541717,
      "tn" : 1756455541717869415,
      "q" : "1",
      "p" : "0.19938",
      "s" : "buy",
      "i" : "MAGICUSD-PERP",
      "m" : "4611686018429760717"
    }, {
      "d" : "1756455541251113805",
      "t" : 1756455541251,
      "tn" : 1756455541251113805,
      "q" : "1",
      "p" : "0.19944",
      "s" : "buy",
      "i" : "MAGICUSD-PERP",
      "m" : "4611686018429760716"
    }, {
      "d" : "1756455540662784883",
      "t" : 1756455540662,
      "tn" : 1756455540662784883,
      "q" : "1",
      "p" : "0.19938",
      "s" : "buy",
      "i" : "MAGICUSD-PERP",
      "m" : "4611686018429760715"
    } ]
  }
}