{
  "id" : -1,
  "method" : "public/get-trades",
  "code" : 0,
  "result" : {
    "data" : [ {
      "d" : "1756460773801869181",
      "t" : 1756460773801,
      "tn" : 1756460773801869181,
      "q" : "618.7",
      "p" : "0.19884",
      "s" : "buy",
      "i" : "MAGIC_USD",
      "m" : "4611686018429915973"
    }, {
      "d" : "1756458244243314397",
      "t" : 1756458244243,
      "tn" : 1756458244243314397,
      "q" : "1135.9",
      "p" : "0.19736",
      "s" : "buy",
      "i" : "MAGIC_USD",
      "m" : "4611686018429915972"
    }, {
      "d" : "1756458209135169350",
      "t" : 1756458209135,
      "tn" : 1756458209135169350,
      "q" : "93.9",
      "p" : "0.19722",
      "s" : "buy",
      "i" : "MAGIC_USD",
      "m" : "4611686018429915971"
    }, {
      "d" : "1756458209135167681",
      "t" : 1756458209135,
      "tn" : 1756458209135167681,
      "q" : "602.5",
      "p" : "0.19721",
      "s" : "buy",
      "i" : "MAGIC_USD",
      "m" : "4611686018429915970"
    }, {
      "d" : "1756455824187188223",
      "t" : 1756455824187,
      "tn" : 1756455824187188223,
      "q" : "45.1",
      "p" : "0.19880",
      "s" : "sell",
      "i" : "MAGIC_USD",
      "m" : "4611686018429915969"
    }, {
      "d" : "1756454765992751660",
      "t" : 1756454765992,
      "tn" : 1756454765992751660,
      "q" : "938.4",
      "p" : "0.19980",
      "s" : "buy",
      "i" : "MAGIC_USD",
      "m" : "4611686018429915968"
    }, {
      "d" : "1756454717924071283",
      "t" : 1756454717924,
      "tn" : 1756454717924071283,
      "q" : "23.2",
      "p" : "0.19939",
      "s" : "sell",
      "i" : "MAGIC_USD",
      "m" : "4611686018429915967"
    }, {
      "d" : "1756454717766740009",
      "t" : 1756454717766,
      "tn" : 1756454717766740009,
      "q" : "1006.0",
      "p" : "0.19939",
      "s" : "sell",
      "i" : "MAGIC_USD",
      "m" : "4611686018429915966"
    }, {
      "d" : "1756454716656248784",
      "t" : 1756454716656,
      "tn" : 1756454716656248784,
      "q" : "247.8",
      "p" : "0.19939",
      "s" : "sell",
      "i" : "MAGIC_USD",
      "m" : "4611686018429915965"
    }, {
      "d" : "1756454716656247297",
      "t" : 1756454716656,
      "tn" : 1756454716656247297,
      "q" : "752.2",
      "p" : "0.19940",
      "s" : "sell",
      "i" : "MAGIC_USD",
      "m" : "4611686018429915964"
    }, {
      "d" : "1756454716644969297",
      "t" : 1756454716644,
      "tn" : 1756454716644969297,
      "q" : "157.4",
      "p" : "0.19994",
      "s" : "sell",
      "i" : "MAGIC_USD",
      "m" : "4611686018429915963"
    }, {
      "d" : "1756454716644429885",
      "t" : 1756454716644,
      "tn" : 1756454716644429885,
      "q" : "750.2",
      "p" : "0.19994",
      "s" : "sell",
      "i" : "MAGIC_USD",
      "m" : "4611686018429915962"
    }, {
      "d" : "1756454716631241175",
      "t" : 1756454716631,
      "tn" : 1756454716631241173,
      "q" : "30.0",
      "p" : "0.20000",
      "s" : "sell",
      "i" : "MAGIC_USD",
      "m" : "4611686018429915961"
    }, {
      "d" : "1756454716631241174",
      "t" : 1756454716631,
      "tn" : 1756454716631241173,
      "q" : "50.0",
      "p" : "0.20000",
      "s" : "sell",
      "i" : "MAGIC_USD",
      "m" : "4611686018429915961"
    }, {
      "d" : "1756454716631241173",
      "t" : 1756454716631,
      "tn" : 1756454716631241173,
      "q" : "1000.0",
      "p" : "0.20000",
      "s" : "sell",
      "i" : "MAGIC_USD",
      "m" : "4611686018429915961"
    }, {
      "d" : "1756454716631236516",
      "t" : 1756454716631,
      "tn" : 1756454716631236516,
      "q" : "618.6",
      "p" : "0.20001",
      "s" : "sell",
      "i" : "MAGIC_USD",
      "m" : "4611686018429915960"
    }, {
      "d" : "1756453220602366596",
      "t" : 1756453220602,
      "tn" : 1756453220602366596,
      "q" : "618.6",
      "p" : "0.20165",
      "s" : "sell",
      "i" : "MAGIC_USD",
      "m" : "4611686018429915959"
    }, {
      "d" : "1756453220560677833",
      "t" : 1756453220560,
      "tn" : 1756453220560677833,
      "q" : "993.0",
      "p" : "0.20165",
      "s" : "sell",
      "i" : "MAGIC_USD",
      "m" : "4611686018429915958"
    }, {
      "d" : "1756453220518426288",
      "t" : 1756453220518,
      "tn" : 1756453220518426288,
      "q" : "993.5",
      "p" : "0.20165",
      "s" : "sell",
      "i" : "MAGIC_USD",
      "m" : "4611686018429915957"
    }, {
      "d" : "1756453220517804091",
      "t" : 1756453220517,
      "tn" : 1756453220517804091,
      "q" : "1935.6",
      "p" : "0.20165",
      "s" : "sell",
      "i" : "MAGIC_USD",
      "m" : "4611686018429915956"
    }, {
      "d" : "1756453220517025397",
      "t" : 1756453220517,
      "tn" : 1756453220517025397,
      "q" : "992.5",
      "p" : "0.20165",
      "s" : "sell",
      "i" : "MAGIC_USD",
      "m" : "4611686018429915955"
    }, {
      "d" : "1756453220514293082",
      "t" : 1756453220514,
      "tn" : 1756453220514293082,
      "q" : "618.6",
      "p" : "0.20172",
      "s" : "sell",
      "i" : "MAGIC_USD",
      "m" : "4611686018429915954"
    }, {
      "d" : "1756453220514290668",
      "t" : 1756453220514,
      "tn" : 1756453220514290668,
      "q" : "743.5",
      "p" : "0.20173",
      "s" : "sell",
      "i" : "MAGIC_USD",
      "m" : "4611686018429915953"
    }, {
      "d" : "1756452650632780647",
      "t" : 1756452650632,
      "tn" : 1756452650632780647,
      "q" : "4086.1",
      "p" : "0.20200",
      "s" : "sell",
      "i" : "MAGIC_USD",
      "m" : "4611686018429915952"
    }, {
      "d" : "1756452343933220797",
      "t" : 1756452343933,
      "tn" : 1756452343933220797,
      "q" : "1231.9",
      "p" : "0.20245",
      "s" : "sell",
      "i" : "MAGIC_USD",
      "m" : "4611686018429915951"
    }, {
      "d" : "1756452343923410358",
      "t" : 1756452343923,
      "tn" : 1756452343923410358,
      "q" : "990.0",
      "p" : "0.20245",
      "s" : "sell",
      "i" : "MAGIC_USD",
      "m" : "4611686018429915950"
    }, {
      "d" : "1756452339479535295",
      "t" : 1756452339479,
      "tn" : 1756452339479535295,
      "q" : "993.0",
      "p" : "0.20245",
      "s" : "sell",
      "i" : "MAGIC_USD",
      "m" : "4611686018429915949"
    }, {
      "d" : "1756452334596623227",
      "t" : 1756452334596,
      "tn" : 1756452334596623227,
      "q" : "990.0",
      "p" : "0.20245",
      "s" : "sell",
      "i" : "MAGIC_USD",
      "m" : "4611686018429915948"
    }, {
      "d" : "1756451267945260840",
      "t" : 1756451267945,
      "tn" : 1756451267945260840,
      "q" : "453.2",
      "p" : "0.20468",
      "s" : "buy",
      "i" : "MAGIC_USD",
      "m" : "4611686018429915947"
    }, {
      "d" : "1756451256472392348",
      "t" : 1756451256472,
      "tn" : 1756451256472392348,
      "q" : "900.3",
      "p" : "0.20478",
      "s" : "buy",
      "i" : "MAGIC_USD",
      "m" : "4611686018429915946"
    }, {
      "d" : "1756451256472389905",
      "t" : 1756451256472,
      "tn" : 1756451256472389905,
      "q" : "618.6",
      "p" : "0.20455",
      "s" : "buy",
      "i" : "MAGIC_USD",
      "m" : "4611686018429915945"
    }, {
      "d" : "1756451256472386368",
      "t" : 1756451256472,
      "tn" : 1756451256472386368,
      "q" : "285.0",
      "p" : "0.20454",
      "s" : "buy",
      "i" : "MAGIC_USD",
      "m" : "4611686018429915944"
    }, {
      "d" : "1756451207824719865",
      "t" : 1756451207824,
      "tn" : 1756451207824719865,
      "q" : "192.0",
      "p" : "0.20429",
      "s" : "sell",
      "i" : "MAGIC_USD",
      "m" : "4611686018429915943"
    }, {
      "d" : "1756449608122500742",
      "t" : 1756449608122,
      "tn" : 1756449608122500742,
      "q" : "87.3",
      "p" : "0.20444",
      "s" : "sell",
      "i" : "MAGIC_USD",
      "m" : "4611686018429915942"
    }, {
      "d" : "1756449608122499824",
      "t" : 1756449608122,
      "tn" : 1756449608122499824,
      "q" : "71.5",
      "p" : "0.20445",
      "s" : "sell",
      "i" : "MAGIC_USD",
      "m" : "4611686018429915941"
    }, {
      "d" : "1756449607496230888",
      "t" : 1756449607496,
      "tn" : 1756449607496230888,
      "q" : "30.0",
      "p" : "0.20500",
      "s" : "sell",
      "i" : "MAGIC_USD",
      "m" : "4611686018429915940"
    }, {
      "d" : "1756449607016531018",
      "t" : 1756449607016,
      "tn" : 1756449607016531018,
      "q" : "487.0",
      "p" : "0.20563",
      "s" : "sell",
      "i" : "MAGIC_USD",
      "m" : "4611686018429915939"
    }, {
      "d" : "1756449606958012075",
      "t" : 1756449606958,
      "tn" : 1756449606958012075,
      "q" : "8286.8",
      "p" : "0.20613",
      "s" : "sell",
      "i" : "MAGIC_USD",
      "m" : "4611686018429915938"
    }, {
      "d" : "1756449606957676591",
      "t" : 1756449606957,
      "tn" : 1756449606957676591,
      "q" : "1752.2",
      "p" : "0.20613",
      "s" : "sell",
      "i" : "MAGIC_USD",
      "m" : "4611686018429915937"
    }, {
      "d" : "1756449606750061579",
      "t" : 1756449606750,
      "tn" : 1756449606750061579,
      "q" : "2676.9",
      "p" : "0.20613",
      "s" : "sell",
      "i" : "MAGIC_USD",
      "m" : "4611686018429915936"
    }, {
      "d" : "1756449606735135657",
      "t" : 1756449606735,
      "tn" : 1756449606735135657,
      "q" : "972.0",
      "p" : "0.20613",
      "s" : "sell",
      "i" : "MAGIC_USD",
      "m" : "4611686018429915935"
    }, {
      "d" : "1756449603403869136",
      "t" : 1756449603403,
      "tn" : 1756449603403869136,
      "q" : "1005.3",
      "p" : "0.20681",
      "s" : "sell",
      "i" : "MAGIC_USD",
      "m" : "4611686018429915934"
    }, {
      "d" : "1756449603397488783",
      "t" : 1756449603397,
      "tn" : 1756449603397488783,
      "q" : "1593.2",
      "p" : "0.20682",
      "s" : "sell",
      "i" : "MAGIC_USD",
      "m" : "4611686018429915933"
    }, {
      "d" : "1756449602692018760",
      "t" : 1756449602692,
      "tn" : 1756449602692018760,
      "q" : "36.3",
      "p" : "0.20696",
      "s" : "sell",
      "i" : "MAGIC_USD",
      "m" : "4611686018429915932"
    }, {
      "d" : "1756449590886708358",
      "t" : 1756449590886,
      "tn" : 1756449590886708358,
      "q" : "16.3",
      "p" : "0.20782",
      "s" : "buy",
      "i" : "MAGIC_USD",
      "m" : "4611686018429915931"
    }, {
      "d" : "1756449470644332172",
      "t" : 1756449470644,
      "tn" : 1756449470644332172,
      "q" : "20.0",
      "p" : "0.20825",
      "s" : "buy",
      "i" : "MAGIC_USD",
      "m" : "4611686018429915930"
    }, {
      "d" : "1756445526637923698",
      "t" : 1756445526637,
      "tn" : 1756445526637923698,
      "q" : "46.7",
      "p" : "0.20994",
      "s" : "sell",
      "i" : "MAGIC_USD",
      "m" : "4611686018429915929"
    }, {
      "d" : "1756443927634659774",
      "t" : 1756443927634,
      "tn" : 1756443927634659774,
      "q" : "36.0",
      "p" : "0.20994",
      "s" : "sell",
      "i" : "MAGIC_USD",
      "m" : "4611686018429915928"
    }, {
      "d" : "1756443271101210710",
      "t" : 1756443271101,
      "tn" : 1756443271101210710,
      "q" : "4500.0",
      "p" : "0.21050",
      "s" : "sell",
      "i" : "MAGIC_USD",
      "m" : "4611686018429915927"
    }, {
      "d" : "1756442254999498747",
      "t" : 1756442254999,
      "tn" : 1756442254999498747,
      "q" : "19.3",
      "p" : "0.21081",
      "s" : "buy",
      "i" : "MAGIC_USD",
      "m" : "4611686018429915926"
    }, {
      "d" : "1756441078453818204",
      "t" : 1756441078453,
      "tn" : 1756441078453818204,
      "q" : "14.2",
      "p" : "0.21059",
      "s" : "buy",
      "i" : "MAGIC_USD",
      "m" : "4611686018429915925"
    }, {
      "d" : "1756440940719956929",
      "t" : 1756440940719,
      "tn" : 1756440940719956929,
      "q" : "17.1",
      "p" : "0.21062",
      "s" : "buy",
      "i" : "MAGIC_USD",
      "m" : "4611686018429915924"
    }, {
      "d" : "1756440836041535679",
      "t" : 1756440836041,
      "tn" : 1756440836041535679,
      "q" : "18.0",
      "p" : "0.21037",
      "s" : "buy",
      "i" : "MAGIC_USD",
      "m" : "4611686018429915923"
    }, {
      "d" : "1756440740768099047",
      "t" : 1756440740768,
      "tn" : 1756440740768099047,
      "q" : "14.1",
      "p" : "0.21048",
      "s" : "buy",
      "i" : "MAGIC_USD",
      "m" : "4611686018429915922"
    }, {
      "d" : "1756440613848051762",
      "t" : 1756440613848,
      "tn" : 1756440613848051762,
      "q" : "618.6",
      "p" : "0.21037",
      "s" : "sell",
      "i" : "MAGIC_USD",
      "m" : "4611686018429915921"
    }, {
      "d" : "1756440213838427580",
      "t" : 1756440213838,
      "tn" : 1756440213838427580,
      "q" : "99.1",
      "p" : "0.21151",
      "s" : "buy",
      "i" : "MAGIC_USD",
      "m" : "4611686018429915920"
    }, {
      "d" : "1756440157037011231",
      "t" : 1756440157037,
      "tn" : 1756440157037011231,
      "q" : "115.6",
      "p" : "0.21166",
      "s" : "buy",
      "i" : "MAGIC_USD",
      "m" : "4611686018429915919"
    }, {
      "d" : "1756440137888078358",
      "t" : 1756440137888,
      "tn" : 1756440137888078358,
      "q" : "9.1",
      "p" : "0.21166",
      "s" : "buy",
      "i" : "MAGIC_USD",
      "m" : "4611686018429915918"
    }, {
      "d" : "1756440054065060406",
      "t" : 1756440054065,
      "tn" : 1756440054065060406,
      "q" : "9.9",
      "p" : "0.21131",
      "s" : "buy",
      "i" : "MAGIC_USD",
      "m" : "4611686018429915917"
    }, {
      "d" : "1756439951800892896",
      "t" : 1756439951800,
      "tn" : 1756439951800892896,
      "q" : "26.3",
      "p" : "0.21145",
      "s" : "buy",
      "i" : "MAGIC_USD",
      "m" : "4611686018429915916"
    }, {
      "d" : "1756439839696625443",
      "t" : 1756439839696,
      "tn" : 1756439839696625443,
      "q" : "10.8",
      "p" : "0.21163",
      "s" : "buy",
      "i" : "MAGIC_USD",
      "m" : "4611686018429915915"
    }, {
      "d" : "1756439644281187464",
      "t" : 1756439644281,
      "tn" : 1756439644281187464,
      "q" : "168.0",
      "p" : "0.21158",
      "s" : "buy",
      "i" : "MAGIC_USD",
      "m" : "4611686018429915914"
    }, {
      "d" : "1756439606932083307",
      "t" : 1756439606932,
      "tn" : 1756439606932083307,
      "q" : "27.5",
      "p" : "0.21163",
      "s" : "buy",
      "i" : "MAGIC_USD",
      "m" : "4611686018429915913"
    }, {
      "d" : "1756439177587771120",
      "t" : 1756439177587,
      "tn" : 1756439177587771120,
      "q" : "195.5",
      "p" : "0.21097",
      "s" : "sell",
      "i" : "MAGIC_USD",
      "m" : "4611686018429915912"
    }, {
      "d" : "1756438731208756737",
      "t" : 1756438731208,
      "tn" : 1756438731208756737,
      "q" : "4502.3",
      "p" : "0.21100",
      "s" : "buy",
      "i" : "MAGIC_USD",
      "m" : "4611686018429915911"
    }, {
      "d" : "1756436046448878550",
      "t" : 1756436046448,
      "tn" : 1756436046448878550,
      "q" : "140.1",
      "p" : "0.21124",
      "s" : "buy",
      "i" : "MAGIC_USD",
      "m" : "4611686018429915910"
    }, {
      "d" : "1756435872410893207",
      "t" : 1756435872410,
      "tn" : 1756435872410893207,
      "q" : "25.0",
      "p" : "0.21099",
      "s" : "sell",
      "i" : "MAGIC_USD",
      "m" : "4611686018429915909"
    }, {
      "d" : "1756435565739053925",
      "t" : 1756435565739,
      "tn" : 1756435565739053925,
      "q" : "115.1",
      "p" : "0.21114",
      "s" : "sell",
      "i" : "MAGIC_USD",
      "m" : "4611686018429915908"
    }, {
      "d" : "1756434972822759769",
      "t" : 1756434972822,
      "tn" : 1756434972822759769,
      "q" : "1400.0",
      "p" : "0.21130",
      "s" : "sell",
      "i" : "MAGIC_USD",
      "m" : "4611686018429915907"
    }, {
      "d" : "1756434723110196113",
      "t" : 1756434723110,
      "tn" : 1756434723110196113,
      "q" : "1350.0",
      "p" : "0.21150",
      "s" : "sell",
      "i" : "MAGIC_USD",
      "m" : "4611686018429915906"
    }, {
      "d" : "1756434588657141385",
      "t" : 1756434588657,
      "tn" : 1756434588657141385,
      "q" : "635.4",
      "p" : "0.21222",
      "s" : "buy",
      "i" : "MAGIC_USD",
      "m" : "4611686018429915905"
    }, {
      "d" : "1756433937951959198",
      "t" : 1756433937951,
      "tn" : 1756433937951959198,
      "q" : "312.4",
      "p" : "0.21182",
      "s" : "buy",
      "i" : "MAGIC_USD",
      "m" : "4611686018429915904"
    }, {
      "d" : "1756433643485415017",
      "t" : 1756433643485,
      "tn" : 1756433643485415017,
      "q" : "470.9",
      "p" : "0.21232",
      "s" : "buy",
      "i" : "MAGIC_USD",
      "m" : "4611686018429915903"
    }, {
      "d" : "1756433435218468440",
      "t" : 1756433435218,
      "tn" : 1756433435218468440,
      "q" : "230.0",
      "p" : "0.21073",
      "s" : "sell",
      "i" : "MAGIC_USD",
      "m" : "4611686018429915902"
    }, {
      "d" : "1756432425904018559",
      "t" : 1756432425904,
      "tn" : 1756432425904018559,
      "q" : "32.1",
      "p" : "0.20947",
      "s" : "buy",
      "i" : "MAGIC_USD",
      "m" : "4611686018429915901"
    }, {
      "d" : "1756432388938823853",
      "t" : 1756432388938,
      "tn" : 1756432388938823853,
      "q" : "114.5",
      "p" : "0.20915",
      "s" : "sell",
      "i" : "MAGIC_USD",
      "m" : "4611686018429915900"
    }, {
      "d" : "1756431914934980366",
      "t" : 1756431914934,
      "tn" : 1756431914934980366,
      "q" : "102.6",
      "p" : "0.20973",
      "s" : "buy",
      "i" : "MAGIC_USD",
      "m" : "4611686018429915899"
    }, {
      "d" : "1756428943664021629",
      "t" : 1756428943664,
      "tn" : 1756428943664021629,
      "q" : "102.6",
      "p" : "0.21066",
      "s" : "sell",
      "i" : "MAGIC_USD",
      "m" : "4611686018429915898"
    }, {
      "d" : "1756427735496939191",
      "t" : 1756427735496,
      "tn" : 1756427735496939191,
      "q" : "5815.0",
      "p" : "0.21073",
      "s" : "sell",
      "i" : "MAGIC_USD",
      "m" : "4611686018429915897"
    }, {
      "d" : "1756427650214412596",
      "t" : 1756427650214,
      "tn" : 1756427650214412596,
      "q" : "948.2",
      "p" : "0.21160",
      "s" : "buy",
      "i" : "MAGIC_USD",
      "m" : "4611686018429915896"
    }, {
      "d" : "1756427650170375229",
      "t" : 1756427650170,
      "tn" : 1756427650170375229,
      "q" : "1411.4",
      "p" : "0.21146",
      "s" : "buy",
      "i" : "MAGIC_USD",
      "m" : "4611686018429915895"
    }, {
      "d" : "1756427650168061573",
      "t" : 1756427650168,
      "tn" : 1756427650168061573,
      "q" : "1331.9",
      "p" : "0.21137",
      "s" : "buy",
      "i" : "MAGIC_USD",
      "m" : "4611686018429915894"
    }, {
      "d" : "1756427650166879862",
      "t" : 1756427650166,
      "tn" : 1756427650166879862,
      "q" : "1750.7",
      "p" : "0.21122",
      "s" : "buy",
      "i" : "MAGIC_USD",
      "m" : "4611686018429915893"
    }, {
      "d" : "1756427650166877238",
      "t" : 1756427650166,
      "tn" : 1756427650166877238,
      "q" : "883.6",
      "p" : "0.21121",
      "s" : "buy",
      "i" : "MAGIC_USD",
      "m" : "4611686018429915892"
    }, {
      "d" : "1756426132149435301",
      "t" : 1756426132149,
      "tn" : 1756426132149435301,
      "q" : "102.3",
      "p" : "0.21072",
      "s" : "sell",
      "i" : "MAGIC_USD",
      "m" : "4611686018429915891"
    }, {
      "d" : "1756426132146672918",
      "t" : 1756426132146,
      "tn" : 1756426132146672918,
      "q" : "143.5",
      "p" : "0.21072",
      "s" : "buy",
      "i" : "MAGIC_USD",
      "m" : "4611686018429915890"
    }, {
      "d" : "1756424318199093931",
      "t" : 1756424318199,
      "tn" : 1756424318199093931,
      "q" : "70.7",
      "p" : "0.21102",
      "s" : "buy",
      "i" : "MAGIC_USD",
      "m" : "4611686018429915889"
    }, {
      "d" : "1756424257464170972",
      "t" : 1756424257464,
      "tn" : 1756424257464170972,
      "q" : "44.2",
      "p" : "0.21068",
      "s" : "sell",
      "i" : "MAGIC_USD",
      "m" : "4611686018429915888"
    }, {
      "d" : "1756423912301781039",
      "t" : 1756423912301,
      "tn" : 1756423912301781039,
      "q" : "86.3",
      "p" : "0.21076",
      "s" : "buy",
      "i" : "MAGIC_USD",
      "m" : "4611686018429915887"
    }, {
      "d" : "1756421836828514794",
      "t" : 1756421836828,
      "tn" : 1756421836828514794,
      "q" : "65.3",
      "p" : "0.21039",
      "s" : "sell",
      "i" : "MAGIC_USD",
      "m" : "4611686018429915886"
    }, {
      "d" : "1756420841362751907",
      "t" : 1756420841362,
      "tn" : 1756420841362751907,
      "q" : "16.0",
      "p" : "0.20990",
      "s" : "sell",
      "i" : "MAGIC_USD",
      "m" : "4611686018429915885"
    }, {
      "d" : "1756420041606763730",
      "t" : 1756420041606,
      "tn" : 1756420041606763730,
      "q" : "17.9",
      "p" : "0.20919",
      "s" : "sell",
      "i" : "MAGIC_USD",
      "m" : "4611686018429915884"
    }, {
      "d" : "1756419365224303984",
      "t" : 1756419365224,
      "tn" : 1756419365224303984,
      "q" : "284.2",
      "p" : "0.20935",
      "s" : "buy",
      "i" : "MAGIC_USD",
      "m" : "4611686018429915883"
    }, {
      "d" : "1756419365224301455",
      "t" : 1756419365224,
      "tn" : 1756419365224301455,
      "q" : "580.7",
      "p" : "0.20914",
      "s" : "buy",
      "i" : "MAGIC_USD",
      "m" : "4611686018429915882"
    }, {
      "d" : "1756419316504381170",
      "t" : 1756419316504,
      "tn" : 1756419316504381170,
      "q" : "135.2",
      "p" : "0.20861",
      "s" : "sell",
      "i" : "MAGIC_USD",
      "m" : "4611686018429915881"
    }, {
      "d" : "1756418131572739289",
      "t" : 1756418131572,
      "tn" : 1756418131572739289,
      "q" : "14.6",
      "p" : "0.20842",
      "s" : "buy",
      "i" : "MAGIC_USD",
      "m" : "4611686018429915880"
    }, {
      "d" : "1756412201452803512",
      "t" : 1756412201452,
      "tn" : 1756412201452803512,
      "q" : "114.6",
      "p" : "0.20657",
      "s" : "sell",
      "i" : "MAGIC_USD",
      "m" : "4611686018429915879"
    }, {
      "d" : "1756411359660975750",
      "t" : 1756411359660,
      "tn" : 1756411359660975750,
      "q" : "191.5",
      "p" : "0.20611",
      "s" : "sell",
      "i" : "MAGIC_USD",
      "m" : "4611686018429915878"
    }, {
      "d" : "1756411175542582702",
      "t" : 1756411175542,
      "tn" : 1756411175542582702,
      "q" : "464.6",
      "p" : "0.20660",
      "s" : "buy",
      "i" : "MAGIC_USD",
      "m" : "4611686018429915877"
    }, {
      "d" : "1756408786003957057",
      "t" : 1756408786003,
      "tn" : 1756408786003957057,
      "q" : "11.9",
      "p" : "0.20781",
      "s" : "sell",
      "i" : "MAGIC_USD",
      "m" : "4611686018429915876"
    }, {
      "d" : "1756408779644392210",
      "t" : 1756408779644,
      "tn" : 1756408779644392210,
      "q" : "53.6",
      "p" : "0.20781",
      "s" : "sell",
      "i" : "MAGIC_USD",
      "m" : "4611686018429915875"
    }, {
      "d" : "1756408565617262039",
      "t" : 1756408565617,
      "tn" : 1756408565617262039,
      "q" : "16.2",
      "p" : "0.20773",
      "s" : "buy",
      "i" : "MAGIC_USD",
      "m" : "4611686018429915874"
    }, {
      "d" : "1756406736898321923",
      "t" : 1756406736898,
      "tn" : 1756406736898321923,
      "q" : "110.4",
      "p" : "0.20783",
      "s" : "sell",
      "i" : "MAGIC_USD",
      "m" : "4611686018429915873"
    }, {
      "d" : "1756406537711834424",
      "t" : 1756406537711,
      "tn" : 1756406537711834424,
      "q" : "168.1",
      "p" : "0.20824",
      "s" : "buy",
      "i" : "MAGIC_USD",
      "m" : "4611686018429915872"
    }, {
      "d" : "1756406537708294678",
      "t" : 1756406537708,
      "tn" : 1756406537708294678,
      "q" : "720.3",
      "p" : "0.20824",
      "s" : "sell",
      "i" : "MAGIC_USD",
      "m" : "4611686018429915871"
    }, {
      "d" : "1756404339691353950",
      "t" : 1756404339691,
      "tn" : 1756404339691353950,
      "q" : "11.4",
      "p" : "0.20741",
      "s" : "sell",
      "i" : "MAGIC_USD",
      "m" : "4611686018429915870"
    }, {
      "d" : "1756403718402461535",
      "t" : 1756403718402,
      "tn" : 1756403718402461535,
      "q" : "25.0",
      "p" : "0.20814",
      "s" : "sell",
      "i" : "MAGIC_USD",
      "m" : "4611686018429915869"
    }, {
      "d" : "1756402091599943737",
      "t" : 1756402091599,
      "tn" : 1756402091599943737,
      "q" : "50.0",
      "p" : "0.20799",
      "s" : "sell",
      "i" : "MAGIC_USD",
      "m" : "4611686018429915868"
    }, {
      "d" : "1756400401693466892",
      "t" : 1756400401693,
      "tn" : 1756400401693466892,
      "q" : "971.3",
      "p" : "0.20604",
      "s" : "sell",
      "i" : "MAGIC_USD",
      "m" : "4611686018429915867"
    }, {
      "d" : "1756400401675341150",
      "t" : 1756400401675,
      "tn" : 1756400401675341150,
      "q" : "17.4",
      "p" : "0.20604",
      "s" : "sell",
      "i" : "MAGIC_USD",
      "m" : "4611686018429915866"
    }, {
      "d" : "1756400401675339312",
      "t" : 1756400401675,
      "tn" : 1756400401675339312,
      "q" : "953.6",
      "p" : "0.20606",
      "s" : "sell",
      "i" : "MAGIC_USD",
      "m" : "4611686018429915865"
    }, {
      "d" : "1756400401648445299",
      "t" : 1756400401648,
      "tn" : 1756400401648445299,
      "q" : "618.6",
      "p" : "0.20612",
      "s" : "sell",
      "i" : "MAGIC_USD",
      "m" : "4611686018429915864"
    }, {
      "d" : "1756399671765691898",
      "t" : 1756399671765,
      "tn" : 1756399671765691898,
      "q" : "28.6",
      "p" : "0.20870",
      "s" : "sell",
      "i" : "MAGIC_USD",
      "m" : "4611686018429915863"
    }, {
      "d" : "1756398492444018801",
      "t" : 1756398492444,
      "tn" : 1756398492444018801,
      "q" : "144.4",
      "p" : "0.20966",
      "s" : "buy",
      "i" : "MAGIC_USD",
      "m" : "4611686018429915862"
    }, {
      "d" : "1756398492444016104",
      "t" : 1756398492444,
      "tn" : 1756398492444016104,
      "q" : "893.3",
      "p" : "0.20965",
      "s" : "buy",
      "i" : "MAGIC_USD",
      "m" : "4611686018429915861"
    }, {
      "d" : "1756398240374069386",
      "t" : 1756398240374,
      "tn" : 1756398240374069386,
      "q" : "26.3",
      "p" : "0.20915",
      "s" : "sell",
      "i" : "MAGIC_USD",
      "m" : "4611686018429915860"
    }, {
      "d" : "1756397392043278079",
      "t" : 1756397392043,
      "tn" : 1756397392043278079,
      "q" : "92.3",
      "p" : "0.20965",
      "s" : "buy",
      "i" : "MAGIC_USD",
      "m" : "4611686018429915859"
    }, {
      "d" : "1756396567130918911",
      "t" : 1756396567130,
      "tn" : 1756396567130918911,
      "q" : "17.9",
      "p" : "0.20859",
      "s" : "buy",
      "i" : "MAGIC_USD",
      "m" : "4611686018429915858"
    }, {
      "d" : "1756396177031965573",
      "t" : 1756396177031,
      "tn" : 1756396177031965573,
      "q" : "100.4",
      "p" : "0.20875",
      "s" : "sell",
      "i" : "MAGIC_USD",
      "m" : "4611686018429915857"
    }, {
      "d" : "1756396177031963774",
      "t" : 1756396177031,
      "tn" : 1756396177031963774,
      "q" : "358.6",
      "p" : "0.20876",
      "s" : "sell",
      "i" : "MAGIC_USD",
      "m" : "4611686018429915856"
    }, {
      "d" : "1756396170612448477",
      "t" : 1756396170612,
      "tn" : 1756396170612448476,
      "q" : "988.7",
      "p" : "0.20872",
      "s" : "sell",
      "i" : "MAGIC_USD",
      "m" : "4611686018429915855"
    }, {
      "d" : "1756396170612448476",
      "t" : 1756396170612,
      "tn" : 1756396170612448476,
      "q" : "646.6",
      "p" : "0.20872",
      "s" : "sell",
      "i" : "MAGIC_USD",
      "m" : "4611686018429915855"
    }, {
      "d" : "1756396170487810400",
      "t" : 1756396170487,
      "tn" : 1756396170487810400,
      "q" : "110.0",
      "p" : "0.20873",
      "s" : "sell",
      "i" : "MAGIC_USD",
      "m" : "4611686018429915854"
    }, {
      "d" : "1756396170462790889",
      "t" : 1756396170462,
      "tn" : 1756396170462790889,
      "q" : "827.0",
      "p" : "0.20872",
      "s" : "sell",
      "i" : "MAGIC_USD",
      "m" : "4611686018429915853"
    }, {
      "d" : "1756396170462788847",
      "t" : 1756396170462,
      "tn" : 1756396170462788847,
      "q" : "718.6",
      "p" : "0.20873",
      "s" : "sell",
      "i" : "MAGIC_USD",
      "m" : "4611686018429915852"
    }, {
      "d" : "1756396170462785709",
      "t" : 1756396170462,
      "tn" : 1756396170462785709,
      "q" : "850.0",
      "p" : "0.20902",
      "s" : "sell",
      "i" : "MAGIC_USD",
      "m" : "4611686018429915851"
    }, {
      "d" : "1756396162987448333",
      "t" : 1756396162987,
      "tn" : 1756396162987448333,
      "q" : "618.6",
      "p" : "0.20955",
      "s" : "buy",
      "i" : "MAGIC_USD",
      "m" : "4611686018429915850"
    }, {
      "d" : "1756396101763939756",
      "t" : 1756396101763,
      "tn" : 1756396101763939756,
      "q" : "783.2",
      "p" : "0.20926",
      "s" : "buy",
      "i" : "MAGIC_USD",
      "m" : "4611686018429915849"
    }, {
      "d" : "1756396101761610052",
      "t" : 1756396101761,
      "tn" : 1756396101761610052,
      "q" : "716.8",
      "p" : "0.20926",
      "s" : "sell",
      "i" : "MAGIC_USD",
      "m" : "4611686018429915848"
    }, {
      "d" : "1756394108048504539",
      "t" : 1756394108048,
      "tn" : 1756394108048504539,
      "q" : "3973.0",
      "p" : "0.21121",
      "s" : "sell",
      "i" : "MAGIC_USD",
      "m" : "4611686018429915847"
    }, {
      "d" : "1756394108046546093",
      "t" : 1756394108046,
      "tn" : 1756394108046546093,
      "q" : "570.4",
      "p" : "0.21121",
      "s" : "buy",
      "i" : "MAGIC_USD",
      "m" : "4611686018429915846"
    }, {
      "d" : "1756394078847548179",
      "t" : 1756394078847,
      "tn" : 1756394078847548179,
      "q" : "464.3",
      "p" : "0.21066",
      "s" : "sell",
      "i" : "MAGIC_USD",
      "m" : "4611686018429915845"
    }, {
      "d" : "1756393241671167786",
      "t" : 1756393241671,
      "tn" : 1756393241671167786,
      "q" : "12.9",
      "p" : "0.21088",
      "s" : "sell",
      "i" : "MAGIC_USD",
      "m" : "4611686018429915844"
    }, {
      "d" : "1756391935111206106",
      "t" : 1756391935111,
      "tn" : 1756391935111206106,
      "q" : "9.2",
      "p" : "0.21101",
      "s" : "buy",
      "i" : "MAGIC_USD",
      "m" : "4611686018429915843"
    }, {
      "d" : "1756391748148620841",
      "t" : 1756391748148,
      "tn" : 1756391748148620840,
      "q" : "102.4",
      "p" : "0.21038",
      "s" : "sell",
      "i" : "MAGIC_USD",
      "m" : "4611686018429915842"
    }, {
      "d" : "1756391748148620840",
      "t" : 1756391748148,
      "tn" : 1756391748148620840,
      "q" : "9.3",
      "p" : "0.21038",
      "s" : "sell",
      "i" : "MAGIC_USD",
      "m" : "4611686018429915842"
    }, {
      "d" : "1756391379742577525",
      "t" : 1756391379742,
      "tn" : 1756391379742577525,
      "q" : "9.3",
      "p" : "0.21051",
      "s" : "buy",
      "i" : "MAGIC_USD",
      "m" : "4611686018429915841"
    }, {
      "d" : "1756391347439963222",
      "t" : 1756391347439,
      "tn" : 1756391347439963222,
      "q" : "1089.9",
      "p" : "0.21040",
      "s" : "sell",
      "i" : "MAGIC_USD",
      "m" : "4611686018429915840"
    }, {
      "d" : "1756389941199222504",
      "t" : 1756389941199,
      "tn" : 1756389941199222504,
      "q" : "945.8",
      "p" : "0.21176",
      "s" : "buy",
      "i" : "MAGIC_USD",
      "m" : "4611686018429915839"
    }, {
      "d" : "1756389063762586655",
      "t" : 1756389063762,
      "tn" : 1756389063762586655,
      "q" : "952.1",
      "p" : "0.21022",
      "s" : "buy",
      "i" : "MAGIC_USD",
      "m" : "4611686018429915838"
    }, {
      "d" : "1756387937500934632",
      "t" : 1756387937500,
      "tn" : 1756387937500934632,
      "q" : "820.4",
      "p" : "0.21045",
      "s" : "buy",
      "i" : "MAGIC_USD",
      "m" : "4611686018429915837"
    }, {
      "d" : "1756387937500932491",
      "t" : 1756387937500,
      "tn" : 1756387937500932491,
      "q" : "130.8",
      "p" : "0.21044",
      "s" : "buy",
      "i" : "MAGIC_USD",
      "m" : "4611686018429915836"
    }, {
      "d" : "1756387790056634306",
      "t" : 1756387790056,
      "tn" : 1756387790056634306,
      "q" : "18.5",
      "p" : "0.20940",
      "s" : "sell",
      "i" : "MAGIC_USD",
      "m" : "4611686018429915835"
    }, {
      "d" : "1756387685427223017",
      "t" : 1756387685427,
      "tn" : 1756387685427223017,
      "q" : "59.1",
      "p" : "0.20974",
      "s" : "sell",
      "i" : "MAGIC_USD",
      "m" : "4611686018429915834"
    }, {
      "d" : "1756386569419114683",
      "t" : 1756386569419,
      "tn" : 1756386569419114683,
      "q" : "559.5",
      "p" : "0.20995",
      "s" : "sell",
      "i" : "MAGIC_USD",
      "m" : "4611686018429915833"
    }, {
      "d" : "1756385948530690754",
      "t" : 1756385948530,
      "tn" : 1756385948530690754,
      "q" : "618.7",
      "p" : "0.21009",
      "s" : "buy",
      "i" : "MAGIC_USD",
      "m" : "4611686018429915832"
    }, {
      "d" : "1756385724747038844",
      "t" : 1756385724747,
      "tn" : 1756385724747038844,
      "q" : "8.1",
      "p" : "0.21029",
      "s" : "buy",
      "i" : "MAGIC_USD",
      "m" : "4611686018429915831"
    }, {
      "d" : "1756385390544638998",
      "t" : 1756385390544,
      "tn" : 1756385390544638998,
      "q" : "20.0",
      "p" : "0.20957",
      "s" : "sell",
      "i" : "MAGIC_USD",
      "m" : "4611686018429915830"
    }, {
      "d" : "1756385281620249165",
      "t" : 1756385281620,
      "tn" : 1756385281620249165,
      "q" : "100.0",
      "p" : "0.20969",
      "s" : "sell",
      "i" : "MAGIC_USD",
      "m" : "4611686018429915829"
    }, {
      "d" : "1756385253033042729",
      "t" : 1756385253033,
      "tn" : 1756385253033042729,
      "q" : "618.6",
      "p" : "0.20992",
      "s" : "sell",
      "i" : "MAGIC_USD",
      "m" : "4611686018429915828"
    } ]
  }
}