{
  "id" : -1,
  "method" : "public/get-trades",
  "code" : 0,
  "result" : {
    "data" : [ {
      "d" : "1756461593581772952",
      "t" : 1756461593581,
      "tn" : 1756461593581772952,
      "q" : "1",
      "p" : "0.28261",
      "s" : "sell",
      "i" : "MANAUSD-PERP",
      "m" : "4611686018430996930"
    }, {
      "d" : "1756461592159530867",
      "t" : 1756461592159,
      "tn" : 1756461592159530867,
      "q" : "1",
      "p" : "0.28263",
      "s" : "sell",
      "i" : "MANAUSD-PERP",
      "m" : "4611686018430996929"
    }, {
      "d" : "1756461549427273728",
      "t" : 1756461549427,
      "tn" : 1756461549427273728,
      "q" : "1",
      "p" : "0.28271",
      "s" : "sell",
      "i" : "MANAUSD-PERP",
      "m" : "4611686018430996928"
    }, {
      "d" : "1756461547214258836",
      "t" : 1756461547214,
      "tn" : 1756461547214258836,
      "q" : "1",
      "p" : "0.28265",
      "s" : "sell",
      "i" : "MANAUSD-PERP",
      "m" : "4611686018430996927"
    }, {
      "d" : "1756461547153134840",
      "t" : 1756461547153,
      "tn" : 1756461547153134840,
      "q" : "1",
      "p" : "0.28271",
      "s" : "sell",
      "i" : "MANAUSD-PERP",
      "m" : "4611686018430996926"
    }, {
      "d" : "1756461539375603583",
      "t" : 1756461539375,
      "tn" : 1756461539375603583,
      "q" : "1",
      "p" : "0.28261",
      "s" : "sell",
      "i" : "MANAUSD-PERP",
      "m" : "4611686018430996925"
    }, {
      "d" : "1756461537209469259",
      "t" : 1756461537209,
      "tn" : 1756461537209469259,
      "q" : "1",
      "p" : "0.28260",
      "s" : "sell",
      "i" : "MANAUSD-PERP",
      "m" : "4611686018430996924"
    }, {
      "d" : "1756461533559714806",
      "t" : 1756461533559,
      "tn" : 1756461533559714806,
      "q" : "1",
      "p" : "0.28260",
      "s" : "sell",
      "i" : "MANAUSD-PERP",
      "m" : "4611686018430996923"
    }, {
      "d" : "1756461532684820200",
      "t" : 1756461532684,
      "tn" : 1756461532684820200,
      "q" : "1",
      "p" : "0.28251",
      "s" : "sell",
      "i" : "MANAUSD-PERP",
      "m" : "4611686018430996922"
    }, {
      "d" : "1756461523867892462",
      "t" : 1756461523867,
      "tn" : 1756461523867892462,
      "q" : "1",
      "p" : "0.28261",
      "s" : "sell",
      "i" : "MANAUSD-PERP",
      "m" : "4611686018430996921"
    }, {
      "d" : "1756461523753818526",
      "t" : 1756461523753,
      "tn" : 1756461523753818526,
      "q" : "1",
      "p" : "0.28261",
      "s" : "sell",
      "i" : "MANAUSD-PERP",
      "m" : "4611686018430996920"
    }, {
      "d" : "1756461513856191400",
      "t" : 1756461513856,
      "tn" : 1756461513856191400,
      "q" : "1",
      "p" : "0.28261",
      "s" : "sell",
      "i" : "MANAUSD-PERP",
      "m" : "4611686018430996919"
    }, {
      "d" : "1756461513703844480",
      "t" : 1756461513703,
      "tn" : 1756461513703844480,
      "q" : "1",
      "p" : "0.28261",
      "s" : "sell",
      "i" : "MANAUSD-PERP",
      "m" : "4611686018430996918"
    }, {
      "d" : "1756461503837424082",
      "t" : 1756461503837,
      "tn" : 1756461503837424082,
      "q" : "1",
      "p" : "0.28261",
      "s" : "sell",
      "i" : "MANAUSD-PERP",
      "m" : "4611686018430996917"
    }, {
      "d" : "1756461503700694864",
      "t" : 1756461503700,
      "tn" : 1756461503700694864,
      "q" : "1",
      "p" : "0.28261",
      "s" : "sell",
      "i" : "MANAUSD-PERP",
      "m" : "4611686018430996916"
    }, {
      "d" : "1756461493812920899",
      "t" : 1756461493812,
      "tn" : 1756461493812920899,
      "q" : "1",
      "p" : "0.28261",
      "s" : "sell",
      "i" : "MANAUSD-PERP",
      "m" : "4611686018430996915"
    }, {
      "d" : "1756461493653819091",
      "t" : 1756461493653,
      "tn" : 1756461493653819091,
      "q" : "1",
      "p" : "0.28263",
      "s" : "sell",
      "i" : "MANAUSD-PERP",
      "m" : "4611686018430996914"
    }, {
      "d" : "1756461483764983265",
      "t" : 1756461483764,
      "tn" : 1756461483764983265,
      "q" : "1",
      "p" : "0.28265",
      "s" : "sell",
      "i" : "MANAUSD-PERP",
      "m" : "4611686018430996913"
    }, {
      "d" : "1756461483764981723",
      "t" : 1756461483764,
      "tn" : 1756461483764981723,
      "q" : "1",
      "p" : "0.28271",
      "s" : "sell",
      "i" : "MANAUSD-PERP",
      "m" : "4611686018430996912"
    }, {
      "d" : "1756461483629934490",
      "t" : 1756461483629,
      "tn" : 1756461483629934490,
      "q" : "1",
      "p" : "0.28265",
      "s" : "sell",
      "i" : "MANAUSD-PERP",
      "m" : "4611686018430996911"
    }, {
      "d" : "1756461483629931998",
      "t" : 1756461483629,
      "tn" : 1756461483629931998,
      "q" : "1",
      "p" : "0.28271",
      "s" : "sell",
      "i" : "MANAUSD-PERP",
      "m" : "4611686018430996910"
    }, {
      "d" : "1756461478529150981",
      "t" : 1756461478529,
      "tn" : 1756461478529150981,
      "q" : "1",
      "p" : "0.28271",
      "s" : "sell",
      "i" : "MANAUSD-PERP",
      "m" : "4611686018430996909"
    }, {
      "d" : "1756461478438823108",
      "t" : 1756461478438,
      "tn" : 1756461478438823108,
      "q" : "1",
      "p" : "0.28271",
      "s" : "sell",
      "i" : "MANAUSD-PERP",
      "m" : "4611686018430996908"
    }, {
      "d" : "1756461473707003434",
      "t" : 1756461473707,
      "tn" : 1756461473707003434,
      "q" : "1",
      "p" : "0.28272",
      "s" : "sell",
      "i" : "MANAUSD-PERP",
      "m" : "4611686018430996907"
    }, {
      "d" : "1756461473600084920",
      "t" : 1756461473600,
      "tn" : 1756461473600084920,
      "q" : "1",
      "p" : "0.28266",
      "s" : "sell",
      "i" : "MANAUSD-PERP",
      "m" : "4611686018430996906"
    }, {
      "d" : "1756461473600082495",
      "t" : 1756461473600,
      "tn" : 1756461473600082495,
      "q" : "1",
      "p" : "0.28272",
      "s" : "sell",
      "i" : "MANAUSD-PERP",
      "m" : "4611686018430996905"
    }, {
      "d" : "1756461468430644992",
      "t" : 1756461468430,
      "tn" : 1756461468430644992,
      "q" : "1",
      "p" : "0.28272",
      "s" : "sell",
      "i" : "MANAUSD-PERP",
      "m" : "4611686018430996904"
    }, {
      "d" : "1756461463675529934",
      "t" : 1756461463675,
      "tn" : 1756461463675529934,
      "q" : "1",
      "p" : "0.28262",
      "s" : "sell",
      "i" : "MANAUSD-PERP",
      "m" : "4611686018430996903"
    }, {
      "d" : "1756461463546490422",
      "t" : 1756461463546,
      "tn" : 1756461463546490422,
      "q" : "1",
      "p" : "0.28263",
      "s" : "sell",
      "i" : "MANAUSD-PERP",
      "m" : "4611686018430996902"
    }, {
      "d" : "1756461456581880101",
      "t" : 1756461456581,
      "tn" : 1756461456581880101,
      "q" : "1",
      "p" : "0.28272",
      "s" : "sell",
      "i" : "MANAUSD-PERP",
      "m" : "4611686018430996901"
    }, {
      "d" : "1756461455563727676",
      "t" : 1756461455563,
      "tn" : 1756461455563727676,
      "q" : "1",
      "p" : "0.28272",
      "s" : "sell",
      "i" : "MANAUSD-PERP",
      "m" : "4611686018430996900"
    }, {
      "d" : "1756461453674438673",
      "t" : 1756461453674,
      "tn" : 1756461453674438673,
      "q" : "1",
      "p" : "0.28266",
      "s" : "sell",
      "i" : "MANAUSD-PERP",
      "m" : "4611686018430996899"
    }, {
      "d" : "1756461453674437053",
      "t" : 1756461453674,
      "tn" : 1756461453674437053,
      "q" : "1",
      "p" : "0.28272",
      "s" : "sell",
      "i" : "MANAUSD-PERP",
      "m" : "4611686018430996898"
    }, {
      "d" : "1756461453524607208",
      "t" : 1756461453524,
      "tn" : 1756461453524607208,
      "q" : "1",
      "p" : "0.28266",
      "s" : "sell",
      "i" : "MANAUSD-PERP",
      "m" : "4611686018430996897"
    }, {
      "d" : "1756461453524603755",
      "t" : 1756461453524,
      "tn" : 1756461453524603755,
      "q" : "1",
      "p" : "0.28272",
      "s" : "sell",
      "i" : "MANAUSD-PERP",
      "m" : "4611686018430996896"
    }, {
      "d" : "1756461445871207919",
      "t" : 1756461445871,
      "tn" : 1756461445871207919,
      "q" : "1",
      "p" : "0.28272",
      "s" : "sell",
      "i" : "MANAUSD-PERP",
      "m" : "4611686018430996895"
    }, {
      "d" : "1756461444881079225",
      "t" : 1756461444881,
      "tn" : 1756461444881079225,
      "q" : "1",
      "p" : "0.28272",
      "s" : "sell",
      "i" : "MANAUSD-PERP",
      "m" : "4611686018430996894"
    }, {
      "d" : "1756461443643311461",
      "t" : 1756461443643,
      "tn" : 1756461443643311460,
      "q" : "1",
      "p" : "0.28266",
      "s" : "sell",
      "i" : "MANAUSD-PERP",
      "m" : "4611686018430996893"
    }, {
      "d" : "1756461443643311460",
      "t" : 1756461443643,
      "tn" : 1756461443643311460,
      "q" : "1",
      "p" : "0.28266",
      "s" : "sell",
      "i" : "MANAUSD-PERP",
      "m" : "4611686018430996893"
    }, {
      "d" : "1756461443519345065",
      "t" : 1756461443519,
      "tn" : 1756461443519345064,
      "q" : "1",
      "p" : "0.28266",
      "s" : "sell",
      "i" : "MANAUSD-PERP",
      "m" : "4611686018430996892"
    }, {
      "d" : "1756461443519345064",
      "t" : 1756461443519,
      "tn" : 1756461443519345064,
      "q" : "1",
      "p" : "0.28266",
      "s" : "sell",
      "i" : "MANAUSD-PERP",
      "m" : "4611686018430996892"
    }, {
      "d" : "1756461433460223930",
      "t" : 1756461433460,
      "tn" : 1756461433460223930,
      "q" : "1",
      "p" : "0.28262",
      "s" : "sell",
      "i" : "MANAUSD-PERP",
      "m" : "4611686018430996891"
    }, {
      "d" : "1756461433355385698",
      "t" : 1756461433355,
      "tn" : 1756461433355385698,
      "q" : "1",
      "p" : "0.28262",
      "s" : "sell",
      "i" : "MANAUSD-PERP",
      "m" : "4611686018430996890"
    }, {
      "d" : "1756461430026295116",
      "t" : 1756461430026,
      "tn" : 1756461430026295116,
      "q" : "1",
      "p" : "0.28263",
      "s" : "sell",
      "i" : "MANAUSD-PERP",
      "m" : "4611686018430996889"
    }, {
      "d" : "1756461423351939538",
      "t" : 1756461423351,
      "tn" : 1756461423351939538,
      "q" : "1",
      "p" : "0.28256",
      "s" : "sell",
      "i" : "MANAUSD-PERP",
      "m" : "4611686018430996888"
    }, {
      "d" : "1756461423351937361",
      "t" : 1756461423351,
      "tn" : 1756461423351937361,
      "q" : "1",
      "p" : "0.28262",
      "s" : "sell",
      "i" : "MANAUSD-PERP",
      "m" : "4611686018430996887"
    }, {
      "d" : "1756461420832681098",
      "t" : 1756461420832,
      "tn" : 1756461420832681098,
      "q" : "1",
      "p" : "0.28262",
      "s" : "sell",
      "i" : "MANAUSD-PERP",
      "m" : "4611686018430996886"
    }, {
      "d" : "1756461419976533317",
      "t" : 1756461419976,
      "tn" : 1756461419976533317,
      "q" : "1",
      "p" : "0.28262",
      "s" : "sell",
      "i" : "MANAUSD-PERP",
      "m" : "4611686018430996885"
    }, {
      "d" : "1756461413393247021",
      "t" : 1756461413393,
      "tn" : 1756461413393247021,
      "q" : "1",
      "p" : "0.28262",
      "s" : "sell",
      "i" : "MANAUSD-PERP",
      "m" : "4611686018430996884"
    }, {
      "d" : "1756461413318631923",
      "t" : 1756461413318,
      "tn" : 1756461413318631923,
      "q" : "1",
      "p" : "0.28262",
      "s" : "sell",
      "i" : "MANAUSD-PERP",
      "m" : "4611686018430996883"
    }, {
      "d" : "1756461408867122905",
      "t" : 1756461408867,
      "tn" : 1756461408867122905,
      "q" : "1",
      "p" : "0.28262",
      "s" : "sell",
      "i" : "MANAUSD-PERP",
      "m" : "4611686018430996882"
    }, {
      "d" : "1756461408762357740",
      "t" : 1756461408762,
      "tn" : 1756461408762357740,
      "q" : "1",
      "p" : "0.28262",
      "s" : "sell",
      "i" : "MANAUSD-PERP",
      "m" : "4611686018430996881"
    }, {
      "d" : "1756461403375071649",
      "t" : 1756461403375,
      "tn" : 1756461403375071649,
      "q" : "1",
      "p" : "0.28251",
      "s" : "sell",
      "i" : "MANAUSD-PERP",
      "m" : "4611686018430996880"
    }, {
      "d" : "1756461403296772535",
      "t" : 1756461403296,
      "tn" : 1756461403296772535,
      "q" : "1",
      "p" : "0.28252",
      "s" : "sell",
      "i" : "MANAUSD-PERP",
      "m" : "4611686018430996879"
    }, {
      "d" : "1756461398713621295",
      "t" : 1756461398713,
      "tn" : 1756461398713621295,
      "q" : "1",
      "p" : "0.28252",
      "s" : "sell",
      "i" : "MANAUSD-PERP",
      "m" : "4611686018430996878"
    }, {
      "d" : "1756461391565567017",
      "t" : 1756461391565,
      "tn" : 1756461391565567017,
      "q" : "1",
      "p" : "0.28247",
      "s" : "sell",
      "i" : "MANAUSD-PERP",
      "m" : "4611686018430996877"
    }, {
      "d" : "1756461391565564479",
      "t" : 1756461391565,
      "tn" : 1756461391565564479,
      "q" : "1",
      "p" : "0.28253",
      "s" : "sell",
      "i" : "MANAUSD-PERP",
      "m" : "4611686018430996876"
    }, {
      "d" : "1756461390506247758",
      "t" : 1756461390506,
      "tn" : 1756461390506247758,
      "q" : "1",
      "p" : "0.28254",
      "s" : "sell",
      "i" : "MANAUSD-PERP",
      "m" : "4611686018430996875"
    }, {
      "d" : "1756461385425191637",
      "t" : 1756461385425,
      "tn" : 1756461385425191637,
      "q" : "1",
      "p" : "0.28257",
      "s" : "sell",
      "i" : "MANAUSD-PERP",
      "m" : "4611686018430996874"
    }, {
      "d" : "1756461385425188753",
      "t" : 1756461385425,
      "tn" : 1756461385425188753,
      "q" : "1",
      "p" : "0.28263",
      "s" : "sell",
      "i" : "MANAUSD-PERP",
      "m" : "4611686018430996873"
    }, {
      "d" : "1756461381535511584",
      "t" : 1756461381535,
      "tn" : 1756461381535511584,
      "q" : "1",
      "p" : "0.28257",
      "s" : "sell",
      "i" : "MANAUSD-PERP",
      "m" : "4611686018430996872"
    }, {
      "d" : "1756461381535509121",
      "t" : 1756461381535,
      "tn" : 1756461381535509121,
      "q" : "1",
      "p" : "0.28263",
      "s" : "sell",
      "i" : "MANAUSD-PERP",
      "m" : "4611686018430996871"
    }, {
      "d" : "1756461380465813560",
      "t" : 1756461380465,
      "tn" : 1756461380465813560,
      "q" : "1",
      "p" : "0.28257",
      "s" : "sell",
      "i" : "MANAUSD-PERP",
      "m" : "4611686018430996870"
    }, {
      "d" : "1756461380465810922",
      "t" : 1756461380465,
      "tn" : 1756461380465810922,
      "q" : "1",
      "p" : "0.28263",
      "s" : "sell",
      "i" : "MANAUSD-PERP",
      "m" : "4611686018430996869"
    }, {
      "d" : "1756461375414703117",
      "t" : 1756461375414,
      "tn" : 1756461375414703117,
      "q" : "1",
      "p" : "0.28263",
      "s" : "sell",
      "i" : "MANAUSD-PERP",
      "m" : "4611686018430996868"
    }, {
      "d" : "1756461371483711640",
      "t" : 1756461371483,
      "tn" : 1756461371483711640,
      "q" : "1",
      "p" : "0.28257",
      "s" : "sell",
      "i" : "MANAUSD-PERP",
      "m" : "4611686018430996867"
    }, {
      "d" : "1756461371483709005",
      "t" : 1756461371483,
      "tn" : 1756461371483709005,
      "q" : "1",
      "p" : "0.28263",
      "s" : "sell",
      "i" : "MANAUSD-PERP",
      "m" : "4611686018430996866"
    }, {
      "d" : "1756461370446409117",
      "t" : 1756461370446,
      "tn" : 1756461370446409117,
      "q" : "1",
      "p" : "0.28257",
      "s" : "sell",
      "i" : "MANAUSD-PERP",
      "m" : "4611686018430996865"
    }, {
      "d" : "1756461370446406452",
      "t" : 1756461370446,
      "tn" : 1756461370446406452,
      "q" : "1",
      "p" : "0.28263",
      "s" : "sell",
      "i" : "MANAUSD-PERP",
      "m" : "4611686018430996864"
    }, {
      "d" : "1756461365365825983",
      "t" : 1756461365365,
      "tn" : 1756461365365825983,
      "q" : "1",
      "p" : "0.28257",
      "s" : "sell",
      "i" : "MANAUSD-PERP",
      "m" : "4611686018430996863"
    }, {
      "d" : "1756461365365824281",
      "t" : 1756461365365,
      "tn" : 1756461365365824281,
      "q" : "1",
      "p" : "0.28263",
      "s" : "sell",
      "i" : "MANAUSD-PERP",
      "m" : "4611686018430996862"
    }, {
      "d" : "1756461361483013616",
      "t" : 1756461361483,
      "tn" : 1756461361483013616,
      "q" : "1",
      "p" : "0.28254",
      "s" : "sell",
      "i" : "MANAUSD-PERP",
      "m" : "4611686018430996861"
    }, {
      "d" : "1756461360415688287",
      "t" : 1756461360415,
      "tn" : 1756461360415688287,
      "q" : "1",
      "p" : "0.28254",
      "s" : "sell",
      "i" : "MANAUSD-PERP",
      "m" : "4611686018430996860"
    }, {
      "d" : "1756461354415987435",
      "t" : 1756461354415,
      "tn" : 1756461354415987435,
      "q" : "1",
      "p" : "0.28263",
      "s" : "sell",
      "i" : "MANAUSD-PERP",
      "m" : "4611686018430996859"
    }, {
      "d" : "1756461353373212724",
      "t" : 1756461353373,
      "tn" : 1756461353373212724,
      "q" : "1",
      "p" : "0.28258",
      "s" : "sell",
      "i" : "MANAUSD-PERP",
      "m" : "4611686018430996858"
    }, {
      "d" : "1756461353373210226",
      "t" : 1756461353373,
      "tn" : 1756461353373210226,
      "q" : "1",
      "p" : "0.28263",
      "s" : "sell",
      "i" : "MANAUSD-PERP",
      "m" : "4611686018430996857"
    }, {
      "d" : "1756461351459637116",
      "t" : 1756461351459,
      "tn" : 1756461351459637116,
      "q" : "1",
      "p" : "0.28254",
      "s" : "sell",
      "i" : "MANAUSD-PERP",
      "m" : "4611686018430996856"
    }, {
      "d" : "1756461350356973865",
      "t" : 1756461350356,
      "tn" : 1756461350356973865,
      "q" : "1",
      "p" : "0.28254",
      "s" : "sell",
      "i" : "MANAUSD-PERP",
      "m" : "4611686018430996855"
    }, {
      "d" : "1756461341338451280",
      "t" : 1756461341338,
      "tn" : 1756461341338451280,
      "q" : "1",
      "p" : "0.28254",
      "s" : "sell",
      "i" : "MANAUSD-PERP",
      "m" : "4611686018430996854"
    }, {
      "d" : "1756461340317685904",
      "t" : 1756461340317,
      "tn" : 1756461340317685904,
      "q" : "1",
      "p" : "0.28254",
      "s" : "sell",
      "i" : "MANAUSD-PERP",
      "m" : "4611686018430996853"
    }, {
      "d" : "1756461339333932540",
      "t" : 1756461339333,
      "tn" : 1756461339333932540,
      "q" : "1",
      "p" : "0.28254",
      "s" : "sell",
      "i" : "MANAUSD-PERP",
      "m" : "4611686018430996852"
    }, {
      "d" : "1756461333564085939",
      "t" : 1756461333564,
      "tn" : 1756461333564085939,
      "q" : "1",
      "p" : "0.28254",
      "s" : "sell",
      "i" : "MANAUSD-PERP",
      "m" : "4611686018430996851"
    }, {
      "d" : "1756461330741174738",
      "t" : 1756461330741,
      "tn" : 1756461330741174738,
      "q" : "1",
      "p" : "0.28254",
      "s" : "sell",
      "i" : "MANAUSD-PERP",
      "m" : "4611686018430996850"
    }, {
      "d" : "1756461329816434003",
      "t" : 1756461329816,
      "tn" : 1756461329816434003,
      "q" : "1",
      "p" : "0.28254",
      "s" : "sell",
      "i" : "MANAUSD-PERP",
      "m" : "4611686018430996849"
    }, {
      "d" : "1756461325699544079",
      "t" : 1756461325699,
      "tn" : 1756461325699544079,
      "q" : "1",
      "p" : "0.28254",
      "s" : "sell",
      "i" : "MANAUSD-PERP",
      "m" : "4611686018430996848"
    }, {
      "d" : "1756461320740370627",
      "t" : 1756461320740,
      "tn" : 1756461320740370627,
      "q" : "1",
      "p" : "0.28254",
      "s" : "sell",
      "i" : "MANAUSD-PERP",
      "m" : "4611686018430996847"
    }, {
      "d" : "1756461319756212618",
      "t" : 1756461319756,
      "tn" : 1756461319756212618,
      "q" : "1",
      "p" : "0.28254",
      "s" : "sell",
      "i" : "MANAUSD-PERP",
      "m" : "4611686018430996846"
    }, {
      "d" : "1756461310679231233",
      "t" : 1756461310679,
      "tn" : 1756461310679231233,
      "q" : "1",
      "p" : "0.28254",
      "s" : "sell",
      "i" : "MANAUSD-PERP",
      "m" : "4611686018430996845"
    }, {
      "d" : "1756461309718629767",
      "t" : 1756461309718,
      "tn" : 1756461309718629767,
      "q" : "1",
      "p" : "0.28254",
      "s" : "sell",
      "i" : "MANAUSD-PERP",
      "m" : "4611686018430996844"
    }, {
      "d" : "1756461300643561630",
      "t" : 1756461300643,
      "tn" : 1756461300643561630,
      "q" : "1",
      "p" : "0.28254",
      "s" : "sell",
      "i" : "MANAUSD-PERP",
      "m" : "4611686018430996843"
    }, {
      "d" : "1756461299687117093",
      "t" : 1756461299687,
      "tn" : 1756461299687117093,
      "q" : "1",
      "p" : "0.28248",
      "s" : "sell",
      "i" : "MANAUSD-PERP",
      "m" : "4611686018430996842"
    }, {
      "d" : "1756461299624600867",
      "t" : 1756461299624,
      "tn" : 1756461299624600867,
      "q" : "1",
      "p" : "0.28254",
      "s" : "sell",
      "i" : "MANAUSD-PERP",
      "m" : "4611686018430996841"
    }, {
      "d" : "1756461272766797128",
      "t" : 1756461272766,
      "tn" : 1756461272766797128,
      "q" : "1",
      "p" : "0.28242",
      "s" : "sell",
      "i" : "MANAUSD-PERP",
      "m" : "4611686018430996840"
    }, {
      "d" : "1756461239229914561",
      "t" : 1756461239229,
      "tn" : 1756461239229914561,
      "q" : "1",
      "p" : "0.28242",
      "s" : "sell",
      "i" : "MANAUSD-PERP",
      "m" : "4611686018430996839"
    }, {
      "d" : "1756461238227856781",
      "t" : 1756461238227,
      "tn" : 1756461238227856781,
      "q" : "1",
      "p" : "0.28242",
      "s" : "sell",
      "i" : "MANAUSD-PERP",
      "m" : "4611686018430996838"
    }, {
      "d" : "1756461187409561041",
      "t" : 1756461187409,
      "tn" : 1756461187409561041,
      "q" : "1",
      "p" : "0.28242",
      "s" : "sell",
      "i" : "MANAUSD-PERP",
      "m" : "4611686018430996837"
    }, {
      "d" : "1756461178083745667",
      "t" : 1756461178083,
      "tn" : 1756461178083745667,
      "q" : "1",
      "p" : "0.28224",
      "s" : "sell",
      "i" : "MANAUSD-PERP",
      "m" : "4611686018430996836"
    }, {
      "d" : "1756461127426666423",
      "t" : 1756461127426,
      "tn" : 1756461127426666423,
      "q" : "1",
      "p" : "0.28233",
      "s" : "sell",
      "i" : "MANAUSD-PERP",
      "m" : "4611686018430996835"
    }, {
      "d" : "1756461125804108906",
      "t" : 1756461125804,
      "tn" : 1756461125804108906,
      "q" : "1",
      "p" : "0.28224",
      "s" : "sell",
      "i" : "MANAUSD-PERP",
      "m" : "4611686018430996834"
    }, {
      "d" : "1756461121409402649",
      "t" : 1756461121409,
      "tn" : 1756461121409402649,
      "q" : "1",
      "p" : "0.28224",
      "s" : "sell",
      "i" : "MANAUSD-PERP",
      "m" : "4611686018430996833"
    }, {
      "d" : "1756461120012496741",
      "t" : 1756461120012,
      "tn" : 1756461120012496741,
      "q" : "1",
      "p" : "0.28224",
      "s" : "sell",
      "i" : "MANAUSD-PERP",
      "m" : "4611686018430996832"
    }, {
      "d" : "1756461115799950999",
      "t" : 1756461115799,
      "tn" : 1756461115799950999,
      "q" : "1",
      "p" : "0.28212",
      "s" : "sell",
      "i" : "MANAUSD-PERP",
      "m" : "4611686018430996831"
    }, {
      "d" : "1756461089946106553",
      "t" : 1756461089946,
      "tn" : 1756461089946106553,
      "q" : "1",
      "p" : "0.28224",
      "s" : "sell",
      "i" : "MANAUSD-PERP",
      "m" : "4611686018430996830"
    }, {
      "d" : "1756461021221362515",
      "t" : 1756461021221,
      "tn" : 1756461021221362515,
      "q" : "1",
      "p" : "0.28254",
      "s" : "sell",
      "i" : "MANAUSD-PERP",
      "m" : "4611686018430996829"
    }, {
      "d" : "1756461001857347580",
      "t" : 1756461001857,
      "tn" : 1756461001857347580,
      "q" : "1",
      "p" : "0.28272",
      "s" : "sell",
      "i" : "MANAUSD-PERP",
      "m" : "4611686018430996828"
    }, {
      "d" : "1756461000560455220",
      "t" : 1756461000560,
      "tn" : 1756461000560455220,
      "q" : "1",
      "p" : "0.28272",
      "s" : "sell",
      "i" : "MANAUSD-PERP",
      "m" : "4611686018430996827"
    }, {
      "d" : "1756460975597216131",
      "t" : 1756460975597,
      "tn" : 1756460975597216131,
      "q" : "1",
      "p" : "0.28284",
      "s" : "sell",
      "i" : "MANAUSD-PERP",
      "m" : "4611686018430996826"
    }, {
      "d" : "1756460968389219131",
      "t" : 1756460968389,
      "tn" : 1756460968389219131,
      "q" : "1",
      "p" : "0.28284",
      "s" : "sell",
      "i" : "MANAUSD-PERP",
      "m" : "4611686018430996825"
    }, {
      "d" : "1756460963094650926",
      "t" : 1756460963094,
      "tn" : 1756460963094650926,
      "q" : "1",
      "p" : "0.28284",
      "s" : "sell",
      "i" : "MANAUSD-PERP",
      "m" : "4611686018430996824"
    }, {
      "d" : "1756460958378968654",
      "t" : 1756460958378,
      "tn" : 1756460958378968654,
      "q" : "1",
      "p" : "0.28284",
      "s" : "sell",
      "i" : "MANAUSD-PERP",
      "m" : "4611686018430996823"
    }, {
      "d" : "1756460951505736945",
      "t" : 1756460951505,
      "tn" : 1756460951505736945,
      "q" : "1",
      "p" : "0.28284",
      "s" : "sell",
      "i" : "MANAUSD-PERP",
      "m" : "4611686018430996822"
    }, {
      "d" : "1756460947894821594",
      "t" : 1756460947894,
      "tn" : 1756460947894821594,
      "q" : "1",
      "p" : "0.28274",
      "s" : "sell",
      "i" : "MANAUSD-PERP",
      "m" : "4611686018430996821"
    }, {
      "d" : "1756460932965383940",
      "t" : 1756460932965,
      "tn" : 1756460932965383940,
      "q" : "1",
      "p" : "0.28284",
      "s" : "sell",
      "i" : "MANAUSD-PERP",
      "m" : "4611686018430996820"
    }, {
      "d" : "1756460932043661476",
      "t" : 1756460932043,
      "tn" : 1756460932043661476,
      "q" : "1",
      "p" : "0.28284",
      "s" : "sell",
      "i" : "MANAUSD-PERP",
      "m" : "4611686018430996819"
    }, {
      "d" : "1756460926540951288",
      "t" : 1756460926540,
      "tn" : 1756460926540951288,
      "q" : "1",
      "p" : "0.28293",
      "s" : "sell",
      "i" : "MANAUSD-PERP",
      "m" : "4611686018430996818"
    }, {
      "d" : "1756460922557073932",
      "t" : 1756460922557,
      "tn" : 1756460922557073932,
      "q" : "1",
      "p" : "0.28293",
      "s" : "sell",
      "i" : "MANAUSD-PERP",
      "m" : "4611686018430996817"
    }, {
      "d" : "1756460922124899673",
      "t" : 1756460922124,
      "tn" : 1756460922124899673,
      "q" : "1",
      "p" : "0.28284",
      "s" : "sell",
      "i" : "MANAUSD-PERP",
      "m" : "4611686018430996816"
    }, {
      "d" : "1756460921152449415",
      "t" : 1756460921152,
      "tn" : 1756460921152449415,
      "q" : "1",
      "p" : "0.28284",
      "s" : "sell",
      "i" : "MANAUSD-PERP",
      "m" : "4611686018430996815"
    }, {
      "d" : "1756460912109670317",
      "t" : 1756460912109,
      "tn" : 1756460912109670317,
      "q" : "1",
      "p" : "0.28288",
      "s" : "sell",
      "i" : "MANAUSD-PERP",
      "m" : "4611686018430996814"
    }, {
      "d" : "1756460911105403064",
      "t" : 1756460911105,
      "tn" : 1756460911105403064,
      "q" : "1",
      "p" : "0.28288",
      "s" : "sell",
      "i" : "MANAUSD-PERP",
      "m" : "4611686018430996813"
    }, {
      "d" : "1756460908293001257",
      "t" : 1756460908293,
      "tn" : 1756460908293001257,
      "q" : "1",
      "p" : "0.28278",
      "s" : "sell",
      "i" : "MANAUSD-PERP",
      "m" : "4611686018430996812"
    }, {
      "d" : "1756460908275763074",
      "t" : 1756460908275,
      "tn" : 1756460908275763074,
      "q" : "1",
      "p" : "0.28284",
      "s" : "sell",
      "i" : "MANAUSD-PERP",
      "m" : "4611686018430996811"
    }, {
      "d" : "1756460901947425931",
      "t" : 1756460901947,
      "tn" : 1756460901947425931,
      "q" : "1",
      "p" : "0.28275",
      "s" : "sell",
      "i" : "MANAUSD-PERP",
      "m" : "4611686018430996810"
    }, {
      "d" : "1756460900581079834",
      "t" : 1756460900581,
      "tn" : 1756460900581079834,
      "q" : "1",
      "p" : "0.28275",
      "s" : "sell",
      "i" : "MANAUSD-PERP",
      "m" : "4611686018430996809"
    }, {
      "d" : "1756460891914231256",
      "t" : 1756460891914,
      "tn" : 1756460891914231256,
      "q" : "1",
      "p" : "0.28284",
      "s" : "sell",
      "i" : "MANAUSD-PERP",
      "m" : "4611686018430996808"
    }, {
      "d" : "1756460876507216677",
      "t" : 1756460876507,
      "tn" : 1756460876507216677,
      "q" : "1",
      "p" : "0.28274",
      "s" : "sell",
      "i" : "MANAUSD-PERP",
      "m" : "4611686018430996807"
    }, {
      "d" : "1756460863765059589",
      "t" : 1756460863765,
      "tn" : 1756460863765059589,
      "q" : "1",
      "p" : "0.28275",
      "s" : "sell",
      "i" : "MANAUSD-PERP",
      "m" : "4611686018430996806"
    }, {
      "d" : "1756460838861704560",
      "t" : 1756460838861,
      "tn" : 1756460838861704560,
      "q" : "1",
      "p" : "0.28254",
      "s" : "sell",
      "i" : "MANAUSD-PERP",
      "m" : "4611686018430996805"
    }, {
      "d" : "1756460835367498000",
      "t" : 1756460835367,
      "tn" : 1756460835367498000,
      "q" : "1",
      "p" : "0.28238",
      "s" : "sell",
      "i" : "MANAUSD-PERP",
      "m" : "4611686018430996804"
    }, {
      "d" : "1756460835367495552",
      "t" : 1756460835367,
      "tn" : 1756460835367495552,
      "q" : "1",
      "p" : "0.28244",
      "s" : "sell",
      "i" : "MANAUSD-PERP",
      "m" : "4611686018430996803"
    }, {
      "d" : "1756460834341753519",
      "t" : 1756460834341,
      "tn" : 1756460834341753519,
      "q" : "1",
      "p" : "0.28244",
      "s" : "sell",
      "i" : "MANAUSD-PERP",
      "m" : "4611686018430996802"
    }, {
      "d" : "1756460828828213553",
      "t" : 1756460828828,
      "tn" : 1756460828828213553,
      "q" : "1",
      "p" : "0.28244",
      "s" : "sell",
      "i" : "MANAUSD-PERP",
      "m" : "4611686018430996801"
    }, {
      "d" : "1756460823048189184",
      "t" : 1756460823048,
      "tn" : 1756460823048189184,
      "q" : "1",
      "p" : "0.28244",
      "s" : "sell",
      "i" : "MANAUSD-PERP",
      "m" : "4611686018430996800"
    }, {
      "d" : "1756460802738625106",
      "t" : 1756460802738,
      "tn" : 1756460802738625106,
      "q" : "1",
      "p" : "0.28263",
      "s" : "sell",
      "i" : "MANAUSD-PERP",
      "m" : "4611686018430996799"
    }, {
      "d" : "1756460793410443201",
      "t" : 1756460793410,
      "tn" : 1756460793410443201,
      "q" : "1",
      "p" : "0.28254",
      "s" : "sell",
      "i" : "MANAUSD-PERP",
      "m" : "4611686018430996798"
    }, {
      "d" : "1756460766147239331",
      "t" : 1756460766147,
      "tn" : 1756460766147239331,
      "q" : "1",
      "p" : "0.28229",
      "s" : "sell",
      "i" : "MANAUSD-PERP",
      "m" : "4611686018430996797"
    }, {
      "d" : "1756460766085310478",
      "t" : 1756460766085,
      "tn" : 1756460766085310478,
      "q" : "1",
      "p" : "0.28233",
      "s" : "sell",
      "i" : "MANAUSD-PERP",
      "m" : "4611686018430996796"
    }, {
      "d" : "1756460758366158696",
      "t" : 1756460758366,
      "tn" : 1756460758366158696,
      "q" : "1",
      "p" : "0.28224",
      "s" : "sell",
      "i" : "MANAUSD-PERP",
      "m" : "4611686018430996795"
    }, {
      "d" : "1756460756051909969",
      "t" : 1756460756051,
      "tn" : 1756460756051909969,
      "q" : "1",
      "p" : "0.28224",
      "s" : "sell",
      "i" : "MANAUSD-PERP",
      "m" : "4611686018430996794"
    }, {
      "d" : "1756460747904625075",
      "t" : 1756460747904,
      "tn" : 1756460747904625075,
      "q" : "1",
      "p" : "0.28215",
      "s" : "sell",
      "i" : "MANAUSD-PERP",
      "m" : "4611686018430996793"
    }, {
      "d" : "1756460746880392806",
      "t" : 1756460746880,
      "tn" : 1756460746880392806,
      "q" : "1",
      "p" : "0.28215",
      "s" : "sell",
      "i" : "MANAUSD-PERP",
      "m" : "4611686018430996792"
    }, {
      "d" : "1756460746048498178",
      "t" : 1756460746048,
      "tn" : 1756460746048498178,
      "q" : "1",
      "p" : "0.28209",
      "s" : "sell",
      "i" : "MANAUSD-PERP",
      "m" : "4611686018430996791"
    }, {
      "d" : "1756460745900394959",
      "t" : 1756460745900,
      "tn" : 1756460745900394959,
      "q" : "1",
      "p" : "0.28215",
      "s" : "sell",
      "i" : "MANAUSD-PERP",
      "m" : "4611686018430996790"
    }, {
      "d" : "1756460736628166786",
      "t" : 1756460736628,
      "tn" : 1756460736628166786,
      "q" : "1",
      "p" : "0.28203",
      "s" : "sell",
      "i" : "MANAUSD-PERP",
      "m" : "4611686018430996789"
    }, {
      "d" : "1756460736019350658",
      "t" : 1756460736019,
      "tn" : 1756460736019350658,
      "q" : "1",
      "p" : "0.28199",
      "s" : "sell",
      "i" : "MANAUSD-PERP",
      "m" : "4611686018430996788"
    }, {
      "d" : "1756460735640234963",
      "t" : 1756460735640,
      "tn" : 1756460735640234963,
      "q" : "1",
      "p" : "0.28203",
      "s" : "sell",
      "i" : "MANAUSD-PERP",
      "m" : "4611686018430996787"
    }, {
      "d" : "1756460725991336241",
      "t" : 1756460725991,
      "tn" : 1756460725991336241,
      "q" : "1",
      "p" : "0.28185",
      "s" : "sell",
      "i" : "MANAUSD-PERP",
      "m" : "4611686018430996786"
    }, {
      "d" : "1756460701857932712",
      "t" : 1756460701857,
      "tn" : 1756460701857932712,
      "q" : "1",
      "p" : "0.28194",
      "s" : "sell",
      "i" : "MANAUSD-PERP",
      "m" : "4611686018430996785"
    }, {
      "d" : "1756460689832507343",
      "t" : 1756460689832,
      "tn" : 1756460689832507343,
      "q" : "1",
      "p" : "0.28185",
      "s" : "sell",
      "i" : "MANAUSD-PERP",
      "m" : "4611686018430996784"
    }, {
      "d" : "1756460668099823613",
      "t" : 1756460668099,
      "tn" : 1756460668099823613,
      "q" : "1",
      "p" : "0.28194",
      "s" : "sell",
      "i" : "MANAUSD-PERP",
      "m" : "4611686018430996783"
    } ]
  }
}