{
  "id" : -1,
  "method" : "public/get-trades",
  "code" : 0,
  "result" : {
    "data" : [ {
      "d" : "1756461242208536176",
      "t" : 1756461242208,
      "tn" : 1756461242208536176,
      "q" : "1000.0",
      "p" : "0.28230",
      "s" : "buy",
      "i" : "MANA_USD",
      "m" : "4611686018430388078"
    }, {
      "d" : "1756461118987120663",
      "t" : 1756461118987,
      "tn" : 1756461118987120663,
      "q" : "200.0",
      "p" : "0.28261",
      "s" : "sell",
      "i" : "MANA_USD",
      "m" : "4611686018430388077"
    }, {
      "d" : "1756460830991261503",
      "t" : 1756460830991,
      "tn" : 1756460830991261503,
      "q" : "0.1",
      "p" : "0.28295",
      "s" : "buy",
      "i" : "MANA_USD",
      "m" : "4611686018430388076"
    }, {
      "d" : "1756460684923950790",
      "t" : 1756460684923,
      "tn" : 1756460684923950790,
      "q" : "364.2",
      "p" : "0.28232",
      "s" : "sell",
      "i" : "MANA_USD",
      "m" : "4611686018430388075"
    }, {
      "d" : "1756460226801164993",
      "t" : 1756460226801,
      "tn" : 1756460226801164993,
      "q" : "5819.8",
      "p" : "0.28202",
      "s" : "sell",
      "i" : "MANA_USD",
      "m" : "4611686018430388074"
    }, {
      "d" : "1756459946791613927",
      "t" : 1756459946791,
      "tn" : 1756459946791613927,
      "q" : "108.0",
      "p" : "0.28158",
      "s" : "buy",
      "i" : "MANA_USD",
      "m" : "4611686018430388073"
    }, {
      "d" : "1756459041722035101",
      "t" : 1756459041722,
      "tn" : 1756459041722035101,
      "q" : "70.0",
      "p" : "0.28067",
      "s" : "buy",
      "i" : "MANA_USD",
      "m" : "4611686018430388072"
    }, {
      "d" : "1756458361383922213",
      "t" : 1756458361383,
      "tn" : 1756458361383922213,
      "q" : "404.8",
      "p" : "0.28028",
      "s" : "buy",
      "i" : "MANA_USD",
      "m" : "4611686018430388071"
    }, {
      "d" : "1756458163036306565",
      "t" : 1756458163036,
      "tn" : 1756458163036306565,
      "q" : "357.3",
      "p" : "0.27986",
      "s" : "sell",
      "i" : "MANA_USD",
      "m" : "4611686018430388070"
    }, {
      "d" : "1756458158029021800",
      "t" : 1756458158029,
      "tn" : 1756458158029021800,
      "q" : "25.0",
      "p" : "0.28013",
      "s" : "sell",
      "i" : "MANA_USD",
      "m" : "4611686018430388069"
    }, {
      "d" : "1756457230992062853",
      "t" : 1756457230992,
      "tn" : 1756457230992062853,
      "q" : "0.1",
      "p" : "0.28269",
      "s" : "buy",
      "i" : "MANA_USD",
      "m" : "4611686018430388068"
    }, {
      "d" : "1756456914907179005",
      "t" : 1756456914907,
      "tn" : 1756456914907179005,
      "q" : "52.0",
      "p" : "0.28249",
      "s" : "buy",
      "i" : "MANA_USD",
      "m" : "4611686018430388067"
    }, {
      "d" : "1756456393092329654",
      "t" : 1756456393092,
      "tn" : 1756456393092329654,
      "q" : "53.0",
      "p" : "0.28312",
      "s" : "buy",
      "i" : "MANA_USD",
      "m" : "4611686018430388066"
    }, {
      "d" : "1756455145266851102",
      "t" : 1756455145266,
      "tn" : 1756455145266851102,
      "q" : "25.0",
      "p" : "0.28293",
      "s" : "sell",
      "i" : "MANA_USD",
      "m" : "4611686018430388065"
    }, {
      "d" : "1756455036011309438",
      "t" : 1756455036011,
      "tn" : 1756455036011309438,
      "q" : "339.4",
      "p" : "0.28385",
      "s" : "sell",
      "i" : "MANA_USD",
      "m" : "4611686018430388064"
    }, {
      "d" : "1756453630991194283",
      "t" : 1756453630991,
      "tn" : 1756453630991194283,
      "q" : "0.1",
      "p" : "0.28621",
      "s" : "buy",
      "i" : "MANA_USD",
      "m" : "4611686018430388063"
    }, {
      "d" : "1756453391866204993",
      "t" : 1756453391866,
      "tn" : 1756453391866204993,
      "q" : "331.0",
      "p" : "0.28551",
      "s" : "sell",
      "i" : "MANA_USD",
      "m" : "4611686018430388062"
    }, {
      "d" : "1756452978046227090",
      "t" : 1756452978046,
      "tn" : 1756452978046227090,
      "q" : "79.9",
      "p" : "0.28580",
      "s" : "buy",
      "i" : "MANA_USD",
      "m" : "4611686018430388061"
    }, {
      "d" : "1756452194369236658",
      "t" : 1756452194369,
      "tn" : 1756452194369236658,
      "q" : "989.9",
      "p" : "0.28607",
      "s" : "sell",
      "i" : "MANA_USD",
      "m" : "4611686018430388060"
    }, {
      "d" : "1756452143854511509",
      "t" : 1756452143854,
      "tn" : 1756452143854511509,
      "q" : "282.0",
      "p" : "0.28589",
      "s" : "sell",
      "i" : "MANA_USD",
      "m" : "4611686018430388059"
    }, {
      "d" : "1756452130650295143",
      "t" : 1756452130650,
      "tn" : 1756452130650295143,
      "q" : "31.2",
      "p" : "0.28609",
      "s" : "sell",
      "i" : "MANA_USD",
      "m" : "4611686018430388058"
    }, {
      "d" : "1756451760687026653",
      "t" : 1756451760687,
      "tn" : 1756451760687026653,
      "q" : "4017.1",
      "p" : "0.28617",
      "s" : "sell",
      "i" : "MANA_USD",
      "m" : "4611686018430388057"
    }, {
      "d" : "1756451760687024516",
      "t" : 1756451760687,
      "tn" : 1756451760687024516,
      "q" : "349.4",
      "p" : "0.28618",
      "s" : "sell",
      "i" : "MANA_USD",
      "m" : "4611686018430388056"
    }, {
      "d" : "1756450030991879940",
      "t" : 1756450030991,
      "tn" : 1756450030991879940,
      "q" : "0.1",
      "p" : "0.29163",
      "s" : "buy",
      "i" : "MANA_USD",
      "m" : "4611686018430388055"
    }, {
      "d" : "1756449611064146246",
      "t" : 1756449611064,
      "tn" : 1756449611064146246,
      "q" : "356.7",
      "p" : "0.28957",
      "s" : "sell",
      "i" : "MANA_USD",
      "m" : "4611686018430388054"
    }, {
      "d" : "1756448831488598986",
      "t" : 1756448831488,
      "tn" : 1756448831488598986,
      "q" : "738.8",
      "p" : "0.29081",
      "s" : "buy",
      "i" : "MANA_USD",
      "m" : "4611686018430388053"
    }, {
      "d" : "1756447862090232798",
      "t" : 1756447862090,
      "tn" : 1756447862090232798,
      "q" : "100.0",
      "p" : "0.29272",
      "s" : "sell",
      "i" : "MANA_USD",
      "m" : "4611686018430388052"
    }, {
      "d" : "1756446964427158370",
      "t" : 1756446964427,
      "tn" : 1756446964427158370,
      "q" : "77.6",
      "p" : "0.29297",
      "s" : "buy",
      "i" : "MANA_USD",
      "m" : "4611686018430388051"
    }, {
      "d" : "1756446947826652779",
      "t" : 1756446947826,
      "tn" : 1756446947826652779,
      "q" : "326.8",
      "p" : "0.29348",
      "s" : "sell",
      "i" : "MANA_USD",
      "m" : "4611686018430388050"
    }, {
      "d" : "1756446519052028555",
      "t" : 1756446519052,
      "tn" : 1756446519052028555,
      "q" : "339.5",
      "p" : "0.29431",
      "s" : "buy",
      "i" : "MANA_USD",
      "m" : "4611686018430388049"
    }, {
      "d" : "1756446430991195607",
      "t" : 1756446430991,
      "tn" : 1756446430991195607,
      "q" : "0.1",
      "p" : "0.29372",
      "s" : "buy",
      "i" : "MANA_USD",
      "m" : "4611686018430388048"
    }, {
      "d" : "1756446308556591951",
      "t" : 1756446308556,
      "tn" : 1756446308556591951,
      "q" : "337.0",
      "p" : "0.29278",
      "s" : "buy",
      "i" : "MANA_USD",
      "m" : "4611686018430388047"
    }, {
      "d" : "1756445835012059739",
      "t" : 1756445835012,
      "tn" : 1756445835012059739,
      "q" : "416.1",
      "p" : "0.29221",
      "s" : "buy",
      "i" : "MANA_USD",
      "m" : "4611686018430388046"
    }, {
      "d" : "1756444641891416682",
      "t" : 1756444641891,
      "tn" : 1756444641891416682,
      "q" : "394.7",
      "p" : "0.29244",
      "s" : "sell",
      "i" : "MANA_USD",
      "m" : "4611686018430388045"
    }, {
      "d" : "1756444288684493201",
      "t" : 1756444288684,
      "tn" : 1756444288684493201,
      "q" : "266.8",
      "p" : "0.29292",
      "s" : "buy",
      "i" : "MANA_USD",
      "m" : "4611686018430388044"
    }, {
      "d" : "1756442830991497808",
      "t" : 1756442830991,
      "tn" : 1756442830991497808,
      "q" : "0.1",
      "p" : "0.29521",
      "s" : "buy",
      "i" : "MANA_USD",
      "m" : "4611686018430388043"
    }, {
      "d" : "1756442825119239089",
      "t" : 1756442825119,
      "tn" : 1756442825119239089,
      "q" : "42.0",
      "p" : "0.29450",
      "s" : "buy",
      "i" : "MANA_USD",
      "m" : "4611686018430388042"
    }, {
      "d" : "1756442692874233785",
      "t" : 1756442692874,
      "tn" : 1756442692874233785,
      "q" : "200.0",
      "p" : "0.29439",
      "s" : "buy",
      "i" : "MANA_USD",
      "m" : "4611686018430388041"
    }, {
      "d" : "1756442477235836421",
      "t" : 1756442477235,
      "tn" : 1756442477235836421,
      "q" : "564.6",
      "p" : "0.29434",
      "s" : "buy",
      "i" : "MANA_USD",
      "m" : "4611686018430388040"
    }, {
      "d" : "1756442477232201108",
      "t" : 1756442477232,
      "tn" : 1756442477232201108,
      "q" : "339.7",
      "p" : "0.29434",
      "s" : "sell",
      "i" : "MANA_USD",
      "m" : "4611686018430388039"
    }, {
      "d" : "1756442402968157977",
      "t" : 1756442402968,
      "tn" : 1756442402968157977,
      "q" : "49.4",
      "p" : "0.29453",
      "s" : "sell",
      "i" : "MANA_USD",
      "m" : "4611686018430388038"
    }, {
      "d" : "1756442022373881457",
      "t" : 1756442022373,
      "tn" : 1756442022373881457,
      "q" : "6752.7",
      "p" : "0.29512",
      "s" : "buy",
      "i" : "MANA_USD",
      "m" : "4611686018430388037"
    }, {
      "d" : "1756441902668902236",
      "t" : 1756441902668,
      "tn" : 1756441902668902236,
      "q" : "6684.5",
      "p" : "0.29517",
      "s" : "buy",
      "i" : "MANA_USD",
      "m" : "4611686018430388036"
    }, {
      "d" : "1756441902668900368",
      "t" : 1756441902668,
      "tn" : 1756441902668900368,
      "q" : "66.2",
      "p" : "0.29516",
      "s" : "buy",
      "i" : "MANA_USD",
      "m" : "4611686018430388035"
    }, {
      "d" : "1756441572437002940",
      "t" : 1756441572437,
      "tn" : 1756441572437002940,
      "q" : "102.5",
      "p" : "0.29420",
      "s" : "buy",
      "i" : "MANA_USD",
      "m" : "4611686018430388034"
    }, {
      "d" : "1756441296767982522",
      "t" : 1756441296767,
      "tn" : 1756441296767982522,
      "q" : "6.9",
      "p" : "0.29391",
      "s" : "buy",
      "i" : "MANA_USD",
      "m" : "4611686018430388033"
    }, {
      "d" : "1756441296706179778",
      "t" : 1756441296706,
      "tn" : 1756441296706179778,
      "q" : "26.6",
      "p" : "0.29391",
      "s" : "buy",
      "i" : "MANA_USD",
      "m" : "4611686018430388032"
    }, {
      "d" : "1756441258895277376",
      "t" : 1756441258895,
      "tn" : 1756441258895277376,
      "q" : "866.5",
      "p" : "0.29457",
      "s" : "sell",
      "i" : "MANA_USD",
      "m" : "4611686018430388031"
    }, {
      "d" : "1756441198372473253",
      "t" : 1756441198372,
      "tn" : 1756441198372473253,
      "q" : "341.6",
      "p" : "0.29389",
      "s" : "buy",
      "i" : "MANA_USD",
      "m" : "4611686018430388030"
    }, {
      "d" : "1756440860094806376",
      "t" : 1756440860094,
      "tn" : 1756440860094806376,
      "q" : "85.2",
      "p" : "0.29358",
      "s" : "buy",
      "i" : "MANA_USD",
      "m" : "4611686018430388029"
    }, {
      "d" : "1756440735185977543",
      "t" : 1756440735185,
      "tn" : 1756440735185977543,
      "q" : "25.5",
      "p" : "0.29301",
      "s" : "buy",
      "i" : "MANA_USD",
      "m" : "4611686018430388028"
    }, {
      "d" : "1756440735123785083",
      "t" : 1756440735123,
      "tn" : 1756440735123785083,
      "q" : "88.7",
      "p" : "0.29301",
      "s" : "buy",
      "i" : "MANA_USD",
      "m" : "4611686018430388027"
    }, {
      "d" : "1756440609423479770",
      "t" : 1756440609423,
      "tn" : 1756440609423479770,
      "q" : "187.0",
      "p" : "0.29394",
      "s" : "buy",
      "i" : "MANA_USD",
      "m" : "4611686018430388026"
    }, {
      "d" : "1756440609243182605",
      "t" : 1756440609243,
      "tn" : 1756440609243182605,
      "q" : "38.4",
      "p" : "0.29330",
      "s" : "buy",
      "i" : "MANA_USD",
      "m" : "4611686018430388025"
    }, {
      "d" : "1756440609182056727",
      "t" : 1756440609182,
      "tn" : 1756440609182056727,
      "q" : "132.6",
      "p" : "0.29330",
      "s" : "buy",
      "i" : "MANA_USD",
      "m" : "4611686018430388024"
    }, {
      "d" : "1756440489136033744",
      "t" : 1756440489136,
      "tn" : 1756440489136033744,
      "q" : "24.8",
      "p" : "0.29364",
      "s" : "buy",
      "i" : "MANA_USD",
      "m" : "4611686018430388023"
    }, {
      "d" : "1756440489074622562",
      "t" : 1756440489074,
      "tn" : 1756440489074622562,
      "q" : "92.0",
      "p" : "0.29364",
      "s" : "buy",
      "i" : "MANA_USD",
      "m" : "4611686018430388022"
    }, {
      "d" : "1756440348219811057",
      "t" : 1756440348219,
      "tn" : 1756440348219811057,
      "q" : "285.0",
      "p" : "0.29402",
      "s" : "sell",
      "i" : "MANA_USD",
      "m" : "4611686018430388021"
    }, {
      "d" : "1756440105266185160",
      "t" : 1756440105266,
      "tn" : 1756440105266185160,
      "q" : "782.1",
      "p" : "0.29485",
      "s" : "buy",
      "i" : "MANA_USD",
      "m" : "4611686018430388020"
    }, {
      "d" : "1756440105266183420",
      "t" : 1756440105266,
      "tn" : 1756440105266183420,
      "q" : "66.3",
      "p" : "0.29484",
      "s" : "buy",
      "i" : "MANA_USD",
      "m" : "4611686018430388019"
    }, {
      "d" : "1756440105241396206",
      "t" : 1756440105241,
      "tn" : 1756440105241396206,
      "q" : "433.9",
      "p" : "0.29485",
      "s" : "buy",
      "i" : "MANA_USD",
      "m" : "4611686018430388018"
    }, {
      "d" : "1756440105241393966",
      "t" : 1756440105241,
      "tn" : 1756440105241393966,
      "q" : "66.3",
      "p" : "0.29484",
      "s" : "buy",
      "i" : "MANA_USD",
      "m" : "4611686018430388017"
    }, {
      "d" : "1756440104732473370",
      "t" : 1756440104732,
      "tn" : 1756440104732473370,
      "q" : "673.5",
      "p" : "0.29420",
      "s" : "buy",
      "i" : "MANA_USD",
      "m" : "4611686018430388016"
    }, {
      "d" : "1756440104731846418",
      "t" : 1756440104731,
      "tn" : 1756440104731846418,
      "q" : "2875.1",
      "p" : "0.29420",
      "s" : "buy",
      "i" : "MANA_USD",
      "m" : "4611686018430388015"
    }, {
      "d" : "1756439472956111805",
      "t" : 1756439472956,
      "tn" : 1756439472956111805,
      "q" : "102.1",
      "p" : "0.29434",
      "s" : "buy",
      "i" : "MANA_USD",
      "m" : "4611686018430388014"
    }, {
      "d" : "1756439230991319719",
      "t" : 1756439230991,
      "tn" : 1756439230991319719,
      "q" : "0.1",
      "p" : "0.29490",
      "s" : "buy",
      "i" : "MANA_USD",
      "m" : "4611686018430388013"
    }, {
      "d" : "1756438263450792031",
      "t" : 1756438263450,
      "tn" : 1756438263450792031,
      "q" : "39.2",
      "p" : "0.29350",
      "s" : "buy",
      "i" : "MANA_USD",
      "m" : "4611686018430388012"
    }, {
      "d" : "1756438257532326043",
      "t" : 1756438257532,
      "tn" : 1756438257532326043,
      "q" : "125.8",
      "p" : "0.29357",
      "s" : "buy",
      "i" : "MANA_USD",
      "m" : "4611686018430388011"
    }, {
      "d" : "1756438145108490598",
      "t" : 1756438145108,
      "tn" : 1756438145108490598,
      "q" : "127.4",
      "p" : "0.29355",
      "s" : "buy",
      "i" : "MANA_USD",
      "m" : "4611686018430388010"
    }, {
      "d" : "1756437906892925134",
      "t" : 1756437906892,
      "tn" : 1756437906892925134,
      "q" : "13.3",
      "p" : "0.29362",
      "s" : "buy",
      "i" : "MANA_USD",
      "m" : "4611686018430388009"
    }, {
      "d" : "1756437906859389743",
      "t" : 1756437906859,
      "tn" : 1756437906859389743,
      "q" : "60.5",
      "p" : "0.29362",
      "s" : "buy",
      "i" : "MANA_USD",
      "m" : "4611686018430388008"
    }, {
      "d" : "1756437788262741898",
      "t" : 1756437788262,
      "tn" : 1756437788262741898,
      "q" : "3.9",
      "p" : "0.29343",
      "s" : "buy",
      "i" : "MANA_USD",
      "m" : "4611686018430388007"
    }, {
      "d" : "1756437788229040844",
      "t" : 1756437788229,
      "tn" : 1756437788229040844,
      "q" : "18.2",
      "p" : "0.29343",
      "s" : "buy",
      "i" : "MANA_USD",
      "m" : "4611686018430388006"
    }, {
      "d" : "1756437788201614542",
      "t" : 1756437788201,
      "tn" : 1756437788201614542,
      "q" : "81.1",
      "p" : "0.29343",
      "s" : "buy",
      "i" : "MANA_USD",
      "m" : "4611686018430388005"
    }, {
      "d" : "1756436987405956103",
      "t" : 1756436987405,
      "tn" : 1756436987405956103,
      "q" : "1850.0",
      "p" : "0.29346",
      "s" : "buy",
      "i" : "MANA_USD",
      "m" : "4611686018430388004"
    }, {
      "d" : "1756436829181192704",
      "t" : 1756436829181,
      "tn" : 1756436829181192704,
      "q" : "177.5",
      "p" : "0.29337",
      "s" : "sell",
      "i" : "MANA_USD",
      "m" : "4611686018430388003"
    }, {
      "d" : "1756436675044739931",
      "t" : 1756436675044,
      "tn" : 1756436675044739931,
      "q" : "1475.0",
      "p" : "0.29320",
      "s" : "buy",
      "i" : "MANA_USD",
      "m" : "4611686018430388002"
    }, {
      "d" : "1756436216841319416",
      "t" : 1756436216841,
      "tn" : 1756436216841319416,
      "q" : "156.4",
      "p" : "0.29416",
      "s" : "sell",
      "i" : "MANA_USD",
      "m" : "4611686018430388001"
    }, {
      "d" : "1756435987115157811",
      "t" : 1756435987115,
      "tn" : 1756435987115157811,
      "q" : "422.4",
      "p" : "0.29310",
      "s" : "sell",
      "i" : "MANA_USD",
      "m" : "4611686018430388000"
    }, {
      "d" : "1756435987107416822",
      "t" : 1756435987107,
      "tn" : 1756435987107416822,
      "q" : "5508.6",
      "p" : "0.29323",
      "s" : "buy",
      "i" : "MANA_USD",
      "m" : "4611686018430387999"
    }, {
      "d" : "1756435987107275039",
      "t" : 1756435987107,
      "tn" : 1756435987107275039,
      "q" : "7588.3",
      "p" : "0.29323",
      "s" : "buy",
      "i" : "MANA_USD",
      "m" : "4611686018430387998"
    }, {
      "d" : "1756435987107272908",
      "t" : 1756435987107,
      "tn" : 1756435987107272908,
      "q" : "298.7",
      "p" : "0.29322",
      "s" : "buy",
      "i" : "MANA_USD",
      "m" : "4611686018430387997"
    }, {
      "d" : "1756435836625426438",
      "t" : 1756435836625,
      "tn" : 1756435836625426438,
      "q" : "85.0",
      "p" : "0.29258",
      "s" : "buy",
      "i" : "MANA_USD",
      "m" : "4611686018430387996"
    }, {
      "d" : "1756435630991293992",
      "t" : 1756435630991,
      "tn" : 1756435630991293992,
      "q" : "0.1",
      "p" : "0.29286",
      "s" : "buy",
      "i" : "MANA_USD",
      "m" : "4611686018430387995"
    }, {
      "d" : "1756434970929270256",
      "t" : 1756434970929,
      "tn" : 1756434970929270256,
      "q" : "255.0",
      "p" : "0.29240",
      "s" : "buy",
      "i" : "MANA_USD",
      "m" : "4611686018430387994"
    }, {
      "d" : "1756434847801867181",
      "t" : 1756434847801,
      "tn" : 1756434847801867181,
      "q" : "36.5",
      "p" : "0.29324",
      "s" : "sell",
      "i" : "MANA_USD",
      "m" : "4611686018430387993"
    }, {
      "d" : "1756434799147067488",
      "t" : 1756434799147,
      "tn" : 1756434799147067488,
      "q" : "458.9",
      "p" : "0.29241",
      "s" : "buy",
      "i" : "MANA_USD",
      "m" : "4611686018430387992"
    }, {
      "d" : "1756433540463836540",
      "t" : 1756433540463,
      "tn" : 1756433540463836540,
      "q" : "980.4",
      "p" : "0.29222",
      "s" : "sell",
      "i" : "MANA_USD",
      "m" : "4611686018430387991"
    }, {
      "d" : "1756432675621699386",
      "t" : 1756432675621,
      "tn" : 1756432675621699386,
      "q" : "149.5",
      "p" : "0.29158",
      "s" : "buy",
      "i" : "MANA_USD",
      "m" : "4611686018430387990"
    }, {
      "d" : "1756432220356110011",
      "t" : 1756432220356,
      "tn" : 1756432220356110011,
      "q" : "301.9",
      "p" : "0.29161",
      "s" : "buy",
      "i" : "MANA_USD",
      "m" : "4611686018430387989"
    }, {
      "d" : "1756432109101200826",
      "t" : 1756432109101,
      "tn" : 1756432109101200826,
      "q" : "43.2",
      "p" : "0.29138",
      "s" : "buy",
      "i" : "MANA_USD",
      "m" : "4611686018430387988"
    }, {
      "d" : "1756432030991596416",
      "t" : 1756432030991,
      "tn" : 1756432030991596416,
      "q" : "0.1",
      "p" : "0.29218",
      "s" : "buy",
      "i" : "MANA_USD",
      "m" : "4611686018430387987"
    }, {
      "d" : "1756431697605057944",
      "t" : 1756431697605,
      "tn" : 1756431697605057944,
      "q" : "1257.7",
      "p" : "0.29249",
      "s" : "buy",
      "i" : "MANA_USD",
      "m" : "4611686018430387986"
    }, {
      "d" : "1756431132187438781",
      "t" : 1756431132187,
      "tn" : 1756431132187438781,
      "q" : "38.1",
      "p" : "0.29195",
      "s" : "buy",
      "i" : "MANA_USD",
      "m" : "4611686018430387985"
    }, {
      "d" : "1756429603980302373",
      "t" : 1756429603980,
      "tn" : 1756429603980302373,
      "q" : "325.0",
      "p" : "0.29408",
      "s" : "buy",
      "i" : "MANA_USD",
      "m" : "4611686018430387984"
    }, {
      "d" : "1756429415128099165",
      "t" : 1756429415128,
      "tn" : 1756429415128099165,
      "q" : "110.7",
      "p" : "0.29498",
      "s" : "buy",
      "i" : "MANA_USD",
      "m" : "4611686018430387983"
    }, {
      "d" : "1756429157424042856",
      "t" : 1756429157424,
      "tn" : 1756429157424042856,
      "q" : "17.0",
      "p" : "0.29519",
      "s" : "sell",
      "i" : "MANA_USD",
      "m" : "4611686018430387982"
    }, {
      "d" : "1756428430991331069",
      "t" : 1756428430991,
      "tn" : 1756428430991331069,
      "q" : "0.1",
      "p" : "0.29569",
      "s" : "buy",
      "i" : "MANA_USD",
      "m" : "4611686018430387981"
    }, {
      "d" : "1756427789829170023",
      "t" : 1756427789829,
      "tn" : 1756427789829170023,
      "q" : "39.0",
      "p" : "0.29545",
      "s" : "buy",
      "i" : "MANA_USD",
      "m" : "4611686018430387980"
    }, {
      "d" : "1756427582505963173",
      "t" : 1756427582505,
      "tn" : 1756427582505963173,
      "q" : "153.4",
      "p" : "0.29578",
      "s" : "buy",
      "i" : "MANA_USD",
      "m" : "4611686018430387979"
    }, {
      "d" : "1756427541376689965",
      "t" : 1756427541376,
      "tn" : 1756427541376689965,
      "q" : "282.0",
      "p" : "0.29582",
      "s" : "sell",
      "i" : "MANA_USD",
      "m" : "4611686018430387978"
    }, {
      "d" : "1756427385660022166",
      "t" : 1756427385660,
      "tn" : 1756427385660022166,
      "q" : "25.0",
      "p" : "0.29737",
      "s" : "buy",
      "i" : "MANA_USD",
      "m" : "4611686018430387977"
    }, {
      "d" : "1756427360470413523",
      "t" : 1756427360470,
      "tn" : 1756427360470413523,
      "q" : "2277.6",
      "p" : "0.29659",
      "s" : "sell",
      "i" : "MANA_USD",
      "m" : "4611686018430387976"
    }, {
      "d" : "1756427321633564445",
      "t" : 1756427321633,
      "tn" : 1756427321633564445,
      "q" : "46.0",
      "p" : "0.29648",
      "s" : "buy",
      "i" : "MANA_USD",
      "m" : "4611686018430387975"
    }, {
      "d" : "1756427321614956532",
      "t" : 1756427321614,
      "tn" : 1756427321614956532,
      "q" : "487.2",
      "p" : "0.29648",
      "s" : "buy",
      "i" : "MANA_USD",
      "m" : "4611686018430387974"
    }, {
      "d" : "1756427321614954120",
      "t" : 1756427321614,
      "tn" : 1756427321614954120,
      "q" : "355.1",
      "p" : "0.29647",
      "s" : "buy",
      "i" : "MANA_USD",
      "m" : "4611686018430387973"
    }, {
      "d" : "1756427321060297174",
      "t" : 1756427321060,
      "tn" : 1756427321060297174,
      "q" : "887.7",
      "p" : "0.29585",
      "s" : "buy",
      "i" : "MANA_USD",
      "m" : "4611686018430387972"
    }, {
      "d" : "1756427283251774339",
      "t" : 1756427283251,
      "tn" : 1756427283251774339,
      "q" : "37.0",
      "p" : "0.29603",
      "s" : "sell",
      "i" : "MANA_USD",
      "m" : "4611686018430387971"
    }, {
      "d" : "1756426302931135456",
      "t" : 1756426302931,
      "tn" : 1756426302931135456,
      "q" : "351.0",
      "p" : "0.29584",
      "s" : "buy",
      "i" : "MANA_USD",
      "m" : "4611686018430387970"
    }, {
      "d" : "1756426217917870161",
      "t" : 1756426217917,
      "tn" : 1756426217917870161,
      "q" : "123.2",
      "p" : "0.29570",
      "s" : "sell",
      "i" : "MANA_USD",
      "m" : "4611686018430387969"
    }, {
      "d" : "1756425821605804261",
      "t" : 1756425821605,
      "tn" : 1756425821605804261,
      "q" : "17.0",
      "p" : "0.29562",
      "s" : "sell",
      "i" : "MANA_USD",
      "m" : "4611686018430387968"
    }, {
      "d" : "1756425770310908107",
      "t" : 1756425770310,
      "tn" : 1756425770310908107,
      "q" : "279.0",
      "p" : "0.29549",
      "s" : "sell",
      "i" : "MANA_USD",
      "m" : "4611686018430387967"
    }, {
      "d" : "1756425657628120015",
      "t" : 1756425657628,
      "tn" : 1756425657628120015,
      "q" : "1940.8",
      "p" : "0.29568",
      "s" : "sell",
      "i" : "MANA_USD",
      "m" : "4611686018430387966"
    }, {
      "d" : "1756425657628053956",
      "t" : 1756425657628,
      "tn" : 1756425657628053956,
      "q" : "337.9",
      "p" : "0.29568",
      "s" : "sell",
      "i" : "MANA_USD",
      "m" : "4611686018430387965"
    }, {
      "d" : "1756425657628051891",
      "t" : 1756425657628,
      "tn" : 1756425657628051891,
      "q" : "338.1",
      "p" : "0.29569",
      "s" : "sell",
      "i" : "MANA_USD",
      "m" : "4611686018430387964"
    }, {
      "d" : "1756424830991293755",
      "t" : 1756424830991,
      "tn" : 1756424830991293755,
      "q" : "0.1",
      "p" : "0.29722",
      "s" : "buy",
      "i" : "MANA_USD",
      "m" : "4611686018430387963"
    }, {
      "d" : "1756424340182529958",
      "t" : 1756424340182,
      "tn" : 1756424340182529958,
      "q" : "1000.0",
      "p" : "0.29475",
      "s" : "buy",
      "i" : "MANA_USD",
      "m" : "4611686018430387962"
    }, {
      "d" : "1756424220917352172",
      "t" : 1756424220917,
      "tn" : 1756424220917352172,
      "q" : "689.9",
      "p" : "0.29468",
      "s" : "buy",
      "i" : "MANA_USD",
      "m" : "4611686018430387961"
    }, {
      "d" : "1756424019925798725",
      "t" : 1756424019925,
      "tn" : 1756424019925798725,
      "q" : "52.7",
      "p" : "0.29414",
      "s" : "sell",
      "i" : "MANA_USD",
      "m" : "4611686018430387960"
    }, {
      "d" : "1756423731481489025",
      "t" : 1756423731481,
      "tn" : 1756423731481489025,
      "q" : "194.8",
      "p" : "0.29500",
      "s" : "buy",
      "i" : "MANA_USD",
      "m" : "4611686018430387959"
    }, {
      "d" : "1756423731481486953",
      "t" : 1756423731481,
      "tn" : 1756423731481486953,
      "q" : "30.8",
      "p" : "0.29494",
      "s" : "buy",
      "i" : "MANA_USD",
      "m" : "4611686018430387958"
    }, {
      "d" : "1756423731481483333",
      "t" : 1756423731481,
      "tn" : 1756423731481483333,
      "q" : "78.6",
      "p" : "0.29493",
      "s" : "buy",
      "i" : "MANA_USD",
      "m" : "4611686018430387957"
    }, {
      "d" : "1756423731045832566",
      "t" : 1756423731045,
      "tn" : 1756423731045832566,
      "q" : "303.8",
      "p" : "0.29428",
      "s" : "buy",
      "i" : "MANA_USD",
      "m" : "4611686018430387956"
    }, {
      "d" : "1756422939844584414",
      "t" : 1756422939844,
      "tn" : 1756422939844584414,
      "q" : "208.3",
      "p" : "0.29461",
      "s" : "sell",
      "i" : "MANA_USD",
      "m" : "4611686018430387955"
    }, {
      "d" : "1756422939840534032",
      "t" : 1756422939840,
      "tn" : 1756422939840534032,
      "q" : "200.2",
      "p" : "0.29461",
      "s" : "sell",
      "i" : "MANA_USD",
      "m" : "4611686018430387954"
    }, {
      "d" : "1756421435894091649",
      "t" : 1756421435894,
      "tn" : 1756421435894091649,
      "q" : "100.0",
      "p" : "0.29428",
      "s" : "buy",
      "i" : "MANA_USD",
      "m" : "4611686018430387953"
    }, {
      "d" : "1756421239907504800",
      "t" : 1756421239907,
      "tn" : 1756421239907504800,
      "q" : "75.0",
      "p" : "0.29478",
      "s" : "sell",
      "i" : "MANA_USD",
      "m" : "4611686018430387952"
    }, {
      "d" : "1756421230991373737",
      "t" : 1756421230991,
      "tn" : 1756421230991373737,
      "q" : "0.1",
      "p" : "0.29495",
      "s" : "buy",
      "i" : "MANA_USD",
      "m" : "4611686018430387951"
    }, {
      "d" : "1756419965050818742",
      "t" : 1756419965050,
      "tn" : 1756419965050818742,
      "q" : "150.0",
      "p" : "0.29408",
      "s" : "buy",
      "i" : "MANA_USD",
      "m" : "4611686018430387950"
    }, {
      "d" : "1756419964467216726",
      "t" : 1756419964467,
      "tn" : 1756419964467216726,
      "q" : "150.0",
      "p" : "0.29339",
      "s" : "buy",
      "i" : "MANA_USD",
      "m" : "4611686018430387949"
    }, {
      "d" : "1756419240605330133",
      "t" : 1756419240605,
      "tn" : 1756419240605330133,
      "q" : "138.1",
      "p" : "0.29265",
      "s" : "buy",
      "i" : "MANA_USD",
      "m" : "4611686018430387948"
    }, {
      "d" : "1756419240023228019",
      "t" : 1756419240023,
      "tn" : 1756419240023228019,
      "q" : "137.8",
      "p" : "0.29213",
      "s" : "buy",
      "i" : "MANA_USD",
      "m" : "4611686018430387947"
    }, {
      "d" : "1756418743400999547",
      "t" : 1756418743400,
      "tn" : 1756418743400999547,
      "q" : "182.0",
      "p" : "0.29223",
      "s" : "buy",
      "i" : "MANA_USD",
      "m" : "4611686018430387946"
    }, {
      "d" : "1756418743052338066",
      "t" : 1756418743052,
      "tn" : 1756418743052338066,
      "q" : "182.0",
      "p" : "0.29158",
      "s" : "buy",
      "i" : "MANA_USD",
      "m" : "4611686018430387945"
    }, {
      "d" : "1756418505783370440",
      "t" : 1756418505783,
      "tn" : 1756418505783370440,
      "q" : "2405.0",
      "p" : "0.29129",
      "s" : "sell",
      "i" : "MANA_USD",
      "m" : "4611686018430387944"
    }, {
      "d" : "1756418505783368006",
      "t" : 1756418505783,
      "tn" : 1756418505783368006,
      "q" : "35.9",
      "p" : "0.29130",
      "s" : "sell",
      "i" : "MANA_USD",
      "m" : "4611686018430387943"
    }, {
      "d" : "1756418463751313098",
      "t" : 1756418463751,
      "tn" : 1756418463751313098,
      "q" : "50.0",
      "p" : "0.29127",
      "s" : "buy",
      "i" : "MANA_USD",
      "m" : "4611686018430387942"
    }, {
      "d" : "1756418426526778956",
      "t" : 1756418426526,
      "tn" : 1756418426526778956,
      "q" : "124.0",
      "p" : "0.29124",
      "s" : "buy",
      "i" : "MANA_USD",
      "m" : "4611686018430387941"
    }, {
      "d" : "1756418213215992532",
      "t" : 1756418213215,
      "tn" : 1756418213215992532,
      "q" : "276.2",
      "p" : "0.29158",
      "s" : "buy",
      "i" : "MANA_USD",
      "m" : "4611686018430387940"
    }, {
      "d" : "1756418212840696782",
      "t" : 1756418212840,
      "tn" : 1756418212840696782,
      "q" : "954.3",
      "p" : "0.29103",
      "s" : "buy",
      "i" : "MANA_USD",
      "m" : "4611686018430387939"
    }, {
      "d" : "1756418076751973914",
      "t" : 1756418076751,
      "tn" : 1756418076751973914,
      "q" : "48.8",
      "p" : "0.29103",
      "s" : "buy",
      "i" : "MANA_USD",
      "m" : "4611686018430387938"
    }, {
      "d" : "1756417630991421675",
      "t" : 1756417630991,
      "tn" : 1756417630991421675,
      "q" : "0.1",
      "p" : "0.29128",
      "s" : "buy",
      "i" : "MANA_USD",
      "m" : "4611686018430387937"
    }, {
      "d" : "1756416417545350292",
      "t" : 1756416417545,
      "tn" : 1756416417545350292,
      "q" : "503.5",
      "p" : "0.29081",
      "s" : "sell",
      "i" : "MANA_USD",
      "m" : "4611686018430387936"
    }, {
      "d" : "1756416177561714520",
      "t" : 1756416177561,
      "tn" : 1756416177561714520,
      "q" : "68.5",
      "p" : "0.29006",
      "s" : "buy",
      "i" : "MANA_USD",
      "m" : "4611686018430387935"
    }, {
      "d" : "1756415829175461452",
      "t" : 1756415829175,
      "tn" : 1756415829175461452,
      "q" : "50.0",
      "p" : "0.29002",
      "s" : "sell",
      "i" : "MANA_USD",
      "m" : "4611686018430387934"
    }, {
      "d" : "1756415739912886381",
      "t" : 1756415739912,
      "tn" : 1756415739912886381,
      "q" : "229.1",
      "p" : "0.29000",
      "s" : "sell",
      "i" : "MANA_USD",
      "m" : "4611686018430387933"
    }, {
      "d" : "1756415464549497229",
      "t" : 1756415464549,
      "tn" : 1756415464549497229,
      "q" : "1055.1",
      "p" : "0.28875",
      "s" : "sell",
      "i" : "MANA_USD",
      "m" : "4611686018430387932"
    }, {
      "d" : "1756415464549495435",
      "t" : 1756415464549,
      "tn" : 1756415464549495435,
      "q" : "2405.0",
      "p" : "0.28879",
      "s" : "sell",
      "i" : "MANA_USD",
      "m" : "4611686018430387931"
    }, {
      "d" : "1756415464549492024",
      "t" : 1756415464549,
      "tn" : 1756415464549492024,
      "q" : "7423.6",
      "p" : "0.28880",
      "s" : "sell",
      "i" : "MANA_USD",
      "m" : "4611686018430387930"
    }, {
      "d" : "1756415430865776125",
      "t" : 1756415430865,
      "tn" : 1756415430865776125,
      "q" : "5341.3",
      "p" : "0.28925",
      "s" : "buy",
      "i" : "MANA_USD",
      "m" : "4611686018430387929"
    } ]
  }
}