{
  "id" : -1,
  "method" : "public/get-trades",
  "code" : 0,
  "result" : {
    "data" : [ {
      "d" : "1756451760698558503",
      "t" : 1756451760698,
      "tn" : 1756451760698558503,
      "q" : "687.8",
      "p" : "0.28569",
      "s" : "sell",
      "i" : "MANA_USDT",
      "m" : "4611686018431057449"
    }, {
      "d" : "1756451760689176907",
      "t" : 1756451760689,
      "tn" : 1756451760689176907,
      "q" : "349.3",
      "p" : "0.28615",
      "s" : "sell",
      "i" : "MANA_USDT",
      "m" : "4611686018431057448"
    }, {
      "d" : "1756446519056196116",
      "t" : 1756446519056,
      "tn" : 1756446519056196116,
      "q" : "350.0",
      "p" : "0.29447",
      "s" : "buy",
      "i" : "MANA_USDT",
      "m" : "4611686018431057447"
    }, {
      "d" : "1756435987107285006",
      "t" : 1756435987107,
      "tn" : 1756435987107285006,
      "q" : "6042.4",
      "p" : "0.29315",
      "s" : "buy",
      "i" : "MANA_USDT",
      "m" : "4611686018431057446"
    }, {
      "d" : "1756435987107283849",
      "t" : 1756435987107,
      "tn" : 1756435987107283848,
      "q" : "426.4",
      "p" : "0.29314",
      "s" : "buy",
      "i" : "MANA_USDT",
      "m" : "4611686018431057445"
    }, {
      "d" : "1756435987107283848",
      "t" : 1756435987107,
      "tn" : 1756435987107283848,
      "q" : "1153.6",
      "p" : "0.29314",
      "s" : "buy",
      "i" : "MANA_USDT",
      "m" : "4611686018431057445"
    }, {
      "d" : "1756425657627963273",
      "t" : 1756425657627,
      "tn" : 1756425657627963273,
      "q" : "2539.1",
      "p" : "0.29571",
      "s" : "sell",
      "i" : "MANA_USDT",
      "m" : "4611686018431057444"
    }, {
      "d" : "1756425657627961782",
      "t" : 1756425657627,
      "tn" : 1756425657627961782,
      "q" : "338.0",
      "p" : "0.29574",
      "s" : "sell",
      "i" : "MANA_USDT",
      "m" : "4611686018431057443"
    }, {
      "d" : "1756420775556238926",
      "t" : 1756420775556,
      "tn" : 1756420775556238926,
      "q" : "99.9",
      "p" : "0.29425",
      "s" : "buy",
      "i" : "MANA_USDT",
      "m" : "4611686018431057442"
    }, {
      "d" : "1756419826410412333",
      "t" : 1756419826410,
      "tn" : 1756419826410412333,
      "q" : "100.0",
      "p" : "0.29344",
      "s" : "sell",
      "i" : "MANA_USDT",
      "m" : "4611686018431057441"
    }, {
      "d" : "1756411216404246702",
      "t" : 1756411216404,
      "tn" : 1756411216404246702,
      "q" : "406.1",
      "p" : "0.28741",
      "s" : "sell",
      "i" : "MANA_USDT",
      "m" : "4611686018431057440"
    }, {
      "d" : "1756390019882651803",
      "t" : 1756390019882,
      "tn" : 1756390019882651803,
      "q" : "118.4",
      "p" : "0.29461",
      "s" : "sell",
      "i" : "MANA_USDT",
      "m" : "4611686018431057439"
    }, {
      "d" : "1756385439486880569",
      "t" : 1756385439486,
      "tn" : 1756385439486880569,
      "q" : "125.0",
      "p" : "0.29180",
      "s" : "buy",
      "i" : "MANA_USDT",
      "m" : "4611686018431057438"
    }, {
      "d" : "1756383789900772519",
      "t" : 1756383789900,
      "tn" : 1756383789900772519,
      "q" : "4079.2",
      "p" : "0.29153",
      "s" : "buy",
      "i" : "MANA_USDT",
      "m" : "4611686018431057437"
    }, {
      "d" : "1756383651785889102",
      "t" : 1756383651785,
      "tn" : 1756383651785889102,
      "q" : "19.0",
      "p" : "0.29168",
      "s" : "buy",
      "i" : "MANA_USDT",
      "m" : "4611686018431057436"
    }, {
      "d" : "1756383648215058526",
      "t" : 1756383648215,
      "tn" : 1756383648215058526,
      "q" : "75.7",
      "p" : "0.29168",
      "s" : "buy",
      "i" : "MANA_USDT",
      "m" : "4611686018431057435"
    }, {
      "d" : "1756383644488977369",
      "t" : 1756383644488,
      "tn" : 1756383644488977369,
      "q" : "302.8",
      "p" : "0.29168",
      "s" : "buy",
      "i" : "MANA_USDT",
      "m" : "4611686018431057434"
    }, {
      "d" : "1756383642863549998",
      "t" : 1756383642863,
      "tn" : 1756383642863549998,
      "q" : "1222.2",
      "p" : "0.29168",
      "s" : "buy",
      "i" : "MANA_USDT",
      "m" : "4611686018431057433"
    }, {
      "d" : "1756383593797645954",
      "t" : 1756383593797,
      "tn" : 1756383593797645954,
      "q" : "4.8",
      "p" : "0.29104",
      "s" : "sell",
      "i" : "MANA_USDT",
      "m" : "4611686018431057432"
    }, {
      "d" : "1756383316871104934",
      "t" : 1756383316871,
      "tn" : 1756383316871104934,
      "q" : "3052.5",
      "p" : "0.29092",
      "s" : "sell",
      "i" : "MANA_USDT",
      "m" : "4611686018431057431"
    }, {
      "d" : "1756376208577805358",
      "t" : 1756376208577,
      "tn" : 1756376208577805358,
      "q" : "297.5",
      "p" : "0.28980",
      "s" : "sell",
      "i" : "MANA_USDT",
      "m" : "4611686018431057430"
    }, {
      "d" : "1756375604482193682",
      "t" : 1756375604482,
      "tn" : 1756375604482193682,
      "q" : "344.1",
      "p" : "0.29053",
      "s" : "buy",
      "i" : "MANA_USDT",
      "m" : "4611686018431057429"
    }, {
      "d" : "1756375504530774522",
      "t" : 1756375504530,
      "tn" : 1756375504530774522,
      "q" : "492.4",
      "p" : "0.28983",
      "s" : "buy",
      "i" : "MANA_USDT",
      "m" : "4611686018431057428"
    }, {
      "d" : "1756375504530772202",
      "t" : 1756375504530,
      "tn" : 1756375504530772202,
      "q" : "84.7",
      "p" : "0.28982",
      "s" : "buy",
      "i" : "MANA_USDT",
      "m" : "4611686018431057427"
    }, {
      "d" : "1756375475153224797",
      "t" : 1756375475153,
      "tn" : 1756375475153224797,
      "q" : "459.5",
      "p" : "0.28983",
      "s" : "buy",
      "i" : "MANA_USDT",
      "m" : "4611686018431057426"
    }, {
      "d" : "1756375475153223151",
      "t" : 1756375475153,
      "tn" : 1756375475153223151,
      "q" : "87.6",
      "p" : "0.28982",
      "s" : "buy",
      "i" : "MANA_USDT",
      "m" : "4611686018431057425"
    }, {
      "d" : "1756375459651274143",
      "t" : 1756375459651,
      "tn" : 1756375459651274143,
      "q" : "0.1",
      "p" : "0.28983",
      "s" : "buy",
      "i" : "MANA_USDT",
      "m" : "4611686018431057424"
    }, {
      "d" : "1756375459651272398",
      "t" : 1756375459651,
      "tn" : 1756375459651272398,
      "q" : "568.0",
      "p" : "0.28982",
      "s" : "buy",
      "i" : "MANA_USDT",
      "m" : "4611686018431057423"
    } ]
  }
}