{
  "id" : -1,
  "method" : "public/get-trades",
  "code" : 0,
  "result" : {
    "data" : [ {
      "d" : "1756461645871893472",
      "t" : 1756461645871,
      "tn" : 1756461645871893472,
      "q" : "302430",
      "p" : "0.0013529",
      "s" : "sell",
      "i" : "MANEKI_USD",
      "m" : "4611686018429237382"
    }, {
      "d" : "1756461645871432042",
      "t" : 1756461645871,
      "tn" : 1756461645871432042,
      "q" : "587320",
      "p" : "0.0013530",
      "s" : "sell",
      "i" : "MANEKI_USD",
      "m" : "4611686018429237381"
    }, {
      "d" : "1756461645870872313",
      "t" : 1756461645870,
      "tn" : 1756461645870872313,
      "q" : "374240",
      "p" : "0.0013530",
      "s" : "sell",
      "i" : "MANEKI_USD",
      "m" : "4611686018429237380"
    }, {
      "d" : "1756461639451406810",
      "t" : 1756461639451,
      "tn" : 1756461639451406810,
      "q" : "226040",
      "p" : "0.0013553",
      "s" : "buy",
      "i" : "MANEKI_USD",
      "m" : "4611686018429237379"
    }, {
      "d" : "1756461614564022682",
      "t" : 1756461614564,
      "tn" : 1756461614564022682,
      "q" : "147390",
      "p" : "0.0013547",
      "s" : "buy",
      "i" : "MANEKI_USD",
      "m" : "4611686018429237378"
    }, {
      "d" : "1756461614436476911",
      "t" : 1756461614436,
      "tn" : 1756461614436476911,
      "q" : "38740",
      "p" : "0.0013548",
      "s" : "buy",
      "i" : "MANEKI_USD",
      "m" : "4611686018429237377"
    }, {
      "d" : "1756461614282889802",
      "t" : 1756461614282,
      "tn" : 1756461614282889802,
      "q" : "63370",
      "p" : "0.0013548",
      "s" : "buy",
      "i" : "MANEKI_USD",
      "m" : "4611686018429237376"
    }, {
      "d" : "1756461614174041912",
      "t" : 1756461614174,
      "tn" : 1756461614174041912,
      "q" : "218050",
      "p" : "0.0013549",
      "s" : "buy",
      "i" : "MANEKI_USD",
      "m" : "4611686018429237375"
    }, {
      "d" : "1756461601577183691",
      "t" : 1756461601577,
      "tn" : 1756461601577183691,
      "q" : "182800",
      "p" : "0.0013564",
      "s" : "buy",
      "i" : "MANEKI_USD",
      "m" : "4611686018429237374"
    }, {
      "d" : "1756461601368104307",
      "t" : 1756461601368,
      "tn" : 1756461601368104307,
      "q" : "187320",
      "p" : "0.0013564",
      "s" : "buy",
      "i" : "MANEKI_USD",
      "m" : "4611686018429237373"
    }, {
      "d" : "1756461482727300098",
      "t" : 1756461482727,
      "tn" : 1756461482727300098,
      "q" : "321410",
      "p" : "0.0013550",
      "s" : "buy",
      "i" : "MANEKI_USD",
      "m" : "4611686018429237372"
    }, {
      "d" : "1756461235491632590",
      "t" : 1756461235491,
      "tn" : 1756461235491632590,
      "q" : "520970",
      "p" : "0.0013526",
      "s" : "sell",
      "i" : "MANEKI_USD",
      "m" : "4611686018429237371"
    }, {
      "d" : "1756461235491134050",
      "t" : 1756461235491,
      "tn" : 1756461235491134050,
      "q" : "512100",
      "p" : "0.0013526",
      "s" : "sell",
      "i" : "MANEKI_USD",
      "m" : "4611686018429237370"
    }, {
      "d" : "1756461148077989094",
      "t" : 1756461148077,
      "tn" : 1756461148077989094,
      "q" : "153730",
      "p" : "0.0013526",
      "s" : "sell",
      "i" : "MANEKI_USD",
      "m" : "4611686018429237369"
    }, {
      "d" : "1756461147795963183",
      "t" : 1756461147795,
      "tn" : 1756461147795963183,
      "q" : "181350",
      "p" : "0.0013525",
      "s" : "sell",
      "i" : "MANEKI_USD",
      "m" : "4611686018429237368"
    }, {
      "d" : "1756461099714888265",
      "t" : 1756461099714,
      "tn" : 1756461099714888265,
      "q" : "229390",
      "p" : "0.0013543",
      "s" : "sell",
      "i" : "MANEKI_USD",
      "m" : "4611686018429237367"
    }, {
      "d" : "1756461099612950049",
      "t" : 1756461099612,
      "tn" : 1756461099612950049,
      "q" : "103180",
      "p" : "0.0013541",
      "s" : "sell",
      "i" : "MANEKI_USD",
      "m" : "4611686018429237366"
    }, {
      "d" : "1756461099457057447",
      "t" : 1756461099457,
      "tn" : 1756461099457057447,
      "q" : "141810",
      "p" : "0.0013543",
      "s" : "sell",
      "i" : "MANEKI_USD",
      "m" : "4611686018429237365"
    }, {
      "d" : "1756461090746498458",
      "t" : 1756461090746,
      "tn" : 1756461090746498458,
      "q" : "242120",
      "p" : "0.0013571",
      "s" : "buy",
      "i" : "MANEKI_USD",
      "m" : "4611686018429237364"
    }, {
      "d" : "1756461022125031591",
      "t" : 1756461022125,
      "tn" : 1756461022125031591,
      "q" : "117870",
      "p" : "0.0013525",
      "s" : "buy",
      "i" : "MANEKI_USD",
      "m" : "4611686018429237363"
    }, {
      "d" : "1756461021819239312",
      "t" : 1756461021819,
      "tn" : 1756461021819239312,
      "q" : "262390",
      "p" : "0.0013526",
      "s" : "buy",
      "i" : "MANEKI_USD",
      "m" : "4611686018429237362"
    }, {
      "d" : "1756460881534880440",
      "t" : 1756460881534,
      "tn" : 1756460881534880440,
      "q" : "10520",
      "p" : "0.0013579",
      "s" : "buy",
      "i" : "MANEKI_USD",
      "m" : "4611686018429237361"
    }, {
      "d" : "1756460866406598089",
      "t" : 1756460866406,
      "tn" : 1756460866406598089,
      "q" : "11880",
      "p" : "0.0013543",
      "s" : "sell",
      "i" : "MANEKI_USD",
      "m" : "4611686018429237360"
    }, {
      "d" : "1756460866406595808",
      "t" : 1756460866406,
      "tn" : 1756460866406595808,
      "q" : "13600",
      "p" : "0.0013544",
      "s" : "sell",
      "i" : "MANEKI_USD",
      "m" : "4611686018429237359"
    }, {
      "d" : "1756460827852467222",
      "t" : 1756460827852,
      "tn" : 1756460827852467222,
      "q" : "1401520",
      "p" : "0.0013603",
      "s" : "buy",
      "i" : "MANEKI_USD",
      "m" : "4611686018429237358"
    }, {
      "d" : "1756460827852465458",
      "t" : 1756460827852,
      "tn" : 1756460827852465458,
      "q" : "15070",
      "p" : "0.0013602",
      "s" : "buy",
      "i" : "MANEKI_USD",
      "m" : "4611686018429237357"
    }, {
      "d" : "1756460697868902093",
      "t" : 1756460697868,
      "tn" : 1756460697868902093,
      "q" : "1110",
      "p" : "0.0013492",
      "s" : "sell",
      "i" : "MANEKI_USD",
      "m" : "4611686018429237356"
    }, {
      "d" : "1756460697868899076",
      "t" : 1756460697868,
      "tn" : 1756460697868899076,
      "q" : "100000",
      "p" : "0.0013493",
      "s" : "sell",
      "i" : "MANEKI_USD",
      "m" : "4611686018429237355"
    }, {
      "d" : "1756460697868896342",
      "t" : 1756460697868,
      "tn" : 1756460697868896342,
      "q" : "100000",
      "p" : "0.0013494",
      "s" : "sell",
      "i" : "MANEKI_USD",
      "m" : "4611686018429237354"
    }, {
      "d" : "1756460697868892102",
      "t" : 1756460697868,
      "tn" : 1756460697868892102,
      "q" : "11880",
      "p" : "0.0013495",
      "s" : "sell",
      "i" : "MANEKI_USD",
      "m" : "4611686018429237353"
    }, {
      "d" : "1756460653621986291",
      "t" : 1756460653621,
      "tn" : 1756460653621986291,
      "q" : "8180",
      "p" : "0.0013511",
      "s" : "sell",
      "i" : "MANEKI_USD",
      "m" : "4611686018429237352"
    }, {
      "d" : "1756460530616070469",
      "t" : 1756460530616,
      "tn" : 1756460530616070469,
      "q" : "8200",
      "p" : "0.0013589",
      "s" : "buy",
      "i" : "MANEKI_USD",
      "m" : "4611686018429237351"
    }, {
      "d" : "1756460008113550347",
      "t" : 1756460008113,
      "tn" : 1756460008113550347,
      "q" : "11000",
      "p" : "0.0013630",
      "s" : "sell",
      "i" : "MANEKI_USD",
      "m" : "4611686018429237350"
    }, {
      "d" : "1756459469270924576",
      "t" : 1756459469270,
      "tn" : 1756459469270924576,
      "q" : "32540",
      "p" : "0.0013528",
      "s" : "buy",
      "i" : "MANEKI_USD",
      "m" : "4611686018429237349"
    }, {
      "d" : "1756459469266337778",
      "t" : 1756459469266,
      "tn" : 1756459469266337778,
      "q" : "34750",
      "p" : "0.0013528",
      "s" : "sell",
      "i" : "MANEKI_USD",
      "m" : "4611686018429237348"
    }, {
      "d" : "1756459077469539359",
      "t" : 1756459077469,
      "tn" : 1756459077469539359,
      "q" : "4830",
      "p" : "0.0013493",
      "s" : "sell",
      "i" : "MANEKI_USD",
      "m" : "4611686018429237347"
    }, {
      "d" : "1756458687008294259",
      "t" : 1756458687008,
      "tn" : 1756458687008294259,
      "q" : "100000",
      "p" : "0.0013506",
      "s" : "sell",
      "i" : "MANEKI_USD",
      "m" : "4611686018429237346"
    }, {
      "d" : "1756458201665918086",
      "t" : 1756458201665,
      "tn" : 1756458201665918086,
      "q" : "6530",
      "p" : "0.0013501",
      "s" : "sell",
      "i" : "MANEKI_USD",
      "m" : "4611686018429237345"
    }, {
      "d" : "1756458201665915007",
      "t" : 1756458201665,
      "tn" : 1756458201665915007,
      "q" : "100000",
      "p" : "0.0013502",
      "s" : "sell",
      "i" : "MANEKI_USD",
      "m" : "4611686018429237344"
    }, {
      "d" : "1756458201665912345",
      "t" : 1756458201665,
      "tn" : 1756458201665912345,
      "q" : "69510",
      "p" : "0.0013503",
      "s" : "sell",
      "i" : "MANEKI_USD",
      "m" : "4611686018429237343"
    }, {
      "d" : "1756458199502533675",
      "t" : 1756458199502,
      "tn" : 1756458199502533675,
      "q" : "139010",
      "p" : "0.0013507",
      "s" : "sell",
      "i" : "MANEKI_USD",
      "m" : "4611686018429237342"
    }, {
      "d" : "1756456817493585433",
      "t" : 1756456817493,
      "tn" : 1756456817493585433,
      "q" : "4500",
      "p" : "0.0013546",
      "s" : "sell",
      "i" : "MANEKI_USD",
      "m" : "4611686018429237341"
    }, {
      "d" : "1756456521925024151",
      "t" : 1756456521925,
      "tn" : 1756456521925024151,
      "q" : "282530",
      "p" : "0.0013677",
      "s" : "sell",
      "i" : "MANEKI_USD",
      "m" : "4611686018429237340"
    }, {
      "d" : "1756456521924674393",
      "t" : 1756456521924,
      "tn" : 1756456521924674393,
      "q" : "390140",
      "p" : "0.0013678",
      "s" : "sell",
      "i" : "MANEKI_USD",
      "m" : "4611686018429237339"
    }, {
      "d" : "1756456521924162432",
      "t" : 1756456521924,
      "tn" : 1756456521924162432,
      "q" : "214260",
      "p" : "0.0013678",
      "s" : "sell",
      "i" : "MANEKI_USD",
      "m" : "4611686018429237338"
    }, {
      "d" : "1756456341776809480",
      "t" : 1756456341776,
      "tn" : 1756456341776809480,
      "q" : "69460",
      "p" : "0.0013678",
      "s" : "buy",
      "i" : "MANEKI_USD",
      "m" : "4611686018429237337"
    }, {
      "d" : "1756456341668869418",
      "t" : 1756456341668,
      "tn" : 1756456341668869418,
      "q" : "187240",
      "p" : "0.0013679",
      "s" : "buy",
      "i" : "MANEKI_USD",
      "m" : "4611686018429237336"
    }, {
      "d" : "1756456341563671164",
      "t" : 1756456341563,
      "tn" : 1756456341563671164,
      "q" : "139010",
      "p" : "0.0013681",
      "s" : "buy",
      "i" : "MANEKI_USD",
      "m" : "4611686018429237335"
    }, {
      "d" : "1756456341447004872",
      "t" : 1756456341447,
      "tn" : 1756456341447004872,
      "q" : "278160",
      "p" : "0.0013683",
      "s" : "buy",
      "i" : "MANEKI_USD",
      "m" : "4611686018429237334"
    }, {
      "d" : "1756455629103227998",
      "t" : 1756455629103,
      "tn" : 1756455629103227998,
      "q" : "160300",
      "p" : "0.0013611",
      "s" : "sell",
      "i" : "MANEKI_USD",
      "m" : "4611686018429237333"
    }, {
      "d" : "1756455562623264556",
      "t" : 1756455562623,
      "tn" : 1756455562623264556,
      "q" : "160320",
      "p" : "0.0013873",
      "s" : "buy",
      "i" : "MANEKI_USD",
      "m" : "4611686018429237332"
    }, {
      "d" : "1756455501582687332",
      "t" : 1756455501582,
      "tn" : 1756455501582687332,
      "q" : "495590",
      "p" : "0.0013662",
      "s" : "sell",
      "i" : "MANEKI_USD",
      "m" : "4611686018429237331"
    }, {
      "d" : "1756455501582244425",
      "t" : 1756455501582,
      "tn" : 1756455501582244425,
      "q" : "110140",
      "p" : "0.0013663",
      "s" : "sell",
      "i" : "MANEKI_USD",
      "m" : "4611686018429237330"
    }, {
      "d" : "1756455501581466714",
      "t" : 1756455501581,
      "tn" : 1756455501581466714,
      "q" : "389380",
      "p" : "0.0013663",
      "s" : "sell",
      "i" : "MANEKI_USD",
      "m" : "4611686018429237329"
    }, {
      "d" : "1756455116393268728",
      "t" : 1756455116393,
      "tn" : 1756455116393268727,
      "q" : "14910",
      "p" : "0.0013691",
      "s" : "sell",
      "i" : "MANEKI_USD",
      "m" : "4611686018429237328"
    }, {
      "d" : "1756455116393268727",
      "t" : 1756455116393,
      "tn" : 1756455116393268727,
      "q" : "278900",
      "p" : "0.0013691",
      "s" : "sell",
      "i" : "MANEKI_USD",
      "m" : "4611686018429237328"
    }, {
      "d" : "1756455116390019605",
      "t" : 1756455116390,
      "tn" : 1756455116390019605,
      "q" : "14910",
      "p" : "0.0013693",
      "s" : "sell",
      "i" : "MANEKI_USD",
      "m" : "4611686018429237327"
    }, {
      "d" : "1756455085463386123",
      "t" : 1756455085463,
      "tn" : 1756455085463386123,
      "q" : "348970",
      "p" : "0.0013711",
      "s" : "buy",
      "i" : "MANEKI_USD",
      "m" : "4611686018429237326"
    }, {
      "d" : "1756455084045492109",
      "t" : 1756455084045,
      "tn" : 1756455084045492109,
      "q" : "150630",
      "p" : "0.0013685",
      "s" : "buy",
      "i" : "MANEKI_USD",
      "m" : "4611686018429237325"
    }, {
      "d" : "1756455083943235024",
      "t" : 1756455083943,
      "tn" : 1756455083943235024,
      "q" : "140120",
      "p" : "0.0013686",
      "s" : "buy",
      "i" : "MANEKI_USD",
      "m" : "4611686018429237324"
    }, {
      "d" : "1756455023369031740",
      "t" : 1756455023369,
      "tn" : 1756455023369031740,
      "q" : "9890",
      "p" : "0.0013695",
      "s" : "buy",
      "i" : "MANEKI_USD",
      "m" : "4611686018429237323"
    }, {
      "d" : "1756455023256081274",
      "t" : 1756455023256,
      "tn" : 1756455023256081274,
      "q" : "270360",
      "p" : "0.0013695",
      "s" : "buy",
      "i" : "MANEKI_USD",
      "m" : "4611686018429237322"
    }, {
      "d" : "1756454753352248562",
      "t" : 1756454753352,
      "tn" : 1756454753352248562,
      "q" : "424860",
      "p" : "0.0013650",
      "s" : "buy",
      "i" : "MANEKI_USD",
      "m" : "4611686018429237321"
    }, {
      "d" : "1756454753351824088",
      "t" : 1756454753351,
      "tn" : 1756454753351824088,
      "q" : "172800",
      "p" : "0.0013648",
      "s" : "buy",
      "i" : "MANEKI_USD",
      "m" : "4611686018429237320"
    }, {
      "d" : "1756454753351336867",
      "t" : 1756454753351,
      "tn" : 1756454753351336867,
      "q" : "252060",
      "p" : "0.0013648",
      "s" : "buy",
      "i" : "MANEKI_USD",
      "m" : "4611686018429237319"
    }, {
      "d" : "1756454649277427412",
      "t" : 1756454649277,
      "tn" : 1756454649277427412,
      "q" : "72310",
      "p" : "0.0013575",
      "s" : "sell",
      "i" : "MANEKI_USD",
      "m" : "4611686018429237318"
    }, {
      "d" : "1756453961869626711",
      "t" : 1756453961869,
      "tn" : 1756453961869626711,
      "q" : "1376130",
      "p" : "0.0013668",
      "s" : "sell",
      "i" : "MANEKI_USD",
      "m" : "4611686018429237317"
    }, {
      "d" : "1756453961869062555",
      "t" : 1756453961869,
      "tn" : 1756453961869062555,
      "q" : "724410",
      "p" : "0.0013668",
      "s" : "sell",
      "i" : "MANEKI_USD",
      "m" : "4611686018429237316"
    }, {
      "d" : "1756453410140262725",
      "t" : 1756453410140,
      "tn" : 1756453410140262725,
      "q" : "293210",
      "p" : "0.0013663",
      "s" : "sell",
      "i" : "MANEKI_USD",
      "m" : "4611686018429237315"
    }, {
      "d" : "1756453271990372672",
      "t" : 1756453271990,
      "tn" : 1756453271990372672,
      "q" : "7490",
      "p" : "0.0013593",
      "s" : "sell",
      "i" : "MANEKI_USD",
      "m" : "4611686018429237314"
    }, {
      "d" : "1756453156360854048",
      "t" : 1756453156360,
      "tn" : 1756453156360854048,
      "q" : "268980",
      "p" : "0.0013643",
      "s" : "sell",
      "i" : "MANEKI_USD",
      "m" : "4611686018429237313"
    }, {
      "d" : "1756452748358427535",
      "t" : 1756452748358,
      "tn" : 1756452748358427535,
      "q" : "6120",
      "p" : "0.0013599",
      "s" : "sell",
      "i" : "MANEKI_USD",
      "m" : "4611686018429237312"
    }, {
      "d" : "1756452677641733362",
      "t" : 1756452677641,
      "tn" : 1756452677641733362,
      "q" : "320030",
      "p" : "0.0013630",
      "s" : "sell",
      "i" : "MANEKI_USD",
      "m" : "4611686018429237311"
    }, {
      "d" : "1756452677641731628",
      "t" : 1756452677641,
      "tn" : 1756452677641731628,
      "q" : "100000",
      "p" : "0.0013631",
      "s" : "sell",
      "i" : "MANEKI_USD",
      "m" : "4611686018429237310"
    }, {
      "d" : "1756452660398736135",
      "t" : 1756452660398,
      "tn" : 1756452660398736135,
      "q" : "269600",
      "p" : "0.0013647",
      "s" : "sell",
      "i" : "MANEKI_USD",
      "m" : "4611686018429237309"
    }, {
      "d" : "1756452660398734384",
      "t" : 1756452660398,
      "tn" : 1756452660398734384,
      "q" : "269600",
      "p" : "0.0013650",
      "s" : "sell",
      "i" : "MANEKI_USD",
      "m" : "4611686018429237308"
    }, {
      "d" : "1756452660295852233",
      "t" : 1756452660295,
      "tn" : 1756452660295852233,
      "q" : "230110",
      "p" : "0.0013649",
      "s" : "sell",
      "i" : "MANEKI_USD",
      "m" : "4611686018429237307"
    }, {
      "d" : "1756452655549379398",
      "t" : 1756452655549,
      "tn" : 1756452655549379398,
      "q" : "200000",
      "p" : "0.0013651",
      "s" : "buy",
      "i" : "MANEKI_USD",
      "m" : "4611686018429237306"
    }, {
      "d" : "1756452655543488244",
      "t" : 1756452655543,
      "tn" : 1756452655543488244,
      "q" : "2800000",
      "p" : "0.0013651",
      "s" : "buy",
      "i" : "MANEKI_USD",
      "m" : "4611686018429237305"
    }, {
      "d" : "1756452655542980036",
      "t" : 1756452655542,
      "tn" : 1756452655542980036,
      "q" : "212940",
      "p" : "0.0013651",
      "s" : "buy",
      "i" : "MANEKI_USD",
      "m" : "4611686018429237304"
    }, {
      "d" : "1756452131877974749",
      "t" : 1756452131877,
      "tn" : 1756452131877974749,
      "q" : "539200",
      "p" : "0.0013708",
      "s" : "sell",
      "i" : "MANEKI_USD",
      "m" : "4611686018429237303"
    }, {
      "d" : "1756452131877972362",
      "t" : 1756452131877,
      "tn" : 1756452131877972362,
      "q" : "521300",
      "p" : "0.0013709",
      "s" : "sell",
      "i" : "MANEKI_USD",
      "m" : "4611686018429237302"
    }, {
      "d" : "1756451613905626734",
      "t" : 1756451613905,
      "tn" : 1756451613905626734,
      "q" : "331820",
      "p" : "0.0013783",
      "s" : "buy",
      "i" : "MANEKI_USD",
      "m" : "4611686018429237301"
    }, {
      "d" : "1756451593997169750",
      "t" : 1756451593997,
      "tn" : 1756451593997169750,
      "q" : "118790",
      "p" : "0.0013791",
      "s" : "buy",
      "i" : "MANEKI_USD",
      "m" : "4611686018429237300"
    }, {
      "d" : "1756451593883041130",
      "t" : 1756451593883,
      "tn" : 1756451593883041130,
      "q" : "107460",
      "p" : "0.0013792",
      "s" : "buy",
      "i" : "MANEKI_USD",
      "m" : "4611686018429237299"
    }, {
      "d" : "1756451593780979773",
      "t" : 1756451593780,
      "tn" : 1756451593780979773,
      "q" : "77130",
      "p" : "0.0013793",
      "s" : "buy",
      "i" : "MANEKI_USD",
      "m" : "4611686018429237298"
    }, {
      "d" : "1756451593679055668",
      "t" : 1756451593679,
      "tn" : 1756451593679055668,
      "q" : "156640",
      "p" : "0.0013794",
      "s" : "buy",
      "i" : "MANEKI_USD",
      "m" : "4611686018429237297"
    }, {
      "d" : "1756451593463138147",
      "t" : 1756451593463,
      "tn" : 1756451593463138147,
      "q" : "56220",
      "p" : "0.0013795",
      "s" : "buy",
      "i" : "MANEKI_USD",
      "m" : "4611686018429237296"
    }, {
      "d" : "1756451593313074139",
      "t" : 1756451593313,
      "tn" : 1756451593313074139,
      "q" : "257330",
      "p" : "0.0013796",
      "s" : "buy",
      "i" : "MANEKI_USD",
      "m" : "4611686018429237295"
    }, {
      "d" : "1756451571682013815",
      "t" : 1756451571682,
      "tn" : 1756451571682013815,
      "q" : "2524810",
      "p" : "0.0013771",
      "s" : "sell",
      "i" : "MANEKI_USD",
      "m" : "4611686018429237294"
    }, {
      "d" : "1756451571681314627",
      "t" : 1756451571681,
      "tn" : 1756451571681314627,
      "q" : "825190",
      "p" : "0.0013771",
      "s" : "sell",
      "i" : "MANEKI_USD",
      "m" : "4611686018429237293"
    }, {
      "d" : "1756451570449399898",
      "t" : 1756451570449,
      "tn" : 1756451570449399898,
      "q" : "210670",
      "p" : "0.0013782",
      "s" : "sell",
      "i" : "MANEKI_USD",
      "m" : "4611686018429237292"
    }, {
      "d" : "1756451570449296394",
      "t" : 1756451570449,
      "tn" : 1756451570449296394,
      "q" : "175590",
      "p" : "0.0013784",
      "s" : "sell",
      "i" : "MANEKI_USD",
      "m" : "4611686018429237291"
    }, {
      "d" : "1756451570448737925",
      "t" : 1756451570448,
      "tn" : 1756451570448737925,
      "q" : "529520",
      "p" : "0.0013784",
      "s" : "sell",
      "i" : "MANEKI_USD",
      "m" : "4611686018429237290"
    }, {
      "d" : "1756451565400194584",
      "t" : 1756451565400,
      "tn" : 1756451565400194584,
      "q" : "2584990",
      "p" : "0.0013835",
      "s" : "buy",
      "i" : "MANEKI_USD",
      "m" : "4611686018429237289"
    }, {
      "d" : "1756451565399447222",
      "t" : 1756451565399,
      "tn" : 1756451565399447222,
      "q" : "765060",
      "p" : "0.0013835",
      "s" : "buy",
      "i" : "MANEKI_USD",
      "m" : "4611686018429237288"
    }, {
      "d" : "1756451434394270467",
      "t" : 1756451434394,
      "tn" : 1756451434394270467,
      "q" : "6440",
      "p" : "0.0013692",
      "s" : "sell",
      "i" : "MANEKI_USD",
      "m" : "4611686018429237287"
    }, {
      "d" : "1756451434394267959",
      "t" : 1756451434394,
      "tn" : 1756451434394267959,
      "q" : "890",
      "p" : "0.0013695",
      "s" : "sell",
      "i" : "MANEKI_USD",
      "m" : "4611686018429237286"
    }, {
      "d" : "1756451245144955758",
      "t" : 1756451245144,
      "tn" : 1756451245144955758,
      "q" : "6350",
      "p" : "0.0013884",
      "s" : "sell",
      "i" : "MANEKI_USD",
      "m" : "4611686018429237285"
    }, {
      "d" : "1756450904007006831",
      "t" : 1756450904007,
      "tn" : 1756450904007006831,
      "q" : "6456950",
      "p" : "0.0013920",
      "s" : "buy",
      "i" : "MANEKI_USD",
      "m" : "4611686018429237284"
    }, {
      "d" : "1756450898274548727",
      "t" : 1756450898274,
      "tn" : 1756450898274548727,
      "q" : "42770",
      "p" : "0.0014026",
      "s" : "sell",
      "i" : "MANEKI_USD",
      "m" : "4611686018429237283"
    }, {
      "d" : "1756450898274445511",
      "t" : 1756450898274,
      "tn" : 1756450898274445511,
      "q" : "1177500",
      "p" : "0.0014027",
      "s" : "sell",
      "i" : "MANEKI_USD",
      "m" : "4611686018429237282"
    }, {
      "d" : "1756450836933428385",
      "t" : 1756450836933,
      "tn" : 1756450836933428385,
      "q" : "31710",
      "p" : "0.0014005",
      "s" : "sell",
      "i" : "MANEKI_USD",
      "m" : "4611686018429237281"
    }, {
      "d" : "1756450052743666735",
      "t" : 1756450052743,
      "tn" : 1756450052743666735,
      "q" : "13010",
      "p" : "0.0014181",
      "s" : "buy",
      "i" : "MANEKI_USD",
      "m" : "4611686018429237280"
    }, {
      "d" : "1756449774364820832",
      "t" : 1756449774364,
      "tn" : 1756449774364820832,
      "q" : "100000",
      "p" : "0.0014130",
      "s" : "buy",
      "i" : "MANEKI_USD",
      "m" : "4611686018429237279"
    }, {
      "d" : "1756449727900140895",
      "t" : 1756449727900,
      "tn" : 1756449727900140895,
      "q" : "9780",
      "p" : "0.0014124",
      "s" : "buy",
      "i" : "MANEKI_USD",
      "m" : "4611686018429237278"
    }, {
      "d" : "1756449665546765986",
      "t" : 1756449665546,
      "tn" : 1756449665546765986,
      "q" : "40960",
      "p" : "0.0014120",
      "s" : "buy",
      "i" : "MANEKI_USD",
      "m" : "4611686018429237277"
    }, {
      "d" : "1756449665244855315",
      "t" : 1756449665244,
      "tn" : 1756449665244855315,
      "q" : "36030",
      "p" : "0.0014120",
      "s" : "buy",
      "i" : "MANEKI_USD",
      "m" : "4611686018429237276"
    }, {
      "d" : "1756449665142892914",
      "t" : 1756449665142,
      "tn" : 1756449665142892913,
      "q" : "23010",
      "p" : "0.0014120",
      "s" : "buy",
      "i" : "MANEKI_USD",
      "m" : "4611686018429237275"
    }, {
      "d" : "1756449665142892913",
      "t" : 1756449665142,
      "tn" : 1756449665142892913,
      "q" : "9780",
      "p" : "0.0014120",
      "s" : "buy",
      "i" : "MANEKI_USD",
      "m" : "4611686018429237275"
    }, {
      "d" : "1756449665041061424",
      "t" : 1756449665041,
      "tn" : 1756449665041061424,
      "q" : "157940",
      "p" : "0.0014121",
      "s" : "buy",
      "i" : "MANEKI_USD",
      "m" : "4611686018429237274"
    }, {
      "d" : "1756449665041059558",
      "t" : 1756449665041,
      "tn" : 1756449665041059558,
      "q" : "100000",
      "p" : "0.0014120",
      "s" : "buy",
      "i" : "MANEKI_USD",
      "m" : "4611686018429237273"
    }, {
      "d" : "1756449653332788807",
      "t" : 1756449653332,
      "tn" : 1756449653332788807,
      "q" : "19550",
      "p" : "0.0014110",
      "s" : "buy",
      "i" : "MANEKI_USD",
      "m" : "4611686018429237272"
    }, {
      "d" : "1756449653230968022",
      "t" : 1756449653230,
      "tn" : 1756449653230968022,
      "q" : "227970",
      "p" : "0.0014111",
      "s" : "buy",
      "i" : "MANEKI_USD",
      "m" : "4611686018429237271"
    }, {
      "d" : "1756449648874875269",
      "t" : 1756449648874,
      "tn" : 1756449648874875269,
      "q" : "39110",
      "p" : "0.0014113",
      "s" : "buy",
      "i" : "MANEKI_USD",
      "m" : "4611686018429237270"
    }, {
      "d" : "1756449604141819244",
      "t" : 1756449604141,
      "tn" : 1756449604141819244,
      "q" : "6630",
      "p" : "0.0014086",
      "s" : "sell",
      "i" : "MANEKI_USD",
      "m" : "4611686018429237269"
    }, {
      "d" : "1756449604141817280",
      "t" : 1756449604141,
      "tn" : 1756449604141817280,
      "q" : "7370",
      "p" : "0.0014087",
      "s" : "sell",
      "i" : "MANEKI_USD",
      "m" : "4611686018429237268"
    }, {
      "d" : "1756449555040077714",
      "t" : 1756449555040,
      "tn" : 1756449555040077713,
      "q" : "2950",
      "p" : "0.0014043",
      "s" : "buy",
      "i" : "MANEKI_USD",
      "m" : "4611686018429237267"
    }, {
      "d" : "1756449555040077713",
      "t" : 1756449555040,
      "tn" : 1756449555040077713,
      "q" : "78220",
      "p" : "0.0014043",
      "s" : "buy",
      "i" : "MANEKI_USD",
      "m" : "4611686018429237267"
    }, {
      "d" : "1756449554931694641",
      "t" : 1756449554931,
      "tn" : 1756449554931694641,
      "q" : "391660",
      "p" : "0.0014045",
      "s" : "buy",
      "i" : "MANEKI_USD",
      "m" : "4611686018429237266"
    }, {
      "d" : "1756449554931693026",
      "t" : 1756449554931,
      "tn" : 1756449554931693026,
      "q" : "14610",
      "p" : "0.0014044",
      "s" : "buy",
      "i" : "MANEKI_USD",
      "m" : "4611686018429237265"
    }, {
      "d" : "1756449521611484900",
      "t" : 1756449521611,
      "tn" : 1756449521611484900,
      "q" : "400000",
      "p" : "0.0014023",
      "s" : "buy",
      "i" : "MANEKI_USD",
      "m" : "4611686018429237264"
    }, {
      "d" : "1756449081778965668",
      "t" : 1756449081778,
      "tn" : 1756449081778965668,
      "q" : "156440",
      "p" : "0.0014050",
      "s" : "buy",
      "i" : "MANEKI_USD",
      "m" : "4611686018429237263"
    }, {
      "d" : "1756449081676910057",
      "t" : 1756449081676,
      "tn" : 1756449081676910057,
      "q" : "194220",
      "p" : "0.0014052",
      "s" : "buy",
      "i" : "MANEKI_USD",
      "m" : "4611686018429237262"
    }, {
      "d" : "1756449081574949931",
      "t" : 1756449081574,
      "tn" : 1756449081574949931,
      "q" : "136370",
      "p" : "0.0014054",
      "s" : "buy",
      "i" : "MANEKI_USD",
      "m" : "4611686018429237261"
    }, {
      "d" : "1756449081460983565",
      "t" : 1756449081460,
      "tn" : 1756449081460983565,
      "q" : "281520",
      "p" : "0.0014056",
      "s" : "buy",
      "i" : "MANEKI_USD",
      "m" : "4611686018429237260"
    }, {
      "d" : "1756449040943949404",
      "t" : 1756449040943,
      "tn" : 1756449040943949404,
      "q" : "485220",
      "p" : "0.0014023",
      "s" : "sell",
      "i" : "MANEKI_USD",
      "m" : "4611686018429237259"
    }, {
      "d" : "1756449040943398119",
      "t" : 1756449040943,
      "tn" : 1756449040943398119,
      "q" : "1378860",
      "p" : "0.0014024",
      "s" : "sell",
      "i" : "MANEKI_USD",
      "m" : "4611686018429237258"
    }, {
      "d" : "1756449040942914001",
      "t" : 1756449040942,
      "tn" : 1756449040942914001,
      "q" : "485220",
      "p" : "0.0014024",
      "s" : "sell",
      "i" : "MANEKI_USD",
      "m" : "4611686018429237257"
    }, {
      "d" : "1756448866667064477",
      "t" : 1756448866667,
      "tn" : 1756448866667064477,
      "q" : "439770",
      "p" : "0.0014073",
      "s" : "buy",
      "i" : "MANEKI_USD",
      "m" : "4611686018429237256"
    }, {
      "d" : "1756448855297783525",
      "t" : 1756448855297,
      "tn" : 1756448855297783525,
      "q" : "231890",
      "p" : "0.0014053",
      "s" : "buy",
      "i" : "MANEKI_USD",
      "m" : "4611686018429237255"
    }, {
      "d" : "1756448855189890304",
      "t" : 1756448855189,
      "tn" : 1756448855189890304,
      "q" : "64740",
      "p" : "0.0014055",
      "s" : "buy",
      "i" : "MANEKI_USD",
      "m" : "4611686018429237254"
    }, {
      "d" : "1756448855081836646",
      "t" : 1756448855081,
      "tn" : 1756448855081836646,
      "q" : "192850",
      "p" : "0.0014056",
      "s" : "buy",
      "i" : "MANEKI_USD",
      "m" : "4611686018429237253"
    }, {
      "d" : "1756448680124987619",
      "t" : 1756448680124,
      "tn" : 1756448680124987619,
      "q" : "1326120",
      "p" : "0.0014088",
      "s" : "buy",
      "i" : "MANEKI_USD",
      "m" : "4611686018429237252"
    }, {
      "d" : "1756448560190927820",
      "t" : 1756448560190,
      "tn" : 1756448560190927820,
      "q" : "123750",
      "p" : "0.0014072",
      "s" : "buy",
      "i" : "MANEKI_USD",
      "m" : "4611686018429237251"
    }, {
      "d" : "1756448560088992491",
      "t" : 1756448560088,
      "tn" : 1756448560088992491,
      "q" : "53110",
      "p" : "0.0014073",
      "s" : "buy",
      "i" : "MANEKI_USD",
      "m" : "4611686018429237250"
    }, {
      "d" : "1756448559987002513",
      "t" : 1756448559987,
      "tn" : 1756448559987002513,
      "q" : "214080",
      "p" : "0.0014074",
      "s" : "buy",
      "i" : "MANEKI_USD",
      "m" : "4611686018429237249"
    }, {
      "d" : "1756448537512820656",
      "t" : 1756448537512,
      "tn" : 1756448537512820656,
      "q" : "188230",
      "p" : "0.0014058",
      "s" : "buy",
      "i" : "MANEKI_USD",
      "m" : "4611686018429237248"
    }, {
      "d" : "1756448443706813731",
      "t" : 1756448443706,
      "tn" : 1756448443706813730,
      "q" : "48510",
      "p" : "0.0014058",
      "s" : "buy",
      "i" : "MANEKI_USD",
      "m" : "4611686018429237247"
    }, {
      "d" : "1756448443706813730",
      "t" : 1756448443706,
      "tn" : 1756448443706813730,
      "q" : "34650",
      "p" : "0.0014058",
      "s" : "buy",
      "i" : "MANEKI_USD",
      "m" : "4611686018429237247"
    }, {
      "d" : "1756448443697670203",
      "t" : 1756448443697,
      "tn" : 1756448443697670203,
      "q" : "42690",
      "p" : "0.0014053",
      "s" : "sell",
      "i" : "MANEKI_USD",
      "m" : "4611686018429237246"
    }, {
      "d" : "1756448443697143170",
      "t" : 1756448443697,
      "tn" : 1756448443697143170,
      "q" : "117810",
      "p" : "0.0014056",
      "s" : "sell",
      "i" : "MANEKI_USD",
      "m" : "4611686018429237245"
    }, {
      "d" : "1756448443697126940",
      "t" : 1756448443697,
      "tn" : 1756448443697126940,
      "q" : "83160",
      "p" : "0.0014058",
      "s" : "sell",
      "i" : "MANEKI_USD",
      "m" : "4611686018429237244"
    }, {
      "d" : "1756448443696072278",
      "t" : 1756448443696,
      "tn" : 1756448443696072278,
      "q" : "34650",
      "p" : "0.0014058",
      "s" : "sell",
      "i" : "MANEKI_USD",
      "m" : "4611686018429237243"
    }, {
      "d" : "1756448443696070636",
      "t" : 1756448443696,
      "tn" : 1756448443696070636,
      "q" : "259200",
      "p" : "0.0014059",
      "s" : "sell",
      "i" : "MANEKI_USD",
      "m" : "4611686018429237242"
    }, {
      "d" : "1756448371458958897",
      "t" : 1756448371458,
      "tn" : 1756448371458958897,
      "q" : "22780",
      "p" : "0.0014089",
      "s" : "buy",
      "i" : "MANEKI_USD",
      "m" : "4611686018429237241"
    }, {
      "d" : "1756448371350851480",
      "t" : 1756448371350,
      "tn" : 1756448371350851480,
      "q" : "35150",
      "p" : "0.0014089",
      "s" : "buy",
      "i" : "MANEKI_USD",
      "m" : "4611686018429237240"
    }, {
      "d" : "1756448371242875361",
      "t" : 1756448371242,
      "tn" : 1756448371242875361,
      "q" : "259220",
      "p" : "0.0014090",
      "s" : "buy",
      "i" : "MANEKI_USD",
      "m" : "4611686018429237239"
    }, {
      "d" : "1756448079554018378",
      "t" : 1756448079554,
      "tn" : 1756448079554018378,
      "q" : "610",
      "p" : "0.0014081",
      "s" : "sell",
      "i" : "MANEKI_USD",
      "m" : "4611686018429237238"
    }, {
      "d" : "1756448079554015689",
      "t" : 1756448079554,
      "tn" : 1756448079554015689,
      "q" : "177690",
      "p" : "0.0014082",
      "s" : "sell",
      "i" : "MANEKI_USD",
      "m" : "4611686018429237237"
    } ]
  }
}