{
  "id" : -1,
  "method" : "public/get-trades",
  "code" : 0,
  "result" : {
    "data" : [ {
      "d" : "1756461523338027264",
      "t" : 1756461523338,
      "tn" : 1756461523338027264,
      "q" : "13.5",
      "p" : "1.2280",
      "s" : "sell",
      "i" : "MASK_USDT",
      "m" : "4611686018430457683"
    }, {
      "d" : "1756457521892604659",
      "t" : 1756457521892,
      "tn" : 1756457521892604659,
      "q" : "8.1",
      "p" : "1.2210",
      "s" : "buy",
      "i" : "MASK_USDT",
      "m" : "4611686018430457682"
    }, {
      "d" : "1756457521871972288",
      "t" : 1756457521871,
      "tn" : 1756457521871972288,
      "q" : "16.4",
      "p" : "1.2212",
      "s" : "buy",
      "i" : "MASK_USDT",
      "m" : "4611686018430457681"
    }, {
      "d" : "1756457521865387039",
      "t" : 1756457521865,
      "tn" : 1756457521865387039,
      "q" : "17.2",
      "p" : "1.2212",
      "s" : "buy",
      "i" : "MASK_USDT",
      "m" : "4611686018430457680"
    }, {
      "d" : "1756452468244225765",
      "t" : 1756452468244,
      "tn" : 1756452468244225765,
      "q" : "77.3",
      "p" : "1.2352",
      "s" : "buy",
      "i" : "MASK_USDT",
      "m" : "4611686018430457679"
    }, {
      "d" : "1756451106742492902",
      "t" : 1756451106742,
      "tn" : 1756451106742492902,
      "q" : "47.3",
      "p" : "1.2514",
      "s" : "sell",
      "i" : "MASK_USDT",
      "m" : "4611686018430457678"
    }, {
      "d" : "1756438673971167037",
      "t" : 1756438673971,
      "tn" : 1756438673971167037,
      "q" : "86.0",
      "p" : "1.2639",
      "s" : "buy",
      "i" : "MASK_USDT",
      "m" : "4611686018430457677"
    }, {
      "d" : "1756435076288082967",
      "t" : 1756435076288,
      "tn" : 1756435076288082967,
      "q" : "97.4",
      "p" : "1.2649",
      "s" : "sell",
      "i" : "MASK_USDT",
      "m" : "4611686018430457676"
    }, {
      "d" : "1756432315518437837",
      "t" : 1756432315518,
      "tn" : 1756432315518437837,
      "q" : "6.7",
      "p" : "1.2638",
      "s" : "sell",
      "i" : "MASK_USDT",
      "m" : "4611686018430457675"
    }, {
      "d" : "1756425583211039593",
      "t" : 1756425583211,
      "tn" : 1756425583211039593,
      "q" : "5.2",
      "p" : "1.2761",
      "s" : "sell",
      "i" : "MASK_USDT",
      "m" : "4611686018430457674"
    }, {
      "d" : "1756424158426588158",
      "t" : 1756424158426,
      "tn" : 1756424158426588158,
      "q" : "19.7",
      "p" : "1.2702",
      "s" : "sell",
      "i" : "MASK_USDT",
      "m" : "4611686018430457673"
    }, {
      "d" : "1756423540532543782",
      "t" : 1756423540532,
      "tn" : 1756423540532543782,
      "q" : "92.3",
      "p" : "1.2693",
      "s" : "buy",
      "i" : "MASK_USDT",
      "m" : "4611686018430457672"
    }, {
      "d" : "1756411354730353738",
      "t" : 1756411354730,
      "tn" : 1756411354730353738,
      "q" : "94.4",
      "p" : "1.2478",
      "s" : "buy",
      "i" : "MASK_USDT",
      "m" : "4611686018430457671"
    }, {
      "d" : "1756411319243749307",
      "t" : 1756411319243,
      "tn" : 1756411319243749307,
      "q" : "3.6",
      "p" : "1.2481",
      "s" : "buy",
      "i" : "MASK_USDT",
      "m" : "4611686018430457670"
    }, {
      "d" : "1756411293441368394",
      "t" : 1756411293441,
      "tn" : 1756411293441368394,
      "q" : "89.1",
      "p" : "1.2475",
      "s" : "buy",
      "i" : "MASK_USDT",
      "m" : "4611686018430457669"
    }, {
      "d" : "1756411293441365579",
      "t" : 1756411293441,
      "tn" : 1756411293441365579,
      "q" : "59.9",
      "p" : "1.2474",
      "s" : "buy",
      "i" : "MASK_USDT",
      "m" : "4611686018430457668"
    }, {
      "d" : "1756411207789939147",
      "t" : 1756411207789,
      "tn" : 1756411207789939147,
      "q" : "60.0",
      "p" : "1.2441",
      "s" : "buy",
      "i" : "MASK_USDT",
      "m" : "4611686018430457667"
    }, {
      "d" : "1756411207789937217",
      "t" : 1756411207789,
      "tn" : 1756411207789937217,
      "q" : "85.0",
      "p" : "1.2430",
      "s" : "buy",
      "i" : "MASK_USDT",
      "m" : "4611686018430457666"
    }, {
      "d" : "1756411165127759380",
      "t" : 1756411165127,
      "tn" : 1756411165127759380,
      "q" : "30.6",
      "p" : "1.2452",
      "s" : "buy",
      "i" : "MASK_USDT",
      "m" : "4611686018430457665"
    }, {
      "d" : "1756411062217789264",
      "t" : 1756411062217,
      "tn" : 1756411062217789264,
      "q" : "93.8",
      "p" : "1.2431",
      "s" : "buy",
      "i" : "MASK_USDT",
      "m" : "4611686018430457664"
    }, {
      "d" : "1756409462983470753",
      "t" : 1756409462983,
      "tn" : 1756409462983470753,
      "q" : "6.0",
      "p" : "1.2521",
      "s" : "sell",
      "i" : "MASK_USDT",
      "m" : "4611686018430457663"
    }, {
      "d" : "1756401747256587091",
      "t" : 1756401747256,
      "tn" : 1756401747256587091,
      "q" : "4.0",
      "p" : "1.2500",
      "s" : "buy",
      "i" : "MASK_USDT",
      "m" : "4611686018430457662"
    }, {
      "d" : "1756400404046333403",
      "t" : 1756400404046,
      "tn" : 1756400404046333403,
      "q" : "87.9",
      "p" : "1.2388",
      "s" : "sell",
      "i" : "MASK_USDT",
      "m" : "4611686018430457661"
    }, {
      "d" : "1756400357015663193",
      "t" : 1756400357015,
      "tn" : 1756400357015663193,
      "q" : "157.9",
      "p" : "1.2448",
      "s" : "sell",
      "i" : "MASK_USDT",
      "m" : "4611686018430457660"
    }, {
      "d" : "1756398216386957717",
      "t" : 1756398216386,
      "tn" : 1756398216386957717,
      "q" : "3.5",
      "p" : "1.2605",
      "s" : "sell",
      "i" : "MASK_USDT",
      "m" : "4611686018430457659"
    }, {
      "d" : "1756395719800557110",
      "t" : 1756395719800,
      "tn" : 1756395719800557110,
      "q" : "19.8",
      "p" : "1.2598",
      "s" : "buy",
      "i" : "MASK_USDT",
      "m" : "4611686018430457658"
    }, {
      "d" : "1756394972194893836",
      "t" : 1756394972194,
      "tn" : 1756394972194893836,
      "q" : "65.1",
      "p" : "1.2659",
      "s" : "buy",
      "i" : "MASK_USDT",
      "m" : "4611686018430457657"
    }, {
      "d" : "1756394972194892047",
      "t" : 1756394972194,
      "tn" : 1756394972194892047,
      "q" : "6.0",
      "p" : "1.2655",
      "s" : "buy",
      "i" : "MASK_USDT",
      "m" : "4611686018430457656"
    }, {
      "d" : "1756394247751927378",
      "t" : 1756394247751,
      "tn" : 1756394247751927378,
      "q" : "60.5",
      "p" : "1.2762",
      "s" : "sell",
      "i" : "MASK_USDT",
      "m" : "4611686018430457655"
    }, {
      "d" : "1756391544552464389",
      "t" : 1756391544552,
      "tn" : 1756391544552464389,
      "q" : "79.5",
      "p" : "1.2642",
      "s" : "buy",
      "i" : "MASK_USDT",
      "m" : "4611686018430457654"
    }, {
      "d" : "1756391544346815708",
      "t" : 1756391544346,
      "tn" : 1756391544346815708,
      "q" : "87.3",
      "p" : "1.2642",
      "s" : "buy",
      "i" : "MASK_USDT",
      "m" : "4611686018430457653"
    }, {
      "d" : "1756390739471031999",
      "t" : 1756390739471,
      "tn" : 1756390739471031999,
      "q" : "94.8",
      "p" : "1.2642",
      "s" : "buy",
      "i" : "MASK_USDT",
      "m" : "4611686018430457652"
    }, {
      "d" : "1756389941016149540",
      "t" : 1756389941016,
      "tn" : 1756389941016149540,
      "q" : "96.7",
      "p" : "1.2662",
      "s" : "buy",
      "i" : "MASK_USDT",
      "m" : "4611686018430457651"
    }, {
      "d" : "1756388431238738331",
      "t" : 1756388431238,
      "tn" : 1756388431238738331,
      "q" : "14.4",
      "p" : "1.2569",
      "s" : "sell",
      "i" : "MASK_USDT",
      "m" : "4611686018430457650"
    }, {
      "d" : "1756388115676975940",
      "t" : 1756388115676,
      "tn" : 1756388115676975940,
      "q" : "79.6",
      "p" : "1.2563",
      "s" : "sell",
      "i" : "MASK_USDT",
      "m" : "4611686018430457649"
    }, {
      "d" : "1756387474237122496",
      "t" : 1756387474237,
      "tn" : 1756387474237122496,
      "q" : "49.8",
      "p" : "1.2592",
      "s" : "buy",
      "i" : "MASK_USDT",
      "m" : "4611686018430457648"
    }, {
      "d" : "1756384290017446958",
      "t" : 1756384290017,
      "tn" : 1756384290017446958,
      "q" : "152.9",
      "p" : "1.2585",
      "s" : "buy",
      "i" : "MASK_USDT",
      "m" : "4611686018430457647"
    }, {
      "d" : "1756383380901999347",
      "t" : 1756383380901,
      "tn" : 1756383380901999347,
      "q" : "2.3",
      "p" : "1.2584",
      "s" : "sell",
      "i" : "MASK_USDT",
      "m" : "4611686018430457646"
    }, {
      "d" : "1756376407121269669",
      "t" : 1756376407121,
      "tn" : 1756376407121269669,
      "q" : "4.1",
      "p" : "1.2468",
      "s" : "sell",
      "i" : "MASK_USDT",
      "m" : "4611686018430457645"
    } ]
  }
}