{
  "id" : -1,
  "method" : "public/get-trades",
  "code" : 0,
  "result" : {
    "data" : [ {
      "d" : "1756461523337147545",
      "t" : 1756461523337,
      "tn" : 1756461523337147545,
      "q" : "13.5",
      "p" : "1.2258",
      "s" : "sell",
      "i" : "MASK_USD",
      "m" : "4611686018430047646"
    }, {
      "d" : "1756458370329554517",
      "t" : 1756458370329,
      "tn" : 1756458370329554517,
      "q" : "3.4",
      "p" : "1.2169",
      "s" : "buy",
      "i" : "MASK_USD",
      "m" : "4611686018430047645"
    }, {
      "d" : "1756457521865364800",
      "t" : 1756457521865,
      "tn" : 1756457521865364800,
      "q" : "17.2",
      "p" : "1.2250",
      "s" : "sell",
      "i" : "MASK_USD",
      "m" : "4611686018430047644"
    }, {
      "d" : "1756456752107096464",
      "t" : 1756456752107,
      "tn" : 1756456752107096464,
      "q" : "68.4",
      "p" : "1.2213",
      "s" : "sell",
      "i" : "MASK_USD",
      "m" : "4611686018430047643"
    }, {
      "d" : "1756455800953993005",
      "t" : 1756455800953,
      "tn" : 1756455800953993005,
      "q" : "7.6",
      "p" : "1.2210",
      "s" : "sell",
      "i" : "MASK_USD",
      "m" : "4611686018430047642"
    }, {
      "d" : "1756455444570827143",
      "t" : 1756455444570,
      "tn" : 1756455444570827143,
      "q" : "34.2",
      "p" : "1.2203",
      "s" : "sell",
      "i" : "MASK_USD",
      "m" : "4611686018430047641"
    }, {
      "d" : "1756454013308178363",
      "t" : 1756454013308,
      "tn" : 1756454013308178363,
      "q" : "54.9",
      "p" : "1.2371",
      "s" : "buy",
      "i" : "MASK_USD",
      "m" : "4611686018430047640"
    }, {
      "d" : "1756453918706792302",
      "t" : 1756453918706,
      "tn" : 1756453918706792302,
      "q" : "16.0",
      "p" : "1.2386",
      "s" : "buy",
      "i" : "MASK_USD",
      "m" : "4611686018430047639"
    }, {
      "d" : "1756453583583223016",
      "t" : 1756453583583,
      "tn" : 1756453583583223016,
      "q" : "77.2",
      "p" : "1.2379",
      "s" : "buy",
      "i" : "MASK_USD",
      "m" : "4611686018430047638"
    }, {
      "d" : "1756452468243997148",
      "t" : 1756452468243,
      "tn" : 1756452468243997148,
      "q" : "77.2",
      "p" : "1.2383",
      "s" : "sell",
      "i" : "MASK_USD",
      "m" : "4611686018430047637"
    }, {
      "d" : "1756451479198609944",
      "t" : 1756451479198,
      "tn" : 1756451479198609944,
      "q" : "4.9",
      "p" : "1.2411",
      "s" : "sell",
      "i" : "MASK_USD",
      "m" : "4611686018430047636"
    }, {
      "d" : "1756441263155053413",
      "t" : 1756441263155,
      "tn" : 1756441263155053413,
      "q" : "21.0",
      "p" : "1.2703",
      "s" : "buy",
      "i" : "MASK_USD",
      "m" : "4611686018430047635"
    }, {
      "d" : "1756441047701519715",
      "t" : 1756441047701,
      "tn" : 1756441047701519715,
      "q" : "3.4",
      "p" : "1.2691",
      "s" : "buy",
      "i" : "MASK_USD",
      "m" : "4611686018430047634"
    }, {
      "d" : "1756440998034607838",
      "t" : 1756440998034,
      "tn" : 1756440998034607838,
      "q" : "3.5",
      "p" : "1.2693",
      "s" : "buy",
      "i" : "MASK_USD",
      "m" : "4611686018430047633"
    }, {
      "d" : "1756440583130681577",
      "t" : 1756440583130,
      "tn" : 1756440583130681577,
      "q" : "4.1",
      "p" : "1.2676",
      "s" : "buy",
      "i" : "MASK_USD",
      "m" : "4611686018430047632"
    }, {
      "d" : "1756439871237627884",
      "t" : 1756439871237,
      "tn" : 1756439871237627884,
      "q" : "5.4",
      "p" : "1.2711",
      "s" : "buy",
      "i" : "MASK_USD",
      "m" : "4611686018430047631"
    }, {
      "d" : "1756439715091302175",
      "t" : 1756439715091,
      "tn" : 1756439715091302175,
      "q" : "34.2",
      "p" : "1.2737",
      "s" : "buy",
      "i" : "MASK_USD",
      "m" : "4611686018430047630"
    }, {
      "d" : "1756439711755660188",
      "t" : 1756439711755,
      "tn" : 1756439711755660188,
      "q" : "8.1",
      "p" : "1.2737",
      "s" : "buy",
      "i" : "MASK_USD",
      "m" : "4611686018430047629"
    }, {
      "d" : "1756432315517552978",
      "t" : 1756432315517,
      "tn" : 1756432315517552978,
      "q" : "6.7",
      "p" : "1.2621",
      "s" : "sell",
      "i" : "MASK_USD",
      "m" : "4611686018430047628"
    }, {
      "d" : "1756426196968653379",
      "t" : 1756426196968,
      "tn" : 1756426196968653379,
      "q" : "3.7",
      "p" : "1.2782",
      "s" : "buy",
      "i" : "MASK_USD",
      "m" : "4611686018430047627"
    }, {
      "d" : "1756425583210237343",
      "t" : 1756425583210,
      "tn" : 1756425583210237343,
      "q" : "5.2",
      "p" : "1.2741",
      "s" : "sell",
      "i" : "MASK_USD",
      "m" : "4611686018430047626"
    }, {
      "d" : "1756419221214052026",
      "t" : 1756419221214,
      "tn" : 1756419221214052026,
      "q" : "9.0",
      "p" : "1.2695",
      "s" : "buy",
      "i" : "MASK_USD",
      "m" : "4611686018430047625"
    }, {
      "d" : "1756411293441424212",
      "t" : 1756411293441,
      "tn" : 1756411293441424212,
      "q" : "32.6",
      "p" : "1.2476",
      "s" : "buy",
      "i" : "MASK_USD",
      "m" : "4611686018430047624"
    }, {
      "d" : "1756411293441421239",
      "t" : 1756411293441,
      "tn" : 1756411293441421239,
      "q" : "150.3",
      "p" : "1.2475",
      "s" : "buy",
      "i" : "MASK_USD",
      "m" : "4611686018430047623"
    }, {
      "d" : "1756409462982804676",
      "t" : 1756409462982,
      "tn" : 1756409462982804676,
      "q" : "6.0",
      "p" : "1.2504",
      "s" : "sell",
      "i" : "MASK_USD",
      "m" : "4611686018430047622"
    }, {
      "d" : "1756401747255685186",
      "t" : 1756401747255,
      "tn" : 1756401747255685186,
      "q" : "4.0",
      "p" : "1.2520",
      "s" : "sell",
      "i" : "MASK_USD",
      "m" : "4611686018430047621"
    }, {
      "d" : "1756401316246753305",
      "t" : 1756401316246,
      "tn" : 1756401316246753305,
      "q" : "8.0",
      "p" : "1.2512",
      "s" : "buy",
      "i" : "MASK_USD",
      "m" : "4611686018430047620"
    }, {
      "d" : "1756400404046343958",
      "t" : 1756400404046,
      "tn" : 1756400404046343957,
      "q" : "44.1",
      "p" : "1.2383",
      "s" : "sell",
      "i" : "MASK_USD",
      "m" : "4611686018430047619"
    }, {
      "d" : "1756400404046343957",
      "t" : 1756400404046,
      "tn" : 1756400404046343957,
      "q" : "38.9",
      "p" : "1.2383",
      "s" : "sell",
      "i" : "MASK_USD",
      "m" : "4611686018430047619"
    }, {
      "d" : "1756400404046339959",
      "t" : 1756400404046,
      "tn" : 1756400404046339959,
      "q" : "60.6",
      "p" : "1.2384",
      "s" : "sell",
      "i" : "MASK_USD",
      "m" : "4611686018430047618"
    }, {
      "d" : "1756398216386278430",
      "t" : 1756398216386,
      "tn" : 1756398216386278430,
      "q" : "3.5",
      "p" : "1.2586",
      "s" : "sell",
      "i" : "MASK_USD",
      "m" : "4611686018430047617"
    }, {
      "d" : "1756396143153163543",
      "t" : 1756396143153,
      "tn" : 1756396143153163543,
      "q" : "94.9",
      "p" : "1.2560",
      "s" : "sell",
      "i" : "MASK_USD",
      "m" : "4611686018430047616"
    }, {
      "d" : "1756395719801397444",
      "t" : 1756395719801,
      "tn" : 1756395719801397444,
      "q" : "0.2",
      "p" : "1.2628",
      "s" : "sell",
      "i" : "MASK_USD",
      "m" : "4611686018430047615"
    }, {
      "d" : "1756395719799177508",
      "t" : 1756395719799,
      "tn" : 1756395719799177508,
      "q" : "19.8",
      "p" : "1.2628",
      "s" : "sell",
      "i" : "MASK_USD",
      "m" : "4611686018430047614"
    }, {
      "d" : "1756394972195944886",
      "t" : 1756394972195,
      "tn" : 1756394972195944886,
      "q" : "87.8",
      "p" : "1.2695",
      "s" : "sell",
      "i" : "MASK_USD",
      "m" : "4611686018430047613"
    }, {
      "d" : "1756394247751028621",
      "t" : 1756394247751,
      "tn" : 1756394247751028621,
      "q" : "60.5",
      "p" : "1.2747",
      "s" : "buy",
      "i" : "MASK_USD",
      "m" : "4611686018430047612"
    }, {
      "d" : "1756394247743521533",
      "t" : 1756394247743,
      "tn" : 1756394247743521533,
      "q" : "117.6",
      "p" : "1.2747",
      "s" : "sell",
      "i" : "MASK_USD",
      "m" : "4611686018430047611"
    }, {
      "d" : "1756393359622714825",
      "t" : 1756393359622,
      "tn" : 1756393359622714825,
      "q" : "6.1",
      "p" : "1.2740",
      "s" : "buy",
      "i" : "MASK_USD",
      "m" : "4611686018430047610"
    }, {
      "d" : "1756391375584618465",
      "t" : 1756391375584,
      "tn" : 1756391375584618465,
      "q" : "7.6",
      "p" : "1.2676",
      "s" : "buy",
      "i" : "MASK_USD",
      "m" : "4611686018430047609"
    }, {
      "d" : "1756391313647922019",
      "t" : 1756391313647,
      "tn" : 1756391313647922019,
      "q" : "7.7",
      "p" : "1.2662",
      "s" : "buy",
      "i" : "MASK_USD",
      "m" : "4611686018430047608"
    }, {
      "d" : "1756390763560932382",
      "t" : 1756390763560,
      "tn" : 1756390763560932382,
      "q" : "22.8",
      "p" : "1.2677",
      "s" : "buy",
      "i" : "MASK_USD",
      "m" : "4611686018430047607"
    }, {
      "d" : "1756390157231912748",
      "t" : 1756390157231,
      "tn" : 1756390157231912748,
      "q" : "5.0",
      "p" : "1.2683",
      "s" : "buy",
      "i" : "MASK_USD",
      "m" : "4611686018430047606"
    }, {
      "d" : "1756388671544525715",
      "t" : 1756388671544,
      "tn" : 1756388671544525715,
      "q" : "25.0",
      "p" : "1.2577",
      "s" : "buy",
      "i" : "MASK_USD",
      "m" : "4611686018430047605"
    }, {
      "d" : "1756388431238077276",
      "t" : 1756388431238,
      "tn" : 1756388431238077276,
      "q" : "14.4",
      "p" : "1.2536",
      "s" : "sell",
      "i" : "MASK_USD",
      "m" : "4611686018430047604"
    }, {
      "d" : "1756387474236101538",
      "t" : 1756387474236,
      "tn" : 1756387474236101538,
      "q" : "49.7",
      "p" : "1.2639",
      "s" : "sell",
      "i" : "MASK_USD",
      "m" : "4611686018430047603"
    }, {
      "d" : "1756387194679641373",
      "t" : 1756387194679,
      "tn" : 1756387194679641373,
      "q" : "6.3",
      "p" : "1.2572",
      "s" : "sell",
      "i" : "MASK_USD",
      "m" : "4611686018430047602"
    }, {
      "d" : "1756382696109426026",
      "t" : 1756382696109,
      "tn" : 1756382696109426026,
      "q" : "10.3",
      "p" : "1.2594",
      "s" : "buy",
      "i" : "MASK_USD",
      "m" : "4611686018430047601"
    }, {
      "d" : "1756378040388523276",
      "t" : 1756378040388,
      "tn" : 1756378040388523276,
      "q" : "350.6",
      "p" : "1.2500",
      "s" : "sell",
      "i" : "MASK_USD",
      "m" : "4611686018430047600"
    }, {
      "d" : "1756378040386255306",
      "t" : 1756378040386,
      "tn" : 1756378040386255306,
      "q" : "149.4",
      "p" : "1.2500",
      "s" : "buy",
      "i" : "MASK_USD",
      "m" : "4611686018430047599"
    }, {
      "d" : "1756376407120090810",
      "t" : 1756376407120,
      "tn" : 1756376407120090810,
      "q" : "4.1",
      "p" : "1.2449",
      "s" : "sell",
      "i" : "MASK_USD",
      "m" : "4611686018430047598"
    } ]
  }
}