{
  "id" : -1,
  "method" : "public/get-trades",
  "code" : 0,
  "result" : {
    "data" : [ {
      "d" : "1756411354730421167",
      "t" : 1756411354730,
      "tn" : 1756411354730421166,
      "q" : "1",
      "p" : "1.2479",
      "s" : "buy",
      "i" : "MASKUSD-PERP",
      "m" : "4611686018430327843"
    }, {
      "d" : "1756411354730421166",
      "t" : 1756411354730,
      "tn" : 1756411354730421166,
      "q" : "1",
      "p" : "1.2479",
      "s" : "buy",
      "i" : "MASKUSD-PERP",
      "m" : "4611686018430327843"
    }, {
      "d" : "1756411319243858261",
      "t" : 1756411319243,
      "tn" : 1756411319243858261,
      "q" : "1",
      "p" : "1.2485",
      "s" : "buy",
      "i" : "MASKUSD-PERP",
      "m" : "4611686018430327842"
    }, {
      "d" : "1756411319243855506",
      "t" : 1756411319243,
      "tn" : 1756411319243855506,
      "q" : "1",
      "p" : "1.2484",
      "s" : "buy",
      "i" : "MASKUSD-PERP",
      "m" : "4611686018430327841"
    }, {
      "d" : "1756411293441436024",
      "t" : 1756411293441,
      "tn" : 1756411293441436024,
      "q" : "1",
      "p" : "1.2475",
      "s" : "buy",
      "i" : "MASKUSD-PERP",
      "m" : "4611686018430327840"
    }, {
      "d" : "1756411293441434183",
      "t" : 1756411293441,
      "tn" : 1756411293441434183,
      "q" : "1",
      "p" : "1.2474",
      "s" : "buy",
      "i" : "MASKUSD-PERP",
      "m" : "4611686018430327839"
    }, {
      "d" : "1756411207790066121",
      "t" : 1756411207790,
      "tn" : 1756411207790066121,
      "q" : "1",
      "p" : "1.2432",
      "s" : "buy",
      "i" : "MASKUSD-PERP",
      "m" : "4611686018430327838"
    }, {
      "d" : "1756411207790064305",
      "t" : 1756411207790,
      "tn" : 1756411207790064305,
      "q" : "1",
      "p" : "1.2430",
      "s" : "buy",
      "i" : "MASKUSD-PERP",
      "m" : "4611686018430327837"
    }, {
      "d" : "1756411165127867051",
      "t" : 1756411165127,
      "tn" : 1756411165127867051,
      "q" : "1",
      "p" : "1.2453",
      "s" : "buy",
      "i" : "MASKUSD-PERP",
      "m" : "4611686018430327836"
    }, {
      "d" : "1756411124848851857",
      "t" : 1756411124848,
      "tn" : 1756411124848851857,
      "q" : "1",
      "p" : "1.2446",
      "s" : "buy",
      "i" : "MASKUSD-PERP",
      "m" : "4611686018430327835"
    }, {
      "d" : "1756411124848849764",
      "t" : 1756411124848,
      "tn" : 1756411124848849764,
      "q" : "1",
      "p" : "1.2442",
      "s" : "buy",
      "i" : "MASKUSD-PERP",
      "m" : "4611686018430327834"
    }, {
      "d" : "1756400404050067202",
      "t" : 1756400404050,
      "tn" : 1756400404050067202,
      "q" : "1",
      "p" : "1.2397",
      "s" : "sell",
      "i" : "MASKUSD-PERP",
      "m" : "4611686018430327833"
    }, {
      "d" : "1756400404050065450",
      "t" : 1756400404050,
      "tn" : 1756400404050065450,
      "q" : "1",
      "p" : "1.2398",
      "s" : "sell",
      "i" : "MASKUSD-PERP",
      "m" : "4611686018430327832"
    }, {
      "d" : "1756390739471124427",
      "t" : 1756390739471,
      "tn" : 1756390739471124427,
      "q" : "1",
      "p" : "1.2658",
      "s" : "buy",
      "i" : "MASKUSD-PERP",
      "m" : "4611686018430327831"
    }, {
      "d" : "1756390739471122337",
      "t" : 1756390739471,
      "tn" : 1756390739471122337,
      "q" : "1",
      "p" : "1.2655",
      "s" : "buy",
      "i" : "MASKUSD-PERP",
      "m" : "4611686018430327830"
    } ]
  }
}