{
  "id" : -1,
  "method" : "public/get-trades",
  "code" : 0,
  "result" : {
    "data" : [ {
      "d" : "1756460921528535279",
      "t" : 1756460921528,
      "tn" : 1756460921528535279,
      "q" : "7.4",
      "p" : "0.15721",
      "s" : "sell",
      "i" : "MAVIA_USDT",
      "m" : "4611686018428616235"
    }, {
      "d" : "1756460920531266353",
      "t" : 1756460920531,
      "tn" : 1756460920531266353,
      "q" : "7.4",
      "p" : "0.15721",
      "s" : "sell",
      "i" : "MAVIA_USDT",
      "m" : "4611686018428616234"
    }, {
      "d" : "1756460919533923651",
      "t" : 1756460919533,
      "tn" : 1756460919533923651,
      "q" : "7.4",
      "p" : "0.15721",
      "s" : "sell",
      "i" : "MAVIA_USDT",
      "m" : "4611686018428616233"
    }, {
      "d" : "1756460918927411983",
      "t" : 1756460918927,
      "tn" : 1756460918927411983,
      "q" : "7.4",
      "p" : "0.15721",
      "s" : "sell",
      "i" : "MAVIA_USDT",
      "m" : "4611686018428616232"
    }, {
      "d" : "1756460918531647012",
      "t" : 1756460918531,
      "tn" : 1756460918531647012,
      "q" : "7.4",
      "p" : "0.15721",
      "s" : "sell",
      "i" : "MAVIA_USDT",
      "m" : "4611686018428616231"
    }, {
      "d" : "1756460917529443268",
      "t" : 1756460917529,
      "tn" : 1756460917529443268,
      "q" : "7.4",
      "p" : "0.15721",
      "s" : "sell",
      "i" : "MAVIA_USDT",
      "m" : "4611686018428616230"
    }, {
      "d" : "1756460916527054786",
      "t" : 1756460916527,
      "tn" : 1756460916527054786,
      "q" : "7.4",
      "p" : "0.15721",
      "s" : "sell",
      "i" : "MAVIA_USDT",
      "m" : "4611686018428616229"
    }, {
      "d" : "1756460915529816842",
      "t" : 1756460915529,
      "tn" : 1756460915529816842,
      "q" : "7.4",
      "p" : "0.15721",
      "s" : "sell",
      "i" : "MAVIA_USDT",
      "m" : "4611686018428616228"
    }, {
      "d" : "1756460914527105489",
      "t" : 1756460914527,
      "tn" : 1756460914527105489,
      "q" : "7.4",
      "p" : "0.15721",
      "s" : "sell",
      "i" : "MAVIA_USDT",
      "m" : "4611686018428616227"
    }, {
      "d" : "1756460913524304136",
      "t" : 1756460913524,
      "tn" : 1756460913524304136,
      "q" : "7.4",
      "p" : "0.15721",
      "s" : "sell",
      "i" : "MAVIA_USDT",
      "m" : "4611686018428616226"
    }, {
      "d" : "1756460913368973065",
      "t" : 1756460913368,
      "tn" : 1756460913368973065,
      "q" : "7.4",
      "p" : "0.15721",
      "s" : "sell",
      "i" : "MAVIA_USDT",
      "m" : "4611686018428616225"
    }, {
      "d" : "1756460913313940605",
      "t" : 1756460913313,
      "tn" : 1756460913313940605,
      "q" : "7.4",
      "p" : "0.15721",
      "s" : "sell",
      "i" : "MAVIA_USDT",
      "m" : "4611686018428616224"
    }, {
      "d" : "1756460913268908455",
      "t" : 1756460913268,
      "tn" : 1756460913268908455,
      "q" : "7.4",
      "p" : "0.15721",
      "s" : "sell",
      "i" : "MAVIA_USDT",
      "m" : "4611686018428616223"
    }, {
      "d" : "1756460912827070091",
      "t" : 1756460912827,
      "tn" : 1756460912827070091,
      "q" : "7.4",
      "p" : "0.15721",
      "s" : "sell",
      "i" : "MAVIA_USDT",
      "m" : "4611686018428616222"
    }, {
      "d" : "1756460912731739923",
      "t" : 1756460912731,
      "tn" : 1756460912731739923,
      "q" : "7.4",
      "p" : "0.15721",
      "s" : "sell",
      "i" : "MAVIA_USDT",
      "m" : "4611686018428616221"
    }, {
      "d" : "1756460912711612012",
      "t" : 1756460912711,
      "tn" : 1756460912711612012,
      "q" : "7.4",
      "p" : "0.15716",
      "s" : "sell",
      "i" : "MAVIA_USDT",
      "m" : "4611686018428616220"
    }, {
      "d" : "1756460912526467606",
      "t" : 1756460912526,
      "tn" : 1756460912526467606,
      "q" : "7.4",
      "p" : "0.15721",
      "s" : "sell",
      "i" : "MAVIA_USDT",
      "m" : "4611686018428616219"
    }, {
      "d" : "1756460911969693124",
      "t" : 1756460911969,
      "tn" : 1756460911969693124,
      "q" : "7.4",
      "p" : "0.15721",
      "s" : "sell",
      "i" : "MAVIA_USDT",
      "m" : "4611686018428616218"
    }, {
      "d" : "1756460911829306030",
      "t" : 1756460911829,
      "tn" : 1756460911829306030,
      "q" : "7.4",
      "p" : "0.15721",
      "s" : "sell",
      "i" : "MAVIA_USDT",
      "m" : "4611686018428616217"
    }, {
      "d" : "1756460911749025391",
      "t" : 1756460911749,
      "tn" : 1756460911749025391,
      "q" : "7.4",
      "p" : "0.15721",
      "s" : "sell",
      "i" : "MAVIA_USDT",
      "m" : "4611686018428616216"
    }, {
      "d" : "1756460911628672336",
      "t" : 1756460911628,
      "tn" : 1756460911628672336,
      "q" : "7.4",
      "p" : "0.15721",
      "s" : "sell",
      "i" : "MAVIA_USDT",
      "m" : "4611686018428616215"
    }, {
      "d" : "1756460911523508615",
      "t" : 1756460911523,
      "tn" : 1756460911523508615,
      "q" : "7.4",
      "p" : "0.15721",
      "s" : "sell",
      "i" : "MAVIA_USDT",
      "m" : "4611686018428616214"
    }, {
      "d" : "1756460911468701868",
      "t" : 1756460911468,
      "tn" : 1756460911468701868,
      "q" : "7.4",
      "p" : "0.15721",
      "s" : "sell",
      "i" : "MAVIA_USDT",
      "m" : "4611686018428616213"
    }, {
      "d" : "1756460910526059300",
      "t" : 1756460910526,
      "tn" : 1756460910526059300,
      "q" : "7.4",
      "p" : "0.15721",
      "s" : "sell",
      "i" : "MAVIA_USDT",
      "m" : "4611686018428616212"
    }, {
      "d" : "1756460910250703067",
      "t" : 1756460910250,
      "tn" : 1756460910250703067,
      "q" : "7.4",
      "p" : "0.15721",
      "s" : "sell",
      "i" : "MAVIA_USDT",
      "m" : "4611686018428616211"
    }, {
      "d" : "1756460910149783718",
      "t" : 1756460910149,
      "tn" : 1756460910149783718,
      "q" : "7.4",
      "p" : "0.15721",
      "s" : "sell",
      "i" : "MAVIA_USDT",
      "m" : "4611686018428616210"
    }, {
      "d" : "1756460910089745745",
      "t" : 1756460910089,
      "tn" : 1756460910089745745,
      "q" : "7.4",
      "p" : "0.15721",
      "s" : "sell",
      "i" : "MAVIA_USDT",
      "m" : "4611686018428616209"
    }, {
      "d" : "1756460909969581778",
      "t" : 1756460909969,
      "tn" : 1756460909969581778,
      "q" : "7.4",
      "p" : "0.15721",
      "s" : "sell",
      "i" : "MAVIA_USDT",
      "m" : "4611686018428616208"
    }, {
      "d" : "1756460909829310634",
      "t" : 1756460909829,
      "tn" : 1756460909829310634,
      "q" : "7.4",
      "p" : "0.15721",
      "s" : "sell",
      "i" : "MAVIA_USDT",
      "m" : "4611686018428616207"
    }, {
      "d" : "1756460909819222855",
      "t" : 1756460909819,
      "tn" : 1756460909819222855,
      "q" : "7.4",
      "p" : "0.15721",
      "s" : "sell",
      "i" : "MAVIA_USDT",
      "m" : "4611686018428616206"
    }, {
      "d" : "1756460909809223391",
      "t" : 1756460909809,
      "tn" : 1756460909809223391,
      "q" : "7.4",
      "p" : "0.15721",
      "s" : "sell",
      "i" : "MAVIA_USDT",
      "m" : "4611686018428616205"
    }, {
      "d" : "1756460909708790724",
      "t" : 1756460909708,
      "tn" : 1756460909708790724,
      "q" : "7.4",
      "p" : "0.15716",
      "s" : "sell",
      "i" : "MAVIA_USDT",
      "m" : "4611686018428616204"
    }, {
      "d" : "1756460909523643417",
      "t" : 1756460909523,
      "tn" : 1756460909523643417,
      "q" : "7.4",
      "p" : "0.15721",
      "s" : "sell",
      "i" : "MAVIA_USDT",
      "m" : "4611686018428616203"
    }, {
      "d" : "1756460909268181503",
      "t" : 1756460909268,
      "tn" : 1756460909268181503,
      "q" : "7.4",
      "p" : "0.15721",
      "s" : "sell",
      "i" : "MAVIA_USDT",
      "m" : "4611686018428616202"
    }, {
      "d" : "1756460909167305460",
      "t" : 1756460909167,
      "tn" : 1756460909167305460,
      "q" : "7.4",
      "p" : "0.15721",
      "s" : "sell",
      "i" : "MAVIA_USDT",
      "m" : "4611686018428616201"
    }, {
      "d" : "1756460909067318580",
      "t" : 1756460909067,
      "tn" : 1756460909067318580,
      "q" : "7.4",
      "p" : "0.15721",
      "s" : "sell",
      "i" : "MAVIA_USDT",
      "m" : "4611686018428616200"
    }, {
      "d" : "1756460908651097805",
      "t" : 1756460908651,
      "tn" : 1756460908651097805,
      "q" : "7.4",
      "p" : "0.15721",
      "s" : "sell",
      "i" : "MAVIA_USDT",
      "m" : "4611686018428616199"
    }, {
      "d" : "1756460908531015085",
      "t" : 1756460908531,
      "tn" : 1756460908531015085,
      "q" : "7.4",
      "p" : "0.15721",
      "s" : "sell",
      "i" : "MAVIA_USDT",
      "m" : "4611686018428616198"
    }, {
      "d" : "1756460908350407408",
      "t" : 1756460908350,
      "tn" : 1756460908350407408,
      "q" : "7.4",
      "p" : "0.15721",
      "s" : "sell",
      "i" : "MAVIA_USDT",
      "m" : "4611686018428616197"
    }, {
      "d" : "1756460907628021506",
      "t" : 1756460907628,
      "tn" : 1756460907628021506,
      "q" : "7.4",
      "p" : "0.15721",
      "s" : "sell",
      "i" : "MAVIA_USDT",
      "m" : "4611686018428616196"
    }, {
      "d" : "1756460907522958921",
      "t" : 1756460907522,
      "tn" : 1756460907522958921,
      "q" : "7.4",
      "p" : "0.15721",
      "s" : "sell",
      "i" : "MAVIA_USDT",
      "m" : "4611686018428616195"
    }, {
      "d" : "1756460906971473775",
      "t" : 1756460906971,
      "tn" : 1756460906971473775,
      "q" : "7.4",
      "p" : "0.15721",
      "s" : "sell",
      "i" : "MAVIA_USDT",
      "m" : "4611686018428616194"
    }, {
      "d" : "1756460906770830252",
      "t" : 1756460906770,
      "tn" : 1756460906770830252,
      "q" : "7.4",
      "p" : "0.15721",
      "s" : "sell",
      "i" : "MAVIA_USDT",
      "m" : "4611686018428616193"
    }, {
      "d" : "1756460906650497197",
      "t" : 1756460906650,
      "tn" : 1756460906650497197,
      "q" : "7.4",
      "p" : "0.15721",
      "s" : "sell",
      "i" : "MAVIA_USDT",
      "m" : "4611686018428616192"
    }, {
      "d" : "1756460906530400527",
      "t" : 1756460906530,
      "tn" : 1756460906530400527,
      "q" : "7.4",
      "p" : "0.15721",
      "s" : "sell",
      "i" : "MAVIA_USDT",
      "m" : "4611686018428616191"
    }, {
      "d" : "1756460906370138824",
      "t" : 1756460906370,
      "tn" : 1756460906370138824,
      "q" : "7.4",
      "p" : "0.15721",
      "s" : "sell",
      "i" : "MAVIA_USDT",
      "m" : "4611686018428616190"
    }, {
      "d" : "1756460906270058676",
      "t" : 1756460906270,
      "tn" : 1756460906270058676,
      "q" : "7.4",
      "p" : "0.15721",
      "s" : "sell",
      "i" : "MAVIA_USDT",
      "m" : "4611686018428616189"
    }, {
      "d" : "1756460906169168037",
      "t" : 1756460906169,
      "tn" : 1756460906169168037,
      "q" : "7.4",
      "p" : "0.15721",
      "s" : "sell",
      "i" : "MAVIA_USDT",
      "m" : "4611686018428616188"
    }, {
      "d" : "1756460905968798429",
      "t" : 1756460905968,
      "tn" : 1756460905968798429,
      "q" : "7.4",
      "p" : "0.15721",
      "s" : "sell",
      "i" : "MAVIA_USDT",
      "m" : "4611686018428616187"
    }, {
      "d" : "1756460905858470284",
      "t" : 1756460905858,
      "tn" : 1756460905858470284,
      "q" : "7.4",
      "p" : "0.15721",
      "s" : "sell",
      "i" : "MAVIA_USDT",
      "m" : "4611686018428616186"
    }, {
      "d" : "1756460905848494866",
      "t" : 1756460905848,
      "tn" : 1756460905848494866,
      "q" : "7.4",
      "p" : "0.15721",
      "s" : "sell",
      "i" : "MAVIA_USDT",
      "m" : "4611686018428616185"
    }, {
      "d" : "1756460905748192793",
      "t" : 1756460905748,
      "tn" : 1756460905748192793,
      "q" : "7.4",
      "p" : "0.15716",
      "s" : "sell",
      "i" : "MAVIA_USDT",
      "m" : "4611686018428616184"
    }, {
      "d" : "1756460905738344446",
      "t" : 1756460905738,
      "tn" : 1756460905738344446,
      "q" : "7.4",
      "p" : "0.15716",
      "s" : "sell",
      "i" : "MAVIA_USDT",
      "m" : "4611686018428616183"
    }, {
      "d" : "1756460897527315288",
      "t" : 1756460897527,
      "tn" : 1756460897527315288,
      "q" : "7.4",
      "p" : "0.15701",
      "s" : "sell",
      "i" : "MAVIA_USDT",
      "m" : "4611686018428616182"
    }, {
      "d" : "1756460896830504763",
      "t" : 1756460896830,
      "tn" : 1756460896830504763,
      "q" : "7.4",
      "p" : "0.15701",
      "s" : "sell",
      "i" : "MAVIA_USDT",
      "m" : "4611686018428616181"
    }, {
      "d" : "1756460896710144125",
      "t" : 1756460896710,
      "tn" : 1756460896710144125,
      "q" : "7.4",
      "p" : "0.15701",
      "s" : "sell",
      "i" : "MAVIA_USDT",
      "m" : "4611686018428616180"
    }, {
      "d" : "1756460896529971603",
      "t" : 1756460896529,
      "tn" : 1756460896529971603,
      "q" : "7.4",
      "p" : "0.15701",
      "s" : "sell",
      "i" : "MAVIA_USDT",
      "m" : "4611686018428616179"
    }, {
      "d" : "1756460895527658015",
      "t" : 1756460895527,
      "tn" : 1756460895527658015,
      "q" : "7.4",
      "p" : "0.15701",
      "s" : "sell",
      "i" : "MAVIA_USDT",
      "m" : "4611686018428616178"
    }, {
      "d" : "1756460894530088208",
      "t" : 1756460894530,
      "tn" : 1756460894530088208,
      "q" : "7.4",
      "p" : "0.15701",
      "s" : "sell",
      "i" : "MAVIA_USDT",
      "m" : "4611686018428616177"
    }, {
      "d" : "1756460894309655810",
      "t" : 1756460894309,
      "tn" : 1756460894309655810,
      "q" : "7.4",
      "p" : "0.15701",
      "s" : "sell",
      "i" : "MAVIA_USDT",
      "m" : "4611686018428616176"
    }, {
      "d" : "1756460894209646287",
      "t" : 1756460894209,
      "tn" : 1756460894209646287,
      "q" : "7.4",
      "p" : "0.15701",
      "s" : "sell",
      "i" : "MAVIA_USDT",
      "m" : "4611686018428616175"
    }, {
      "d" : "1756460893667635200",
      "t" : 1756460893667,
      "tn" : 1756460893667635200,
      "q" : "7.4",
      "p" : "0.15701",
      "s" : "sell",
      "i" : "MAVIA_USDT",
      "m" : "4611686018428616174"
    }, {
      "d" : "1756460893527501477",
      "t" : 1756460893527,
      "tn" : 1756460893527501477,
      "q" : "7.4",
      "p" : "0.15701",
      "s" : "sell",
      "i" : "MAVIA_USDT",
      "m" : "4611686018428616173"
    }, {
      "d" : "1756460893487415697",
      "t" : 1756460893487,
      "tn" : 1756460893487415697,
      "q" : "7.4",
      "p" : "0.15701",
      "s" : "sell",
      "i" : "MAVIA_USDT",
      "m" : "4611686018428616172"
    }, {
      "d" : "1756460893402299617",
      "t" : 1756460893402,
      "tn" : 1756460893402299617,
      "q" : "7.4",
      "p" : "0.15701",
      "s" : "sell",
      "i" : "MAVIA_USDT",
      "m" : "4611686018428616171"
    }, {
      "d" : "1756460893372337807",
      "t" : 1756460893372,
      "tn" : 1756460893372337807,
      "q" : "7.4",
      "p" : "0.15706",
      "s" : "sell",
      "i" : "MAVIA_USDT",
      "m" : "4611686018428616170"
    }, {
      "d" : "1756460891708062781",
      "t" : 1756460891708,
      "tn" : 1756460891708062781,
      "q" : "7.4",
      "p" : "0.15706",
      "s" : "sell",
      "i" : "MAVIA_USDT",
      "m" : "4611686018428616169"
    }, {
      "d" : "1756460891627957215",
      "t" : 1756460891627,
      "tn" : 1756460891627957215,
      "q" : "7.4",
      "p" : "0.15706",
      "s" : "sell",
      "i" : "MAVIA_USDT",
      "m" : "4611686018428616168"
    }, {
      "d" : "1756460891527923061",
      "t" : 1756460891527,
      "tn" : 1756460891527923061,
      "q" : "7.4",
      "p" : "0.15706",
      "s" : "sell",
      "i" : "MAVIA_USDT",
      "m" : "4611686018428616167"
    }, {
      "d" : "1756460891287645152",
      "t" : 1756460891287,
      "tn" : 1756460891287645152,
      "q" : "7.4",
      "p" : "0.15706",
      "s" : "sell",
      "i" : "MAVIA_USDT",
      "m" : "4611686018428616166"
    }, {
      "d" : "1756460890525490497",
      "t" : 1756460890525,
      "tn" : 1756460890525490497,
      "q" : "7.4",
      "p" : "0.15706",
      "s" : "sell",
      "i" : "MAVIA_USDT",
      "m" : "4611686018428616165"
    }, {
      "d" : "1756460890229988765",
      "t" : 1756460890229,
      "tn" : 1756460890229988765,
      "q" : "7.4",
      "p" : "0.15706",
      "s" : "sell",
      "i" : "MAVIA_USDT",
      "m" : "4611686018428616164"
    }, {
      "d" : "1756460889748215024",
      "t" : 1756460889748,
      "tn" : 1756460889748215024,
      "q" : "7.4",
      "p" : "0.15706",
      "s" : "sell",
      "i" : "MAVIA_USDT",
      "m" : "4611686018428616163"
    }, {
      "d" : "1756460889627873224",
      "t" : 1756460889627,
      "tn" : 1756460889627873224,
      "q" : "7.4",
      "p" : "0.15706",
      "s" : "sell",
      "i" : "MAVIA_USDT",
      "m" : "4611686018428616162"
    }, {
      "d" : "1756460889527821453",
      "t" : 1756460889527,
      "tn" : 1756460889527821453,
      "q" : "7.4",
      "p" : "0.15701",
      "s" : "sell",
      "i" : "MAVIA_USDT",
      "m" : "4611686018428616161"
    }, {
      "d" : "1756460888941257450",
      "t" : 1756460888941,
      "tn" : 1756460888941257450,
      "q" : "7.4",
      "p" : "0.15701",
      "s" : "sell",
      "i" : "MAVIA_USDT",
      "m" : "4611686018428616160"
    }, {
      "d" : "1756460888750871430",
      "t" : 1756460888750,
      "tn" : 1756460888750871430,
      "q" : "7.4",
      "p" : "0.15701",
      "s" : "sell",
      "i" : "MAVIA_USDT",
      "m" : "4611686018428616159"
    }, {
      "d" : "1756460888650606515",
      "t" : 1756460888650,
      "tn" : 1756460888650606515,
      "q" : "7.4",
      "p" : "0.15701",
      "s" : "sell",
      "i" : "MAVIA_USDT",
      "m" : "4611686018428616158"
    }, {
      "d" : "1756460888530527096",
      "t" : 1756460888530,
      "tn" : 1756460888530527096,
      "q" : "7.4",
      "p" : "0.15701",
      "s" : "sell",
      "i" : "MAVIA_USDT",
      "m" : "4611686018428616157"
    }, {
      "d" : "1756460888400364692",
      "t" : 1756460888400,
      "tn" : 1756460888400364692,
      "q" : "7.4",
      "p" : "0.15701",
      "s" : "sell",
      "i" : "MAVIA_USDT",
      "m" : "4611686018428616156"
    }, {
      "d" : "1756460888390473510",
      "t" : 1756460888390,
      "tn" : 1756460888390473510,
      "q" : "7.4",
      "p" : "0.15701",
      "s" : "sell",
      "i" : "MAVIA_USDT",
      "m" : "4611686018428616155"
    }, {
      "d" : "1756460887528359028",
      "t" : 1756460887528,
      "tn" : 1756460887528359028,
      "q" : "7.4",
      "p" : "0.15706",
      "s" : "sell",
      "i" : "MAVIA_USDT",
      "m" : "4611686018428616154"
    }, {
      "d" : "1756460887187793890",
      "t" : 1756460887187,
      "tn" : 1756460887187793890,
      "q" : "7.4",
      "p" : "0.15706",
      "s" : "sell",
      "i" : "MAVIA_USDT",
      "m" : "4611686018428616153"
    }, {
      "d" : "1756460887066910378",
      "t" : 1756460887066,
      "tn" : 1756460887066910378,
      "q" : "7.4",
      "p" : "0.15706",
      "s" : "sell",
      "i" : "MAVIA_USDT",
      "m" : "4611686018428616152"
    }, {
      "d" : "1756460886871579291",
      "t" : 1756460886871,
      "tn" : 1756460886871579291,
      "q" : "7.4",
      "p" : "0.15701",
      "s" : "sell",
      "i" : "MAVIA_USDT",
      "m" : "4611686018428616151"
    }, {
      "d" : "1756460886525924491",
      "t" : 1756460886525,
      "tn" : 1756460886525924491,
      "q" : "7.4",
      "p" : "0.15701",
      "s" : "sell",
      "i" : "MAVIA_USDT",
      "m" : "4611686018428616150"
    }, {
      "d" : "1756460886230551528",
      "t" : 1756460886230,
      "tn" : 1756460886230551528,
      "q" : "7.4",
      "p" : "0.15701",
      "s" : "sell",
      "i" : "MAVIA_USDT",
      "m" : "4611686018428616149"
    }, {
      "d" : "1756460886119747653",
      "t" : 1756460886119,
      "tn" : 1756460886119747653,
      "q" : "7.4",
      "p" : "0.15701",
      "s" : "sell",
      "i" : "MAVIA_USDT",
      "m" : "4611686018428616148"
    }, {
      "d" : "1756460885728971678",
      "t" : 1756460885728,
      "tn" : 1756460885728971678,
      "q" : "7.4",
      "p" : "0.15706",
      "s" : "sell",
      "i" : "MAVIA_USDT",
      "m" : "4611686018428616147"
    }, {
      "d" : "1756460885718976180",
      "t" : 1756460885718,
      "tn" : 1756460885718976180,
      "q" : "7.4",
      "p" : "0.15706",
      "s" : "sell",
      "i" : "MAVIA_USDT",
      "m" : "4611686018428616146"
    }, {
      "d" : "1756460885708824813",
      "t" : 1756460885708,
      "tn" : 1756460885708824813,
      "q" : "7.4",
      "p" : "0.15706",
      "s" : "sell",
      "i" : "MAVIA_USDT",
      "m" : "4611686018428616145"
    }, {
      "d" : "1756460885523691451",
      "t" : 1756460885523,
      "tn" : 1756460885523691451,
      "q" : "7.4",
      "p" : "0.15706",
      "s" : "sell",
      "i" : "MAVIA_USDT",
      "m" : "4611686018428616144"
    }, {
      "d" : "1756460884852005807",
      "t" : 1756460884852,
      "tn" : 1756460884852005807,
      "q" : "7.4",
      "p" : "0.15706",
      "s" : "sell",
      "i" : "MAVIA_USDT",
      "m" : "4611686018428616143"
    }, {
      "d" : "1756460884812001834",
      "t" : 1756460884812,
      "tn" : 1756460884812001834,
      "q" : "7.4",
      "p" : "0.15706",
      "s" : "sell",
      "i" : "MAVIA_USDT",
      "m" : "4611686018428616142"
    }, {
      "d" : "1756460884711573146",
      "t" : 1756460884711,
      "tn" : 1756460884711573146,
      "q" : "7.4",
      "p" : "0.15701",
      "s" : "sell",
      "i" : "MAVIA_USDT",
      "m" : "4611686018428616141"
    }, {
      "d" : "1756460884531400548",
      "t" : 1756460884531,
      "tn" : 1756460884531400548,
      "q" : "7.4",
      "p" : "0.15706",
      "s" : "sell",
      "i" : "MAVIA_USDT",
      "m" : "4611686018428616140"
    }, {
      "d" : "1756460884371200366",
      "t" : 1756460884371,
      "tn" : 1756460884371200366,
      "q" : "7.4",
      "p" : "0.15706",
      "s" : "sell",
      "i" : "MAVIA_USDT",
      "m" : "4611686018428616139"
    }, {
      "d" : "1756460884251072450",
      "t" : 1756460884251,
      "tn" : 1756460884251072450,
      "q" : "7.4",
      "p" : "0.15706",
      "s" : "sell",
      "i" : "MAVIA_USDT",
      "m" : "4611686018428616138"
    }, {
      "d" : "1756460884090120083",
      "t" : 1756460884090,
      "tn" : 1756460884090120083,
      "q" : "7.4",
      "p" : "0.15706",
      "s" : "sell",
      "i" : "MAVIA_USDT",
      "m" : "4611686018428616137"
    }, {
      "d" : "1756460883969992045",
      "t" : 1756460883969,
      "tn" : 1756460883969992045,
      "q" : "7.4",
      "p" : "0.15706",
      "s" : "sell",
      "i" : "MAVIA_USDT",
      "m" : "4611686018428616136"
    }, {
      "d" : "1756460883709355621",
      "t" : 1756460883709,
      "tn" : 1756460883709355621,
      "q" : "7.4",
      "p" : "0.15706",
      "s" : "sell",
      "i" : "MAVIA_USDT",
      "m" : "4611686018428616135"
    }, {
      "d" : "1756460883599360980",
      "t" : 1756460883599,
      "tn" : 1756460883599360980,
      "q" : "7.4",
      "p" : "0.15701",
      "s" : "sell",
      "i" : "MAVIA_USDT",
      "m" : "4611686018428616134"
    }, {
      "d" : "1756460879547942103",
      "t" : 1756460879547,
      "tn" : 1756460879547942103,
      "q" : "7.4",
      "p" : "0.15691",
      "s" : "sell",
      "i" : "MAVIA_USDT",
      "m" : "4611686018428616133"
    }, {
      "d" : "1756460878430447101",
      "t" : 1756460878430,
      "tn" : 1756460878430447101,
      "q" : "7.4",
      "p" : "0.15691",
      "s" : "sell",
      "i" : "MAVIA_USDT",
      "m" : "4611686018428616132"
    }, {
      "d" : "1756460878369902203",
      "t" : 1756460878369,
      "tn" : 1756460878369902203,
      "q" : "7.4",
      "p" : "0.15691",
      "s" : "sell",
      "i" : "MAVIA_USDT",
      "m" : "4611686018428616131"
    }, {
      "d" : "1756460878279789202",
      "t" : 1756460878279,
      "tn" : 1756460878279789202,
      "q" : "7.4",
      "p" : "0.15691",
      "s" : "sell",
      "i" : "MAVIA_USDT",
      "m" : "4611686018428616130"
    }, {
      "d" : "1756460878269804920",
      "t" : 1756460878269,
      "tn" : 1756460878269804920,
      "q" : "7.4",
      "p" : "0.15691",
      "s" : "sell",
      "i" : "MAVIA_USDT",
      "m" : "4611686018428616129"
    }, {
      "d" : "1756460878148921560",
      "t" : 1756460878148,
      "tn" : 1756460878148921560,
      "q" : "7.4",
      "p" : "0.15696",
      "s" : "sell",
      "i" : "MAVIA_USDT",
      "m" : "4611686018428616128"
    }, {
      "d" : "1756460877928636626",
      "t" : 1756460877928,
      "tn" : 1756460877928636626,
      "q" : "7.4",
      "p" : "0.15696",
      "s" : "sell",
      "i" : "MAVIA_USDT",
      "m" : "4611686018428616127"
    }, {
      "d" : "1756460877808401594",
      "t" : 1756460877808,
      "tn" : 1756460877808401594,
      "q" : "7.4",
      "p" : "0.15696",
      "s" : "sell",
      "i" : "MAVIA_USDT",
      "m" : "4611686018428616126"
    }, {
      "d" : "1756460877688827299",
      "t" : 1756460877688,
      "tn" : 1756460877688827299,
      "q" : "7.4",
      "p" : "0.15691",
      "s" : "sell",
      "i" : "MAVIA_USDT",
      "m" : "4611686018428616125"
    }, {
      "d" : "1756460877467580803",
      "t" : 1756460877467,
      "tn" : 1756460877467580803,
      "q" : "7.4",
      "p" : "0.15691",
      "s" : "sell",
      "i" : "MAVIA_USDT",
      "m" : "4611686018428616124"
    }, {
      "d" : "1756460877337461438",
      "t" : 1756460877337,
      "tn" : 1756460877337461438,
      "q" : "7.4",
      "p" : "0.15701",
      "s" : "sell",
      "i" : "MAVIA_USDT",
      "m" : "4611686018428616123"
    }, {
      "d" : "1756460877237556435",
      "t" : 1756460877237,
      "tn" : 1756460877237556435,
      "q" : "7.4",
      "p" : "0.15691",
      "s" : "sell",
      "i" : "MAVIA_USDT",
      "m" : "4611686018428616122"
    }, {
      "d" : "1756460853872002002",
      "t" : 1756460853872,
      "tn" : 1756460853872002002,
      "q" : "7.4",
      "p" : "0.15681",
      "s" : "sell",
      "i" : "MAVIA_USDT",
      "m" : "4611686018428616121"
    }, {
      "d" : "1756460853846963921",
      "t" : 1756460853846,
      "tn" : 1756460853846963921,
      "q" : "7.4",
      "p" : "0.15681",
      "s" : "sell",
      "i" : "MAVIA_USDT",
      "m" : "4611686018428616120"
    }, {
      "d" : "1756460853831970290",
      "t" : 1756460853831,
      "tn" : 1756460853831970290,
      "q" : "7.4",
      "p" : "0.15681",
      "s" : "sell",
      "i" : "MAVIA_USDT",
      "m" : "4611686018428616119"
    }, {
      "d" : "1756460853826963580",
      "t" : 1756460853826,
      "tn" : 1756460853826963580,
      "q" : "7.4",
      "p" : "0.15681",
      "s" : "sell",
      "i" : "MAVIA_USDT",
      "m" : "4611686018428616118"
    }, {
      "d" : "1756460853771830804",
      "t" : 1756460853771,
      "tn" : 1756460853771830804,
      "q" : "7.4",
      "p" : "0.15686",
      "s" : "sell",
      "i" : "MAVIA_USDT",
      "m" : "4611686018428616117"
    }, {
      "d" : "1756460853651417736",
      "t" : 1756460853651,
      "tn" : 1756460853651417736,
      "q" : "7.4",
      "p" : "0.15686",
      "s" : "sell",
      "i" : "MAVIA_USDT",
      "m" : "4611686018428616116"
    }, {
      "d" : "1756460853531372118",
      "t" : 1756460853531,
      "tn" : 1756460853531372118,
      "q" : "7.4",
      "p" : "0.15686",
      "s" : "sell",
      "i" : "MAVIA_USDT",
      "m" : "4611686018428616115"
    }, {
      "d" : "1756460852528896018",
      "t" : 1756460852528,
      "tn" : 1756460852528896018,
      "q" : "7.4",
      "p" : "0.15686",
      "s" : "sell",
      "i" : "MAVIA_USDT",
      "m" : "4611686018428616114"
    }, {
      "d" : "1756460852067489085",
      "t" : 1756460852067,
      "tn" : 1756460852067489085,
      "q" : "7.4",
      "p" : "0.15686",
      "s" : "sell",
      "i" : "MAVIA_USDT",
      "m" : "4611686018428616113"
    }, {
      "d" : "1756460851531359795",
      "t" : 1756460851531,
      "tn" : 1756460851531359795,
      "q" : "7.4",
      "p" : "0.15686",
      "s" : "sell",
      "i" : "MAVIA_USDT",
      "m" : "4611686018428616112"
    }, {
      "d" : "1756460851331057506",
      "t" : 1756460851331,
      "tn" : 1756460851331057506,
      "q" : "7.4",
      "p" : "0.15686",
      "s" : "sell",
      "i" : "MAVIA_USDT",
      "m" : "4611686018428616111"
    }, {
      "d" : "1756460851250981286",
      "t" : 1756460851250,
      "tn" : 1756460851250981286,
      "q" : "7.4",
      "p" : "0.15686",
      "s" : "sell",
      "i" : "MAVIA_USDT",
      "m" : "4611686018428616110"
    }, {
      "d" : "1756460851130119970",
      "t" : 1756460851130,
      "tn" : 1756460851130119970,
      "q" : "7.4",
      "p" : "0.15686",
      "s" : "sell",
      "i" : "MAVIA_USDT",
      "m" : "4611686018428616109"
    }, {
      "d" : "1756460840613590253",
      "t" : 1756460840613,
      "tn" : 1756460840613590253,
      "q" : "7.4",
      "p" : "0.15681",
      "s" : "sell",
      "i" : "MAVIA_USDT",
      "m" : "4611686018428616108"
    }, {
      "d" : "1756460802640161476",
      "t" : 1756460802640,
      "tn" : 1756460802640161476,
      "q" : "7.4",
      "p" : "0.15681",
      "s" : "sell",
      "i" : "MAVIA_USDT",
      "m" : "4611686018428616107"
    }, {
      "d" : "1756459267091582518",
      "t" : 1756459267091,
      "tn" : 1756459267091582518,
      "q" : "7.4",
      "p" : "0.15626",
      "s" : "sell",
      "i" : "MAVIA_USDT",
      "m" : "4611686018428616106"
    }, {
      "d" : "1756459266991520046",
      "t" : 1756459266991,
      "tn" : 1756459266991520046,
      "q" : "7.4",
      "p" : "0.15621",
      "s" : "sell",
      "i" : "MAVIA_USDT",
      "m" : "4611686018428616105"
    }, {
      "d" : "1756459266570558459",
      "t" : 1756459266570,
      "tn" : 1756459266570558459,
      "q" : "7.4",
      "p" : "0.15621",
      "s" : "sell",
      "i" : "MAVIA_USDT",
      "m" : "4611686018428616104"
    }, {
      "d" : "1756459266530524310",
      "t" : 1756459266530,
      "tn" : 1756459266530524310,
      "q" : "7.4",
      "p" : "0.15621",
      "s" : "sell",
      "i" : "MAVIA_USDT",
      "m" : "4611686018428616103"
    }, {
      "d" : "1756459266450614626",
      "t" : 1756459266450,
      "tn" : 1756459266450614626,
      "q" : "7.4",
      "p" : "0.15621",
      "s" : "sell",
      "i" : "MAVIA_USDT",
      "m" : "4611686018428616102"
    }, {
      "d" : "1756459190530649551",
      "t" : 1756459190530,
      "tn" : 1756459190530649551,
      "q" : "7.4",
      "p" : "0.15611",
      "s" : "sell",
      "i" : "MAVIA_USDT",
      "m" : "4611686018428616101"
    }, {
      "d" : "1756459190420501935",
      "t" : 1756459190420,
      "tn" : 1756459190420501935,
      "q" : "7.4",
      "p" : "0.15611",
      "s" : "sell",
      "i" : "MAVIA_USDT",
      "m" : "4611686018428616100"
    }, {
      "d" : "1756459190410524793",
      "t" : 1756459190410,
      "tn" : 1756459190410524793,
      "q" : "7.4",
      "p" : "0.15611",
      "s" : "sell",
      "i" : "MAVIA_USDT",
      "m" : "4611686018428616099"
    }, {
      "d" : "1756459190315588920",
      "t" : 1756459190315,
      "tn" : 1756459190315588920,
      "q" : "7.4",
      "p" : "0.15606",
      "s" : "sell",
      "i" : "MAVIA_USDT",
      "m" : "4611686018428616098"
    }, {
      "d" : "1756459182431010552",
      "t" : 1756459182431,
      "tn" : 1756459182431010552,
      "q" : "7.4",
      "p" : "0.15606",
      "s" : "sell",
      "i" : "MAVIA_USDT",
      "m" : "4611686018428616097"
    }, {
      "d" : "1756459182416163469",
      "t" : 1756459182416,
      "tn" : 1756459182416163469,
      "q" : "7.4",
      "p" : "0.15606",
      "s" : "sell",
      "i" : "MAVIA_USDT",
      "m" : "4611686018428616096"
    }, {
      "d" : "1756459182109674458",
      "t" : 1756459182109,
      "tn" : 1756459182109674458,
      "q" : "7.4",
      "p" : "0.15606",
      "s" : "sell",
      "i" : "MAVIA_USDT",
      "m" : "4611686018428616095"
    }, {
      "d" : "1756459182079704120",
      "t" : 1756459182079,
      "tn" : 1756459182079704120,
      "q" : "7.4",
      "p" : "0.15606",
      "s" : "sell",
      "i" : "MAVIA_USDT",
      "m" : "4611686018428616094"
    }, {
      "d" : "1756459181989539754",
      "t" : 1756459181989,
      "tn" : 1756459181989539754,
      "q" : "7.4",
      "p" : "0.15606",
      "s" : "sell",
      "i" : "MAVIA_USDT",
      "m" : "4611686018428616093"
    }, {
      "d" : "1756459181869153457",
      "t" : 1756459181869,
      "tn" : 1756459181869153457,
      "q" : "7.4",
      "p" : "0.15606",
      "s" : "sell",
      "i" : "MAVIA_USDT",
      "m" : "4611686018428616092"
    }, {
      "d" : "1756459181648370222",
      "t" : 1756459181648,
      "tn" : 1756459181648370222,
      "q" : "7.4",
      "p" : "0.15606",
      "s" : "sell",
      "i" : "MAVIA_USDT",
      "m" : "4611686018428616091"
    }, {
      "d" : "1756459181528272362",
      "t" : 1756459181528,
      "tn" : 1756459181528272362,
      "q" : "7.4",
      "p" : "0.15606",
      "s" : "sell",
      "i" : "MAVIA_USDT",
      "m" : "4611686018428616090"
    }, {
      "d" : "1756459181288550923",
      "t" : 1756459181288,
      "tn" : 1756459181288550923,
      "q" : "7.4",
      "p" : "0.15606",
      "s" : "sell",
      "i" : "MAVIA_USDT",
      "m" : "4611686018428616089"
    }, {
      "d" : "1756459180951857009",
      "t" : 1756459180951,
      "tn" : 1756459180951857009,
      "q" : "7.4",
      "p" : "0.15606",
      "s" : "sell",
      "i" : "MAVIA_USDT",
      "m" : "4611686018428616088"
    }, {
      "d" : "1756459180671170827",
      "t" : 1756459180671,
      "tn" : 1756459180671170827,
      "q" : "7.4",
      "p" : "0.15606",
      "s" : "sell",
      "i" : "MAVIA_USDT",
      "m" : "4611686018428616087"
    }, {
      "d" : "1756459180531070572",
      "t" : 1756459180531,
      "tn" : 1756459180531070572,
      "q" : "7.4",
      "p" : "0.15606",
      "s" : "sell",
      "i" : "MAVIA_USDT",
      "m" : "4611686018428616086"
    } ]
  }
}