{
  "id" : -1,
  "method" : "public/get-trades",
  "code" : 0,
  "result" : {
    "data" : [ {
      "d" : "1756460921529443301",
      "t" : 1756460921529,
      "tn" : 1756460921529443301,
      "q" : "7.4",
      "p" : "0.15704",
      "s" : "buy",
      "i" : "MAVIA_USD",
      "m" : "4611686018429293037"
    }, {
      "d" : "1756460920532241126",
      "t" : 1756460920532,
      "tn" : 1756460920532241126,
      "q" : "7.4",
      "p" : "0.15704",
      "s" : "buy",
      "i" : "MAVIA_USD",
      "m" : "4611686018429293036"
    }, {
      "d" : "1756460919534838442",
      "t" : 1756460919534,
      "tn" : 1756460919534838442,
      "q" : "7.4",
      "p" : "0.15704",
      "s" : "buy",
      "i" : "MAVIA_USD",
      "m" : "4611686018429293035"
    }, {
      "d" : "1756460918928434077",
      "t" : 1756460918928,
      "tn" : 1756460918928434077,
      "q" : "7.4",
      "p" : "0.15704",
      "s" : "buy",
      "i" : "MAVIA_USD",
      "m" : "4611686018429293034"
    }, {
      "d" : "1756460918532578045",
      "t" : 1756460918532,
      "tn" : 1756460918532578045,
      "q" : "7.4",
      "p" : "0.15704",
      "s" : "buy",
      "i" : "MAVIA_USD",
      "m" : "4611686018429293033"
    }, {
      "d" : "1756460917530382388",
      "t" : 1756460917530,
      "tn" : 1756460917530382388,
      "q" : "7.4",
      "p" : "0.15704",
      "s" : "buy",
      "i" : "MAVIA_USD",
      "m" : "4611686018429293032"
    }, {
      "d" : "1756460916528066961",
      "t" : 1756460916528,
      "tn" : 1756460916528066961,
      "q" : "7.4",
      "p" : "0.15704",
      "s" : "buy",
      "i" : "MAVIA_USD",
      "m" : "4611686018429293031"
    }, {
      "d" : "1756460915530740738",
      "t" : 1756460915530,
      "tn" : 1756460915530740738,
      "q" : "7.4",
      "p" : "0.15704",
      "s" : "buy",
      "i" : "MAVIA_USD",
      "m" : "4611686018429293030"
    }, {
      "d" : "1756460914528145859",
      "t" : 1756460914528,
      "tn" : 1756460914528145859,
      "q" : "7.4",
      "p" : "0.15704",
      "s" : "buy",
      "i" : "MAVIA_USD",
      "m" : "4611686018429293029"
    }, {
      "d" : "1756460913525197134",
      "t" : 1756460913525,
      "tn" : 1756460913525197134,
      "q" : "7.4",
      "p" : "0.15704",
      "s" : "buy",
      "i" : "MAVIA_USD",
      "m" : "4611686018429293028"
    }, {
      "d" : "1756460913370036355",
      "t" : 1756460913370,
      "tn" : 1756460913370036355,
      "q" : "1.7",
      "p" : "0.15704",
      "s" : "buy",
      "i" : "MAVIA_USD",
      "m" : "4611686018429293027"
    }, {
      "d" : "1756460913370034576",
      "t" : 1756460913370,
      "tn" : 1756460913370034576,
      "q" : "5.7",
      "p" : "0.15701",
      "s" : "buy",
      "i" : "MAVIA_USD",
      "m" : "4611686018429293026"
    }, {
      "d" : "1756460913314719426",
      "t" : 1756460913314,
      "tn" : 1756460913314719426,
      "q" : "7.4",
      "p" : "0.15701",
      "s" : "buy",
      "i" : "MAVIA_USD",
      "m" : "4611686018429293025"
    }, {
      "d" : "1756460913269807711",
      "t" : 1756460913269,
      "tn" : 1756460913269807711,
      "q" : "7.4",
      "p" : "0.15701",
      "s" : "buy",
      "i" : "MAVIA_USD",
      "m" : "4611686018429293024"
    }, {
      "d" : "1756460912827954100",
      "t" : 1756460912827,
      "tn" : 1756460912827954100,
      "q" : "7.4",
      "p" : "0.15701",
      "s" : "buy",
      "i" : "MAVIA_USD",
      "m" : "4611686018429293023"
    }, {
      "d" : "1756460912732500967",
      "t" : 1756460912732,
      "tn" : 1756460912732500967,
      "q" : "7.4",
      "p" : "0.15701",
      "s" : "buy",
      "i" : "MAVIA_USD",
      "m" : "4611686018429293022"
    }, {
      "d" : "1756460912712446571",
      "t" : 1756460912712,
      "tn" : 1756460912712446571,
      "q" : "7.4",
      "p" : "0.15701",
      "s" : "buy",
      "i" : "MAVIA_USD",
      "m" : "4611686018429293021"
    }, {
      "d" : "1756460912527410777",
      "t" : 1756460912527,
      "tn" : 1756460912527410777,
      "q" : "7.4",
      "p" : "0.15701",
      "s" : "buy",
      "i" : "MAVIA_USD",
      "m" : "4611686018429293020"
    }, {
      "d" : "1756460911970465437",
      "t" : 1756460911970,
      "tn" : 1756460911970465437,
      "q" : "7.4",
      "p" : "0.15701",
      "s" : "buy",
      "i" : "MAVIA_USD",
      "m" : "4611686018429293019"
    }, {
      "d" : "1756460911830126084",
      "t" : 1756460911830,
      "tn" : 1756460911830126084,
      "q" : "7.4",
      "p" : "0.15701",
      "s" : "buy",
      "i" : "MAVIA_USD",
      "m" : "4611686018429293018"
    }, {
      "d" : "1756460911749832690",
      "t" : 1756460911749,
      "tn" : 1756460911749832690,
      "q" : "7.4",
      "p" : "0.15701",
      "s" : "buy",
      "i" : "MAVIA_USD",
      "m" : "4611686018429293017"
    }, {
      "d" : "1756460911629511930",
      "t" : 1756460911629,
      "tn" : 1756460911629511930,
      "q" : "7.4",
      "p" : "0.15701",
      "s" : "buy",
      "i" : "MAVIA_USD",
      "m" : "4611686018429293016"
    }, {
      "d" : "1756460911524452450",
      "t" : 1756460911524,
      "tn" : 1756460911524452450,
      "q" : "7.4",
      "p" : "0.15701",
      "s" : "buy",
      "i" : "MAVIA_USD",
      "m" : "4611686018429293015"
    }, {
      "d" : "1756460911469623289",
      "t" : 1756460911469,
      "tn" : 1756460911469623289,
      "q" : "7.4",
      "p" : "0.15701",
      "s" : "buy",
      "i" : "MAVIA_USD",
      "m" : "4611686018429293014"
    }, {
      "d" : "1756460910526912448",
      "t" : 1756460910526,
      "tn" : 1756460910526912448,
      "q" : "7.4",
      "p" : "0.15701",
      "s" : "buy",
      "i" : "MAVIA_USD",
      "m" : "4611686018429293013"
    }, {
      "d" : "1756460910251554298",
      "t" : 1756460910251,
      "tn" : 1756460910251554298,
      "q" : "7.4",
      "p" : "0.15701",
      "s" : "buy",
      "i" : "MAVIA_USD",
      "m" : "4611686018429293012"
    }, {
      "d" : "1756460910150687321",
      "t" : 1756460910150,
      "tn" : 1756460910150687321,
      "q" : "7.4",
      "p" : "0.15701",
      "s" : "buy",
      "i" : "MAVIA_USD",
      "m" : "4611686018429293011"
    }, {
      "d" : "1756460910090595307",
      "t" : 1756460910090,
      "tn" : 1756460910090595307,
      "q" : "7.4",
      "p" : "0.15701",
      "s" : "buy",
      "i" : "MAVIA_USD",
      "m" : "4611686018429293010"
    }, {
      "d" : "1756460909970389377",
      "t" : 1756460909970,
      "tn" : 1756460909970389377,
      "q" : "7.4",
      "p" : "0.15701",
      "s" : "buy",
      "i" : "MAVIA_USD",
      "m" : "4611686018429293009"
    }, {
      "d" : "1756460909830095709",
      "t" : 1756460909830,
      "tn" : 1756460909830095709,
      "q" : "7.4",
      "p" : "0.15701",
      "s" : "buy",
      "i" : "MAVIA_USD",
      "m" : "4611686018429293008"
    }, {
      "d" : "1756460909820030210",
      "t" : 1756460909820,
      "tn" : 1756460909820030210,
      "q" : "7.4",
      "p" : "0.15701",
      "s" : "buy",
      "i" : "MAVIA_USD",
      "m" : "4611686018429293007"
    }, {
      "d" : "1756460909810016608",
      "t" : 1756460909810,
      "tn" : 1756460909810016608,
      "q" : "7.4",
      "p" : "0.15701",
      "s" : "buy",
      "i" : "MAVIA_USD",
      "m" : "4611686018429293006"
    }, {
      "d" : "1756460909709608397",
      "t" : 1756460909709,
      "tn" : 1756460909709608397,
      "q" : "7.4",
      "p" : "0.15701",
      "s" : "buy",
      "i" : "MAVIA_USD",
      "m" : "4611686018429293005"
    }, {
      "d" : "1756460909524563109",
      "t" : 1756460909524,
      "tn" : 1756460909524563109,
      "q" : "7.4",
      "p" : "0.15701",
      "s" : "buy",
      "i" : "MAVIA_USD",
      "m" : "4611686018429293004"
    }, {
      "d" : "1756460909269003199",
      "t" : 1756460909269,
      "tn" : 1756460909269003199,
      "q" : "7.4",
      "p" : "0.15701",
      "s" : "buy",
      "i" : "MAVIA_USD",
      "m" : "4611686018429293003"
    }, {
      "d" : "1756460909168102565",
      "t" : 1756460909168,
      "tn" : 1756460909168102565,
      "q" : "7.4",
      "p" : "0.15701",
      "s" : "buy",
      "i" : "MAVIA_USD",
      "m" : "4611686018429293002"
    }, {
      "d" : "1756460909068335322",
      "t" : 1756460909068,
      "tn" : 1756460909068335322,
      "q" : "7.4",
      "p" : "0.15701",
      "s" : "buy",
      "i" : "MAVIA_USD",
      "m" : "4611686018429293001"
    }, {
      "d" : "1756460908651950396",
      "t" : 1756460908651,
      "tn" : 1756460908651950396,
      "q" : "7.4",
      "p" : "0.15701",
      "s" : "buy",
      "i" : "MAVIA_USD",
      "m" : "4611686018429293000"
    }, {
      "d" : "1756460908531994460",
      "t" : 1756460908531,
      "tn" : 1756460908531994460,
      "q" : "7.4",
      "p" : "0.15701",
      "s" : "buy",
      "i" : "MAVIA_USD",
      "m" : "4611686018429292999"
    }, {
      "d" : "1756460908351575457",
      "t" : 1756460908351,
      "tn" : 1756460908351575457,
      "q" : "7.4",
      "p" : "0.15701",
      "s" : "buy",
      "i" : "MAVIA_USD",
      "m" : "4611686018429292998"
    }, {
      "d" : "1756460907628862640",
      "t" : 1756460907628,
      "tn" : 1756460907628862640,
      "q" : "7.4",
      "p" : "0.15701",
      "s" : "buy",
      "i" : "MAVIA_USD",
      "m" : "4611686018429292997"
    }, {
      "d" : "1756460907523886010",
      "t" : 1756460907523,
      "tn" : 1756460907523886010,
      "q" : "7.4",
      "p" : "0.15701",
      "s" : "buy",
      "i" : "MAVIA_USD",
      "m" : "4611686018429292996"
    }, {
      "d" : "1756460906972464838",
      "t" : 1756460906972,
      "tn" : 1756460906972464838,
      "q" : "7.4",
      "p" : "0.15701",
      "s" : "buy",
      "i" : "MAVIA_USD",
      "m" : "4611686018429292995"
    }, {
      "d" : "1756460906771634794",
      "t" : 1756460906771,
      "tn" : 1756460906771634794,
      "q" : "7.4",
      "p" : "0.15701",
      "s" : "buy",
      "i" : "MAVIA_USD",
      "m" : "4611686018429292994"
    }, {
      "d" : "1756460906651446740",
      "t" : 1756460906651,
      "tn" : 1756460906651446740,
      "q" : "7.4",
      "p" : "0.15701",
      "s" : "buy",
      "i" : "MAVIA_USD",
      "m" : "4611686018429292993"
    }, {
      "d" : "1756460906531492729",
      "t" : 1756460906531,
      "tn" : 1756460906531492729,
      "q" : "7.4",
      "p" : "0.15701",
      "s" : "buy",
      "i" : "MAVIA_USD",
      "m" : "4611686018429292992"
    }, {
      "d" : "1756460906370947082",
      "t" : 1756460906370,
      "tn" : 1756460906370947082,
      "q" : "7.4",
      "p" : "0.15701",
      "s" : "buy",
      "i" : "MAVIA_USD",
      "m" : "4611686018429292991"
    }, {
      "d" : "1756460906270930196",
      "t" : 1756460906270,
      "tn" : 1756460906270930196,
      "q" : "7.4",
      "p" : "0.15701",
      "s" : "buy",
      "i" : "MAVIA_USD",
      "m" : "4611686018429292990"
    }, {
      "d" : "1756460906170038097",
      "t" : 1756460906170,
      "tn" : 1756460906170038097,
      "q" : "7.4",
      "p" : "0.15701",
      "s" : "buy",
      "i" : "MAVIA_USD",
      "m" : "4611686018429292989"
    }, {
      "d" : "1756460905969589135",
      "t" : 1756460905969,
      "tn" : 1756460905969589135,
      "q" : "7.4",
      "p" : "0.15701",
      "s" : "buy",
      "i" : "MAVIA_USD",
      "m" : "4611686018429292988"
    }, {
      "d" : "1756460905859233838",
      "t" : 1756460905859,
      "tn" : 1756460905859233838,
      "q" : "7.4",
      "p" : "0.15701",
      "s" : "buy",
      "i" : "MAVIA_USD",
      "m" : "4611686018429292987"
    }, {
      "d" : "1756460905849380335",
      "t" : 1756460905849,
      "tn" : 1756460905849380335,
      "q" : "7.4",
      "p" : "0.15701",
      "s" : "buy",
      "i" : "MAVIA_USD",
      "m" : "4611686018429292986"
    }, {
      "d" : "1756460905749003684",
      "t" : 1756460905749,
      "tn" : 1756460905749003684,
      "q" : "7.4",
      "p" : "0.15701",
      "s" : "buy",
      "i" : "MAVIA_USD",
      "m" : "4611686018429292985"
    }, {
      "d" : "1756460905739281747",
      "t" : 1756460905739,
      "tn" : 1756460905739281747,
      "q" : "1.4",
      "p" : "0.15701",
      "s" : "buy",
      "i" : "MAVIA_USD",
      "m" : "4611686018429292984"
    }, {
      "d" : "1756460905739280732",
      "t" : 1756460905739,
      "tn" : 1756460905739280732,
      "q" : "6.0",
      "p" : "0.15687",
      "s" : "buy",
      "i" : "MAVIA_USD",
      "m" : "4611686018429292983"
    }, {
      "d" : "1756460897528228914",
      "t" : 1756460897528,
      "tn" : 1756460897528228914,
      "q" : "7.4",
      "p" : "0.15687",
      "s" : "buy",
      "i" : "MAVIA_USD",
      "m" : "4611686018429292982"
    }, {
      "d" : "1756460896831363323",
      "t" : 1756460896831,
      "tn" : 1756460896831363323,
      "q" : "7.4",
      "p" : "0.15687",
      "s" : "buy",
      "i" : "MAVIA_USD",
      "m" : "4611686018429292981"
    }, {
      "d" : "1756460896711100296",
      "t" : 1756460896711,
      "tn" : 1756460896711100296,
      "q" : "7.4",
      "p" : "0.15687",
      "s" : "buy",
      "i" : "MAVIA_USD",
      "m" : "4611686018429292980"
    }, {
      "d" : "1756460896530903420",
      "t" : 1756460896530,
      "tn" : 1756460896530903420,
      "q" : "7.4",
      "p" : "0.15687",
      "s" : "buy",
      "i" : "MAVIA_USD",
      "m" : "4611686018429292979"
    }, {
      "d" : "1756460895528668818",
      "t" : 1756460895528,
      "tn" : 1756460895528668818,
      "q" : "7.4",
      "p" : "0.15687",
      "s" : "buy",
      "i" : "MAVIA_USD",
      "m" : "4611686018429292978"
    }, {
      "d" : "1756460894531024100",
      "t" : 1756460894531,
      "tn" : 1756460894531024100,
      "q" : "7.4",
      "p" : "0.15687",
      "s" : "buy",
      "i" : "MAVIA_USD",
      "m" : "4611686018429292977"
    }, {
      "d" : "1756460894310493835",
      "t" : 1756460894310,
      "tn" : 1756460894310493835,
      "q" : "7.4",
      "p" : "0.15687",
      "s" : "buy",
      "i" : "MAVIA_USD",
      "m" : "4611686018429292976"
    }, {
      "d" : "1756460894210534707",
      "t" : 1756460894210,
      "tn" : 1756460894210534707,
      "q" : "7.4",
      "p" : "0.15687",
      "s" : "buy",
      "i" : "MAVIA_USD",
      "m" : "4611686018429292975"
    }, {
      "d" : "1756460893668484060",
      "t" : 1756460893668,
      "tn" : 1756460893668484060,
      "q" : "7.4",
      "p" : "0.15687",
      "s" : "buy",
      "i" : "MAVIA_USD",
      "m" : "4611686018429292974"
    }, {
      "d" : "1756460893528365103",
      "t" : 1756460893528,
      "tn" : 1756460893528365103,
      "q" : "7.4",
      "p" : "0.15687",
      "s" : "buy",
      "i" : "MAVIA_USD",
      "m" : "4611686018429292973"
    }, {
      "d" : "1756460893488322075",
      "t" : 1756460893488,
      "tn" : 1756460893488322075,
      "q" : "7.4",
      "p" : "0.15687",
      "s" : "buy",
      "i" : "MAVIA_USD",
      "m" : "4611686018429292972"
    }, {
      "d" : "1756460893403129767",
      "t" : 1756460893403,
      "tn" : 1756460893403129767,
      "q" : "7.4",
      "p" : "0.15687",
      "s" : "buy",
      "i" : "MAVIA_USD",
      "m" : "4611686018429292971"
    }, {
      "d" : "1756460893373253965",
      "t" : 1756460893373,
      "tn" : 1756460893373253965,
      "q" : "7.4",
      "p" : "0.15687",
      "s" : "buy",
      "i" : "MAVIA_USD",
      "m" : "4611686018429292970"
    }, {
      "d" : "1756460891708849775",
      "t" : 1756460891708,
      "tn" : 1756460891708849775,
      "q" : "7.4",
      "p" : "0.15687",
      "s" : "buy",
      "i" : "MAVIA_USD",
      "m" : "4611686018429292969"
    }, {
      "d" : "1756460891628784061",
      "t" : 1756460891628,
      "tn" : 1756460891628784061,
      "q" : "7.4",
      "p" : "0.15687",
      "s" : "buy",
      "i" : "MAVIA_USD",
      "m" : "4611686018429292968"
    }, {
      "d" : "1756460891528920782",
      "t" : 1756460891528,
      "tn" : 1756460891528920782,
      "q" : "7.4",
      "p" : "0.15687",
      "s" : "buy",
      "i" : "MAVIA_USD",
      "m" : "4611686018429292967"
    }, {
      "d" : "1756460891288565350",
      "t" : 1756460891288,
      "tn" : 1756460891288565350,
      "q" : "7.4",
      "p" : "0.15687",
      "s" : "buy",
      "i" : "MAVIA_USD",
      "m" : "4611686018429292966"
    }, {
      "d" : "1756460890526402287",
      "t" : 1756460890526,
      "tn" : 1756460890526402287,
      "q" : "7.4",
      "p" : "0.15687",
      "s" : "buy",
      "i" : "MAVIA_USD",
      "m" : "4611686018429292965"
    }, {
      "d" : "1756460890231007711",
      "t" : 1756460890231,
      "tn" : 1756460890231007711,
      "q" : "7.4",
      "p" : "0.15687",
      "s" : "buy",
      "i" : "MAVIA_USD",
      "m" : "4611686018429292964"
    }, {
      "d" : "1756460890202308281",
      "t" : 1756460890202,
      "tn" : 1756460890202308281,
      "q" : "20.8",
      "p" : "0.15687",
      "s" : "buy",
      "i" : "MAVIA_USD",
      "m" : "4611686018429292963"
    }, {
      "d" : "1756460889749172560",
      "t" : 1756460889749,
      "tn" : 1756460889749172560,
      "q" : "7.4",
      "p" : "0.15687",
      "s" : "buy",
      "i" : "MAVIA_USD",
      "m" : "4611686018429292962"
    }, {
      "d" : "1756460889628704146",
      "t" : 1756460889628,
      "tn" : 1756460889628704146,
      "q" : "7.4",
      "p" : "0.15687",
      "s" : "buy",
      "i" : "MAVIA_USD",
      "m" : "4611686018429292961"
    }, {
      "d" : "1756460889528863583",
      "t" : 1756460889528,
      "tn" : 1756460889528863583,
      "q" : "7.4",
      "p" : "0.15687",
      "s" : "buy",
      "i" : "MAVIA_USD",
      "m" : "4611686018429292960"
    }, {
      "d" : "1756460888942101654",
      "t" : 1756460888942,
      "tn" : 1756460888942101654,
      "q" : "7.4",
      "p" : "0.15687",
      "s" : "buy",
      "i" : "MAVIA_USD",
      "m" : "4611686018429292959"
    }, {
      "d" : "1756460888751669203",
      "t" : 1756460888751,
      "tn" : 1756460888751669203,
      "q" : "7.4",
      "p" : "0.15687",
      "s" : "buy",
      "i" : "MAVIA_USD",
      "m" : "4611686018429292958"
    }, {
      "d" : "1756460888651397847",
      "t" : 1756460888651,
      "tn" : 1756460888651397847,
      "q" : "7.4",
      "p" : "0.15687",
      "s" : "buy",
      "i" : "MAVIA_USD",
      "m" : "4611686018429292957"
    }, {
      "d" : "1756460888531335256",
      "t" : 1756460888531,
      "tn" : 1756460888531335256,
      "q" : "7.4",
      "p" : "0.15687",
      "s" : "buy",
      "i" : "MAVIA_USD",
      "m" : "4611686018429292956"
    }, {
      "d" : "1756460888401152724",
      "t" : 1756460888401,
      "tn" : 1756460888401152724,
      "q" : "7.4",
      "p" : "0.15687",
      "s" : "buy",
      "i" : "MAVIA_USD",
      "m" : "4611686018429292955"
    }, {
      "d" : "1756460888391449336",
      "t" : 1756460888391,
      "tn" : 1756460888391449336,
      "q" : "7.4",
      "p" : "0.15687",
      "s" : "buy",
      "i" : "MAVIA_USD",
      "m" : "4611686018429292954"
    }, {
      "d" : "1756460887529263407",
      "t" : 1756460887529,
      "tn" : 1756460887529263407,
      "q" : "7.4",
      "p" : "0.15687",
      "s" : "buy",
      "i" : "MAVIA_USD",
      "m" : "4611686018429292953"
    }, {
      "d" : "1756460887188580757",
      "t" : 1756460887188,
      "tn" : 1756460887188580757,
      "q" : "7.4",
      "p" : "0.15687",
      "s" : "buy",
      "i" : "MAVIA_USD",
      "m" : "4611686018429292952"
    }, {
      "d" : "1756460887067799062",
      "t" : 1756460887067,
      "tn" : 1756460887067799062,
      "q" : "7.4",
      "p" : "0.15687",
      "s" : "buy",
      "i" : "MAVIA_USD",
      "m" : "4611686018429292951"
    }, {
      "d" : "1756460886872420034",
      "t" : 1756460886872,
      "tn" : 1756460886872420034,
      "q" : "7.4",
      "p" : "0.15687",
      "s" : "buy",
      "i" : "MAVIA_USD",
      "m" : "4611686018429292950"
    }, {
      "d" : "1756460886526762208",
      "t" : 1756460886526,
      "tn" : 1756460886526762208,
      "q" : "7.4",
      "p" : "0.15687",
      "s" : "buy",
      "i" : "MAVIA_USD",
      "m" : "4611686018429292949"
    }, {
      "d" : "1756460886231378377",
      "t" : 1756460886231,
      "tn" : 1756460886231378377,
      "q" : "7.4",
      "p" : "0.15687",
      "s" : "buy",
      "i" : "MAVIA_USD",
      "m" : "4611686018429292948"
    }, {
      "d" : "1756460886120629627",
      "t" : 1756460886120,
      "tn" : 1756460886120629627,
      "q" : "7.4",
      "p" : "0.15687",
      "s" : "buy",
      "i" : "MAVIA_USD",
      "m" : "4611686018429292947"
    }, {
      "d" : "1756460885729699730",
      "t" : 1756460885729,
      "tn" : 1756460885729699730,
      "q" : "7.4",
      "p" : "0.15687",
      "s" : "buy",
      "i" : "MAVIA_USD",
      "m" : "4611686018429292946"
    }, {
      "d" : "1756460885719744657",
      "t" : 1756460885719,
      "tn" : 1756460885719744657,
      "q" : "7.4",
      "p" : "0.15687",
      "s" : "buy",
      "i" : "MAVIA_USD",
      "m" : "4611686018429292945"
    }, {
      "d" : "1756460885709645311",
      "t" : 1756460885709,
      "tn" : 1756460885709645311,
      "q" : "7.4",
      "p" : "0.15687",
      "s" : "buy",
      "i" : "MAVIA_USD",
      "m" : "4611686018429292944"
    }, {
      "d" : "1756460885524638873",
      "t" : 1756460885524,
      "tn" : 1756460885524638873,
      "q" : "7.4",
      "p" : "0.15687",
      "s" : "buy",
      "i" : "MAVIA_USD",
      "m" : "4611686018429292943"
    }, {
      "d" : "1756460884852774716",
      "t" : 1756460884852,
      "tn" : 1756460884852774716,
      "q" : "7.4",
      "p" : "0.15687",
      "s" : "buy",
      "i" : "MAVIA_USD",
      "m" : "4611686018429292942"
    }, {
      "d" : "1756460884812853496",
      "t" : 1756460884812,
      "tn" : 1756460884812853496,
      "q" : "7.4",
      "p" : "0.15687",
      "s" : "buy",
      "i" : "MAVIA_USD",
      "m" : "4611686018429292941"
    }, {
      "d" : "1756460884712374162",
      "t" : 1756460884712,
      "tn" : 1756460884712374162,
      "q" : "7.4",
      "p" : "0.15687",
      "s" : "buy",
      "i" : "MAVIA_USD",
      "m" : "4611686018429292940"
    }, {
      "d" : "1756460884532273600",
      "t" : 1756460884532,
      "tn" : 1756460884532273600,
      "q" : "7.4",
      "p" : "0.15687",
      "s" : "buy",
      "i" : "MAVIA_USD",
      "m" : "4611686018429292939"
    }, {
      "d" : "1756460884372366372",
      "t" : 1756460884372,
      "tn" : 1756460884372366372,
      "q" : "7.4",
      "p" : "0.15687",
      "s" : "buy",
      "i" : "MAVIA_USD",
      "m" : "4611686018429292938"
    }, {
      "d" : "1756460884251926867",
      "t" : 1756460884251,
      "tn" : 1756460884251926867,
      "q" : "7.4",
      "p" : "0.15687",
      "s" : "buy",
      "i" : "MAVIA_USD",
      "m" : "4611686018429292937"
    }, {
      "d" : "1756460884090951628",
      "t" : 1756460884090,
      "tn" : 1756460884090951628,
      "q" : "7.4",
      "p" : "0.15687",
      "s" : "buy",
      "i" : "MAVIA_USD",
      "m" : "4611686018429292936"
    }, {
      "d" : "1756460883970882016",
      "t" : 1756460883970,
      "tn" : 1756460883970882016,
      "q" : "7.4",
      "p" : "0.15687",
      "s" : "buy",
      "i" : "MAVIA_USD",
      "m" : "4611686018429292935"
    }, {
      "d" : "1756460883710221286",
      "t" : 1756460883710,
      "tn" : 1756460883710221286,
      "q" : "7.4",
      "p" : "0.15687",
      "s" : "buy",
      "i" : "MAVIA_USD",
      "m" : "4611686018429292934"
    }, {
      "d" : "1756460883600296088",
      "t" : 1756460883600,
      "tn" : 1756460883600296088,
      "q" : "1.6",
      "p" : "0.15687",
      "s" : "buy",
      "i" : "MAVIA_USD",
      "m" : "4611686018429292933"
    }, {
      "d" : "1756460883600294206",
      "t" : 1756460883600,
      "tn" : 1756460883600294206,
      "q" : "5.8",
      "p" : "0.15675",
      "s" : "buy",
      "i" : "MAVIA_USD",
      "m" : "4611686018429292932"
    }, {
      "d" : "1756460879549128467",
      "t" : 1756460879549,
      "tn" : 1756460879549128467,
      "q" : "7.4",
      "p" : "0.15675",
      "s" : "buy",
      "i" : "MAVIA_USD",
      "m" : "4611686018429292931"
    }, {
      "d" : "1756460878431490334",
      "t" : 1756460878431,
      "tn" : 1756460878431490334,
      "q" : "7.4",
      "p" : "0.15675",
      "s" : "buy",
      "i" : "MAVIA_USD",
      "m" : "4611686018429292930"
    }, {
      "d" : "1756460878370832333",
      "t" : 1756460878370,
      "tn" : 1756460878370832333,
      "q" : "7.4",
      "p" : "0.15675",
      "s" : "buy",
      "i" : "MAVIA_USD",
      "m" : "4611686018429292929"
    }, {
      "d" : "1756460878280557503",
      "t" : 1756460878280,
      "tn" : 1756460878280557503,
      "q" : "7.4",
      "p" : "0.15675",
      "s" : "buy",
      "i" : "MAVIA_USD",
      "m" : "4611686018429292928"
    }, {
      "d" : "1756460878270625208",
      "t" : 1756460878270,
      "tn" : 1756460878270625208,
      "q" : "7.4",
      "p" : "0.15675",
      "s" : "buy",
      "i" : "MAVIA_USD",
      "m" : "4611686018429292927"
    }, {
      "d" : "1756460878149765272",
      "t" : 1756460878149,
      "tn" : 1756460878149765272,
      "q" : "7.4",
      "p" : "0.15675",
      "s" : "buy",
      "i" : "MAVIA_USD",
      "m" : "4611686018429292926"
    }, {
      "d" : "1756460877929462695",
      "t" : 1756460877929,
      "tn" : 1756460877929462695,
      "q" : "7.4",
      "p" : "0.15675",
      "s" : "buy",
      "i" : "MAVIA_USD",
      "m" : "4611686018429292925"
    }, {
      "d" : "1756460877809228816",
      "t" : 1756460877809,
      "tn" : 1756460877809228816,
      "q" : "7.4",
      "p" : "0.15675",
      "s" : "buy",
      "i" : "MAVIA_USD",
      "m" : "4611686018429292924"
    }, {
      "d" : "1756460877689695339",
      "t" : 1756460877689,
      "tn" : 1756460877689695339,
      "q" : "7.4",
      "p" : "0.15675",
      "s" : "buy",
      "i" : "MAVIA_USD",
      "m" : "4611686018429292923"
    }, {
      "d" : "1756460877468456779",
      "t" : 1756460877468,
      "tn" : 1756460877468456779,
      "q" : "7.4",
      "p" : "0.15675",
      "s" : "buy",
      "i" : "MAVIA_USD",
      "m" : "4611686018429292922"
    }, {
      "d" : "1756460877338307432",
      "t" : 1756460877338,
      "tn" : 1756460877338307432,
      "q" : "7.4",
      "p" : "0.15675",
      "s" : "buy",
      "i" : "MAVIA_USD",
      "m" : "4611686018429292921"
    }, {
      "d" : "1756460877238505036",
      "t" : 1756460877238,
      "tn" : 1756460877238505036,
      "q" : "7.4",
      "p" : "0.15675",
      "s" : "buy",
      "i" : "MAVIA_USD",
      "m" : "4611686018429292920"
    }, {
      "d" : "1756460859631774132",
      "t" : 1756460859631,
      "tn" : 1756460859631774132,
      "q" : "72.7",
      "p" : "0.15666",
      "s" : "buy",
      "i" : "MAVIA_USD",
      "m" : "4611686018429292919"
    }, {
      "d" : "1756460853872758955",
      "t" : 1756460853872,
      "tn" : 1756460853872758955,
      "q" : "7.4",
      "p" : "0.15666",
      "s" : "buy",
      "i" : "MAVIA_USD",
      "m" : "4611686018429292918"
    }, {
      "d" : "1756460853847813423",
      "t" : 1756460853847,
      "tn" : 1756460853847813423,
      "q" : "7.4",
      "p" : "0.15666",
      "s" : "buy",
      "i" : "MAVIA_USD",
      "m" : "4611686018429292917"
    }, {
      "d" : "1756460853832859374",
      "t" : 1756460853832,
      "tn" : 1756460853832859374,
      "q" : "7.4",
      "p" : "0.15666",
      "s" : "buy",
      "i" : "MAVIA_USD",
      "m" : "4611686018429292916"
    }, {
      "d" : "1756460853827758248",
      "t" : 1756460853827,
      "tn" : 1756460853827758248,
      "q" : "7.4",
      "p" : "0.15666",
      "s" : "buy",
      "i" : "MAVIA_USD",
      "m" : "4611686018429292915"
    }, {
      "d" : "1756460853772661479",
      "t" : 1756460853772,
      "tn" : 1756460853772661479,
      "q" : "7.4",
      "p" : "0.15666",
      "s" : "buy",
      "i" : "MAVIA_USD",
      "m" : "4611686018429292914"
    }, {
      "d" : "1756460853652609161",
      "t" : 1756460853652,
      "tn" : 1756460853652609161,
      "q" : "7.4",
      "p" : "0.15666",
      "s" : "buy",
      "i" : "MAVIA_USD",
      "m" : "4611686018429292913"
    }, {
      "d" : "1756460853532297658",
      "t" : 1756460853532,
      "tn" : 1756460853532297658,
      "q" : "7.4",
      "p" : "0.15666",
      "s" : "buy",
      "i" : "MAVIA_USD",
      "m" : "4611686018429292912"
    }, {
      "d" : "1756460852529979241",
      "t" : 1756460852529,
      "tn" : 1756460852529979241,
      "q" : "7.4",
      "p" : "0.15666",
      "s" : "buy",
      "i" : "MAVIA_USD",
      "m" : "4611686018429292911"
    }, {
      "d" : "1756460852068425791",
      "t" : 1756460852068,
      "tn" : 1756460852068425791,
      "q" : "7.4",
      "p" : "0.15666",
      "s" : "buy",
      "i" : "MAVIA_USD",
      "m" : "4611686018429292910"
    }, {
      "d" : "1756460851532247461",
      "t" : 1756460851532,
      "tn" : 1756460851532247461,
      "q" : "7.4",
      "p" : "0.15666",
      "s" : "buy",
      "i" : "MAVIA_USD",
      "m" : "4611686018429292909"
    }, {
      "d" : "1756460851331999149",
      "t" : 1756460851331,
      "tn" : 1756460851331999149,
      "q" : "7.4",
      "p" : "0.15666",
      "s" : "buy",
      "i" : "MAVIA_USD",
      "m" : "4611686018429292908"
    }, {
      "d" : "1756460851251831332",
      "t" : 1756460851251,
      "tn" : 1756460851251831332,
      "q" : "7.4",
      "p" : "0.15666",
      "s" : "buy",
      "i" : "MAVIA_USD",
      "m" : "4611686018429292907"
    }, {
      "d" : "1756460851131197839",
      "t" : 1756460851131,
      "tn" : 1756460851131197839,
      "q" : "7.4",
      "p" : "0.15666",
      "s" : "buy",
      "i" : "MAVIA_USD",
      "m" : "4611686018429292906"
    }, {
      "d" : "1756460840614599644",
      "t" : 1756460840614,
      "tn" : 1756460840614599644,
      "q" : "7.4",
      "p" : "0.15666",
      "s" : "buy",
      "i" : "MAVIA_USD",
      "m" : "4611686018429292905"
    }, {
      "d" : "1756460802641103882",
      "t" : 1756460802641,
      "tn" : 1756460802641103882,
      "q" : "7.4",
      "p" : "0.15666",
      "s" : "buy",
      "i" : "MAVIA_USD",
      "m" : "4611686018429292904"
    }, {
      "d" : "1756460778550546267",
      "t" : 1756460778550,
      "tn" : 1756460778550546267,
      "q" : "233.9",
      "p" : "0.15666",
      "s" : "buy",
      "i" : "MAVIA_USD",
      "m" : "4611686018429292903"
    }, {
      "d" : "1756460746026218473",
      "t" : 1756460746026,
      "tn" : 1756460746026218473,
      "q" : "68.8",
      "p" : "0.15650",
      "s" : "buy",
      "i" : "MAVIA_USD",
      "m" : "4611686018429292902"
    }, {
      "d" : "1756459864642758278",
      "t" : 1756459864642,
      "tn" : 1756459864642758278,
      "q" : "308.8",
      "p" : "0.15632",
      "s" : "buy",
      "i" : "MAVIA_USD",
      "m" : "4611686018429292901"
    }, {
      "d" : "1756459358883762904",
      "t" : 1756459358883,
      "tn" : 1756459358883762904,
      "q" : "88.8",
      "p" : "0.15619",
      "s" : "buy",
      "i" : "MAVIA_USD",
      "m" : "4611686018429292900"
    }, {
      "d" : "1756459267090779428",
      "t" : 1756459267090,
      "tn" : 1756459267090779428,
      "q" : "298.8",
      "p" : "0.15609",
      "s" : "buy",
      "i" : "MAVIA_USD",
      "m" : "4611686018429292899"
    }, {
      "d" : "1756459267032671019",
      "t" : 1756459267032,
      "tn" : 1756459267032671019,
      "q" : "59.0",
      "p" : "0.15606",
      "s" : "buy",
      "i" : "MAVIA_USD",
      "m" : "4611686018429292898"
    }, {
      "d" : "1756459266992369941",
      "t" : 1756459266992,
      "tn" : 1756459266992369941,
      "q" : "7.4",
      "p" : "0.15606",
      "s" : "buy",
      "i" : "MAVIA_USD",
      "m" : "4611686018429292897"
    }, {
      "d" : "1756459266571418169",
      "t" : 1756459266571,
      "tn" : 1756459266571418169,
      "q" : "7.4",
      "p" : "0.15606",
      "s" : "buy",
      "i" : "MAVIA_USD",
      "m" : "4611686018429292896"
    }, {
      "d" : "1756459266531468531",
      "t" : 1756459266531,
      "tn" : 1756459266531468531,
      "q" : "7.4",
      "p" : "0.15606",
      "s" : "buy",
      "i" : "MAVIA_USD",
      "m" : "4611686018429292895"
    }, {
      "d" : "1756459266451620508",
      "t" : 1756459266451,
      "tn" : 1756459266451620508,
      "q" : "7.4",
      "p" : "0.15606",
      "s" : "buy",
      "i" : "MAVIA_USD",
      "m" : "4611686018429292894"
    }, {
      "d" : "1756459190622277499",
      "t" : 1756459190622,
      "tn" : 1756459190622277499,
      "q" : "246.2",
      "p" : "0.15590",
      "s" : "buy",
      "i" : "MAVIA_USD",
      "m" : "4611686018429292893"
    }, {
      "d" : "1756459190531530891",
      "t" : 1756459190531,
      "tn" : 1756459190531530891,
      "q" : "7.4",
      "p" : "0.15590",
      "s" : "buy",
      "i" : "MAVIA_USD",
      "m" : "4611686018429292892"
    }, {
      "d" : "1756459190421364194",
      "t" : 1756459190421,
      "tn" : 1756459190421364194,
      "q" : "7.4",
      "p" : "0.15590",
      "s" : "buy",
      "i" : "MAVIA_USD",
      "m" : "4611686018429292891"
    }, {
      "d" : "1756459190411330522",
      "t" : 1756459190411,
      "tn" : 1756459190411330522,
      "q" : "7.4",
      "p" : "0.15590",
      "s" : "buy",
      "i" : "MAVIA_USD",
      "m" : "4611686018429292890"
    }, {
      "d" : "1756459190316548827",
      "t" : 1756459190316,
      "tn" : 1756459190316548827,
      "q" : "7.4",
      "p" : "0.15590",
      "s" : "buy",
      "i" : "MAVIA_USD",
      "m" : "4611686018429292889"
    }, {
      "d" : "1756459182431815147",
      "t" : 1756459182431,
      "tn" : 1756459182431815147,
      "q" : "7.4",
      "p" : "0.15590",
      "s" : "buy",
      "i" : "MAVIA_USD",
      "m" : "4611686018429292888"
    } ]
  }
}