{
  "id" : -1,
  "method" : "public/get-trades",
  "code" : 0,
  "result" : {
    "data" : [ {
      "d" : "1756458144461200207",
      "t" : 1756458144461,
      "tn" : 1756458144461200207,
      "q" : "12000",
      "p" : "0.0021504",
      "s" : "sell",
      "i" : "MBL_USD",
      "m" : "4611686018430054127"
    }, {
      "d" : "1756454122912051478",
      "t" : 1756454122912,
      "tn" : 1756454122912051478,
      "q" : "8000",
      "p" : "0.0021973",
      "s" : "sell",
      "i" : "MBL_USD",
      "m" : "4611686018430054126"
    }, {
      "d" : "1756453021578966979",
      "t" : 1756453021578,
      "tn" : 1756453021578966979,
      "q" : "20000",
      "p" : "0.0022000",
      "s" : "sell",
      "i" : "MBL_USD",
      "m" : "4611686018430054125"
    }, {
      "d" : "1756453021574974851",
      "t" : 1756453021574,
      "tn" : 1756453021574974851,
      "q" : "26000",
      "p" : "0.0022000",
      "s" : "sell",
      "i" : "MBL_USD",
      "m" : "4611686018430054124"
    }, {
      "d" : "1756438650606217491",
      "t" : 1756438650606,
      "tn" : 1756438650606217491,
      "q" : "34900",
      "p" : "0.0022362",
      "s" : "buy",
      "i" : "MBL_USD",
      "m" : "4611686018430054123"
    }, {
      "d" : "1756438650597063339",
      "t" : 1756438650597,
      "tn" : 1756438650597063339,
      "q" : "25100",
      "p" : "0.0022362",
      "s" : "sell",
      "i" : "MBL_USD",
      "m" : "4611686018430054122"
    }, {
      "d" : "1756428502413337912",
      "t" : 1756428502413,
      "tn" : 1756428502413337912,
      "q" : "14900",
      "p" : "0.0022517",
      "s" : "sell",
      "i" : "MBL_USD",
      "m" : "4611686018430054121"
    }, {
      "d" : "1756428502411545405",
      "t" : 1756428502411,
      "tn" : 1756428502411545405,
      "q" : "8900",
      "p" : "0.0022517",
      "s" : "buy",
      "i" : "MBL_USD",
      "m" : "4611686018430054120"
    }, {
      "d" : "1756418463293660070",
      "t" : 1756418463293,
      "tn" : 1756418463293660070,
      "q" : "4500",
      "p" : "0.0022279",
      "s" : "sell",
      "i" : "MBL_USD",
      "m" : "4611686018430054119"
    }, {
      "d" : "1756416990161918307",
      "t" : 1756416990161,
      "tn" : 1756416990161918307,
      "q" : "9600",
      "p" : "0.0022320",
      "s" : "sell",
      "i" : "MBL_USD",
      "m" : "4611686018430054118"
    }, {
      "d" : "1756411701398040437",
      "t" : 1756411701398,
      "tn" : 1756411701398040437,
      "q" : "21400",
      "p" : "0.0022416",
      "s" : "buy",
      "i" : "MBL_USD",
      "m" : "4611686018430054117"
    }, {
      "d" : "1756410752330724235",
      "t" : 1756410752330,
      "tn" : 1756410752330724235,
      "q" : "7100",
      "p" : "0.0022339",
      "s" : "sell",
      "i" : "MBL_USD",
      "m" : "4611686018430054116"
    }, {
      "d" : "1756406455990069887",
      "t" : 1756406455990,
      "tn" : 1756406455990069887,
      "q" : "21100",
      "p" : "0.0022359",
      "s" : "sell",
      "i" : "MBL_USD",
      "m" : "4611686018430054115"
    }, {
      "d" : "1756403566852996491",
      "t" : 1756403566852,
      "tn" : 1756403566852996491,
      "q" : "14800",
      "p" : "0.0022319",
      "s" : "sell",
      "i" : "MBL_USD",
      "m" : "4611686018430054114"
    }, {
      "d" : "1756388935195776370",
      "t" : 1756388935195,
      "tn" : 1756388935195776370,
      "q" : "266600",
      "p" : "0.0022249",
      "s" : "sell",
      "i" : "MBL_USD",
      "m" : "4611686018430054113"
    }, {
      "d" : "1756385070878868890",
      "t" : 1756385070878,
      "tn" : 1756385070878868890,
      "q" : "5000",
      "p" : "0.0022359",
      "s" : "sell",
      "i" : "MBL_USD",
      "m" : "4611686018430054112"
    }, {
      "d" : "1756384985925356156",
      "t" : 1756384985925,
      "tn" : 1756384985925356156,
      "q" : "11600",
      "p" : "0.0022349",
      "s" : "sell",
      "i" : "MBL_USD",
      "m" : "4611686018430054111"
    }, {
      "d" : "1756378832352795783",
      "t" : 1756378832352,
      "tn" : 1756378832352795783,
      "q" : "41300",
      "p" : "0.0022309",
      "s" : "sell",
      "i" : "MBL_USD",
      "m" : "4611686018430054110"
    }, {
      "d" : "1756376930255434065",
      "t" : 1756376930255,
      "tn" : 1756376930255434065,
      "q" : "25700",
      "p" : "0.0022249",
      "s" : "sell",
      "i" : "MBL_USD",
      "m" : "4611686018430054109"
    } ]
  }
}