{
  "id" : -1,
  "method" : "public/get-trades",
  "code" : 0,
  "result" : {
    "data" : [ {
      "d" : "1756458211125482930",
      "t" : 1756458211125,
      "tn" : 1756458211125482930,
      "q" : "5520",
      "p" : "0.023918",
      "s" : "buy",
      "i" : "MDT_USD",
      "m" : "4611686018430050253"
    }, {
      "d" : "1756458193355694079",
      "t" : 1756458193355,
      "tn" : 1756458193355694079,
      "q" : "100",
      "p" : "0.023962",
      "s" : "sell",
      "i" : "MDT_USD",
      "m" : "4611686018430050252"
    }, {
      "d" : "1756454796259285086",
      "t" : 1756454796259,
      "tn" : 1756454796259285086,
      "q" : "3830",
      "p" : "0.024694",
      "s" : "sell",
      "i" : "MDT_USD",
      "m" : "4611686018430050251"
    }, {
      "d" : "1756453146610754777",
      "t" : 1756453146610,
      "tn" : 1756453146610754777,
      "q" : "1970",
      "p" : "0.024658",
      "s" : "sell",
      "i" : "MDT_USD",
      "m" : "4611686018430050250"
    }, {
      "d" : "1756452237393185172",
      "t" : 1756452237393,
      "tn" : 1756452237393185172,
      "q" : "360",
      "p" : "0.024740",
      "s" : "sell",
      "i" : "MDT_USD",
      "m" : "4611686018430050249"
    }, {
      "d" : "1756451577241225268",
      "t" : 1756451577241,
      "tn" : 1756451577241225268,
      "q" : "15390",
      "p" : "0.024912",
      "s" : "buy",
      "i" : "MDT_USD",
      "m" : "4611686018430050248"
    }, {
      "d" : "1756448791453678074",
      "t" : 1756448791453,
      "tn" : 1756448791453678074,
      "q" : "570",
      "p" : "0.025072",
      "s" : "sell",
      "i" : "MDT_USD",
      "m" : "4611686018430050247"
    }, {
      "d" : "1756446515879692485",
      "t" : 1756446515879,
      "tn" : 1756446515879692485,
      "q" : "9880",
      "p" : "0.025055",
      "s" : "buy",
      "i" : "MDT_USD",
      "m" : "4611686018430050246"
    }, {
      "d" : "1756446515833974609",
      "t" : 1756446515833,
      "tn" : 1756446515833974609,
      "q" : "1930",
      "p" : "0.025049",
      "s" : "buy",
      "i" : "MDT_USD",
      "m" : "4611686018430050245"
    }, {
      "d" : "1756441260566786235",
      "t" : 1756441260566,
      "tn" : 1756441260566786235,
      "q" : "2000",
      "p" : "0.024999",
      "s" : "sell",
      "i" : "MDT_USD",
      "m" : "4611686018430050244"
    }, {
      "d" : "1756441078448850077",
      "t" : 1756441078448,
      "tn" : 1756441078448850077,
      "q" : "480",
      "p" : "0.025187",
      "s" : "buy",
      "i" : "MDT_USD",
      "m" : "4611686018430050243"
    }, {
      "d" : "1756440922746211644",
      "t" : 1756440922746,
      "tn" : 1756440922746211644,
      "q" : "490",
      "p" : "0.025192",
      "s" : "buy",
      "i" : "MDT_USD",
      "m" : "4611686018430050242"
    }, {
      "d" : "1756440748728454658",
      "t" : 1756440748728,
      "tn" : 1756440748728454658,
      "q" : "11680",
      "p" : "0.024782",
      "s" : "sell",
      "i" : "MDT_USD",
      "m" : "4611686018430050241"
    }, {
      "d" : "1756440748728452425",
      "t" : 1756440748728,
      "tn" : 1756440748728452425,
      "q" : "4820",
      "p" : "0.024819",
      "s" : "sell",
      "i" : "MDT_USD",
      "m" : "4611686018430050240"
    }, {
      "d" : "1756440709173807975",
      "t" : 1756440709173,
      "tn" : 1756440709173807975,
      "q" : "240",
      "p" : "0.024961",
      "s" : "sell",
      "i" : "MDT_USD",
      "m" : "4611686018430050239"
    }, {
      "d" : "1756440709073889282",
      "t" : 1756440709073,
      "tn" : 1756440709073889282,
      "q" : "400",
      "p" : "0.025000",
      "s" : "sell",
      "i" : "MDT_USD",
      "m" : "4611686018430050238"
    }, {
      "d" : "1756440693574623006",
      "t" : 1756440693574,
      "tn" : 1756440693574623006,
      "q" : "11680",
      "p" : "0.025234",
      "s" : "sell",
      "i" : "MDT_USD",
      "m" : "4611686018430050237"
    }, {
      "d" : "1756440693574620945",
      "t" : 1756440693574,
      "tn" : 1756440693574620945,
      "q" : "1140",
      "p" : "0.025261",
      "s" : "sell",
      "i" : "MDT_USD",
      "m" : "4611686018430050236"
    }, {
      "d" : "1756440652482080536",
      "t" : 1756440652482,
      "tn" : 1756440652482080536,
      "q" : "600",
      "p" : "0.025536",
      "s" : "sell",
      "i" : "MDT_USD",
      "m" : "4611686018430050235"
    }, {
      "d" : "1756440596888473724",
      "t" : 1756440596888,
      "tn" : 1756440596888473724,
      "q" : "960",
      "p" : "0.025412",
      "s" : "buy",
      "i" : "MDT_USD",
      "m" : "4611686018430050234"
    }, {
      "d" : "1756440552506948185",
      "t" : 1756440552506,
      "tn" : 1756440552506948185,
      "q" : "550",
      "p" : "0.025542",
      "s" : "buy",
      "i" : "MDT_USD",
      "m" : "4611686018430050233"
    }, {
      "d" : "1756440346609912832",
      "t" : 1756440346609,
      "tn" : 1756440346609912832,
      "q" : "1010",
      "p" : "0.025596",
      "s" : "buy",
      "i" : "MDT_USD",
      "m" : "4611686018430050232"
    }, {
      "d" : "1756440066887734823",
      "t" : 1756440066887,
      "tn" : 1756440066887734823,
      "q" : "480",
      "p" : "0.025582",
      "s" : "buy",
      "i" : "MDT_USD",
      "m" : "4611686018430050231"
    }, {
      "d" : "1756437354675583047",
      "t" : 1756437354675,
      "tn" : 1756437354675583047,
      "q" : "12890",
      "p" : "0.025521",
      "s" : "sell",
      "i" : "MDT_USD",
      "m" : "4611686018430050230"
    }, {
      "d" : "1756437354440344574",
      "t" : 1756437354440,
      "tn" : 1756437354440344574,
      "q" : "32340",
      "p" : "0.025677",
      "s" : "sell",
      "i" : "MDT_USD",
      "m" : "4611686018430050229"
    }, {
      "d" : "1756437354440341427",
      "t" : 1756437354440,
      "tn" : 1756437354440341427,
      "q" : "6180",
      "p" : "0.025680",
      "s" : "sell",
      "i" : "MDT_USD",
      "m" : "4611686018430050228"
    }, {
      "d" : "1756437354440338759",
      "t" : 1756437354440,
      "tn" : 1756437354440338759,
      "q" : "7620",
      "p" : "0.025685",
      "s" : "sell",
      "i" : "MDT_USD",
      "m" : "4611686018430050227"
    }, {
      "d" : "1756437354440336239",
      "t" : 1756437354440,
      "tn" : 1756437354440336239,
      "q" : "31510",
      "p" : "0.025704",
      "s" : "sell",
      "i" : "MDT_USD",
      "m" : "4611686018430050226"
    }, {
      "d" : "1756437354440333233",
      "t" : 1756437354440,
      "tn" : 1756437354440333233,
      "q" : "26640",
      "p" : "0.025711",
      "s" : "sell",
      "i" : "MDT_USD",
      "m" : "4611686018430050225"
    }, {
      "d" : "1756437354440329719",
      "t" : 1756437354440,
      "tn" : 1756437354440329719,
      "q" : "4090",
      "p" : "0.025713",
      "s" : "sell",
      "i" : "MDT_USD",
      "m" : "4611686018430050224"
    }, {
      "d" : "1756432549923558011",
      "t" : 1756432549923,
      "tn" : 1756432549923558011,
      "q" : "21580",
      "p" : "0.025799",
      "s" : "sell",
      "i" : "MDT_USD",
      "m" : "4611686018430050223"
    }, {
      "d" : "1756432549920334437",
      "t" : 1756432549920,
      "tn" : 1756432549920334437,
      "q" : "3460",
      "p" : "0.025799",
      "s" : "buy",
      "i" : "MDT_USD",
      "m" : "4611686018430050222"
    }, {
      "d" : "1756429030088580161",
      "t" : 1756429030088,
      "tn" : 1756429030088580161,
      "q" : "670",
      "p" : "0.025962",
      "s" : "buy",
      "i" : "MDT_USD",
      "m" : "4611686018430050221"
    }, {
      "d" : "1756424862926359743",
      "t" : 1756424862926,
      "tn" : 1756424862926359743,
      "q" : "630",
      "p" : "0.026046",
      "s" : "buy",
      "i" : "MDT_USD",
      "m" : "4611686018430050220"
    }, {
      "d" : "1756424562976099817",
      "t" : 1756424562976,
      "tn" : 1756424562976099817,
      "q" : "500",
      "p" : "0.026031",
      "s" : "buy",
      "i" : "MDT_USD",
      "m" : "4611686018430050219"
    }, {
      "d" : "1756423805207674058",
      "t" : 1756423805207,
      "tn" : 1756423805207674058,
      "q" : "720",
      "p" : "0.025820",
      "s" : "buy",
      "i" : "MDT_USD",
      "m" : "4611686018430050218"
    }, {
      "d" : "1756423805201248927",
      "t" : 1756423805201,
      "tn" : 1756423805201248927,
      "q" : "190",
      "p" : "0.025820",
      "s" : "sell",
      "i" : "MDT_USD",
      "m" : "4611686018430050217"
    }, {
      "d" : "1756420897117195906",
      "t" : 1756420897117,
      "tn" : 1756420897117195906,
      "q" : "910",
      "p" : "0.025819",
      "s" : "sell",
      "i" : "MDT_USD",
      "m" : "4611686018430050216"
    }, {
      "d" : "1756416872776837845",
      "t" : 1756416872776,
      "tn" : 1756416872776837845,
      "q" : "1630",
      "p" : "0.025660",
      "s" : "sell",
      "i" : "MDT_USD",
      "m" : "4611686018430050215"
    }, {
      "d" : "1756405171660840272",
      "t" : 1756405171660,
      "tn" : 1756405171660840272,
      "q" : "1830",
      "p" : "0.025886",
      "s" : "sell",
      "i" : "MDT_USD",
      "m" : "4611686018430050214"
    }, {
      "d" : "1756399110190480682",
      "t" : 1756399110190,
      "tn" : 1756399110190480682,
      "q" : "3650",
      "p" : "0.026245",
      "s" : "buy",
      "i" : "MDT_USD",
      "m" : "4611686018430050213"
    }, {
      "d" : "1756398848588898000",
      "t" : 1756398848588,
      "tn" : 1756398848588898000,
      "q" : "890",
      "p" : "0.026101",
      "s" : "sell",
      "i" : "MDT_USD",
      "m" : "4611686018430050212"
    }, {
      "d" : "1756395706439139680",
      "t" : 1756395706439,
      "tn" : 1756395706439139680,
      "q" : "1270",
      "p" : "0.026192",
      "s" : "buy",
      "i" : "MDT_USD",
      "m" : "4611686018430050211"
    }, {
      "d" : "1756394663111023953",
      "t" : 1756394663111,
      "tn" : 1756394663111023953,
      "q" : "920",
      "p" : "0.025959",
      "s" : "sell",
      "i" : "MDT_USD",
      "m" : "4611686018430050210"
    }, {
      "d" : "1756393265443009337",
      "t" : 1756393265443,
      "tn" : 1756393265443009337,
      "q" : "19730",
      "p" : "0.026201",
      "s" : "buy",
      "i" : "MDT_USD",
      "m" : "4611686018430050209"
    }, {
      "d" : "1756391708695137833",
      "t" : 1756391708695,
      "tn" : 1756391708695137833,
      "q" : "1340",
      "p" : "0.025841",
      "s" : "sell",
      "i" : "MDT_USD",
      "m" : "4611686018430050208"
    }, {
      "d" : "1756391708695135003",
      "t" : 1756391708695,
      "tn" : 1756391708695135003,
      "q" : "5300",
      "p" : "0.025962",
      "s" : "sell",
      "i" : "MDT_USD",
      "m" : "4611686018430050207"
    }, {
      "d" : "1756391602205562132",
      "t" : 1756391602205,
      "tn" : 1756391602205562132,
      "q" : "1230",
      "p" : "0.025829",
      "s" : "sell",
      "i" : "MDT_USD",
      "m" : "4611686018430050206"
    }, {
      "d" : "1756391116444932092",
      "t" : 1756391116444,
      "tn" : 1756391116444932092,
      "q" : "580",
      "p" : "0.026115",
      "s" : "sell",
      "i" : "MDT_USD",
      "m" : "4611686018430050205"
    }, {
      "d" : "1756391022938034420",
      "t" : 1756391022938,
      "tn" : 1756391022938034420,
      "q" : "520",
      "p" : "0.026109",
      "s" : "sell",
      "i" : "MDT_USD",
      "m" : "4611686018430050204"
    }, {
      "d" : "1756390061308016020",
      "t" : 1756390061308,
      "tn" : 1756390061308016020,
      "q" : "530",
      "p" : "0.026199",
      "s" : "sell",
      "i" : "MDT_USD",
      "m" : "4611686018430050203"
    }, {
      "d" : "1756388828447827381",
      "t" : 1756388828447,
      "tn" : 1756388828447827381,
      "q" : "1630",
      "p" : "0.026109",
      "s" : "sell",
      "i" : "MDT_USD",
      "m" : "4611686018430050202"
    }, {
      "d" : "1756388103572286200",
      "t" : 1756388103572,
      "tn" : 1756388103572286200,
      "q" : "2000",
      "p" : "0.026184",
      "s" : "buy",
      "i" : "MDT_USD",
      "m" : "4611686018430050201"
    }, {
      "d" : "1756386496225967482",
      "t" : 1756386496225,
      "tn" : 1756386496225967482,
      "q" : "1480",
      "p" : "0.026241",
      "s" : "sell",
      "i" : "MDT_USD",
      "m" : "4611686018430050200"
    }, {
      "d" : "1756385828539696089",
      "t" : 1756385828539,
      "tn" : 1756385828539696089,
      "q" : "470",
      "p" : "0.026654",
      "s" : "buy",
      "i" : "MDT_USD",
      "m" : "4611686018430050199"
    }, {
      "d" : "1756385258384941908",
      "t" : 1756385258384,
      "tn" : 1756385258384941908,
      "q" : "640",
      "p" : "0.026511",
      "s" : "sell",
      "i" : "MDT_USD",
      "m" : "4611686018430050198"
    }, {
      "d" : "1756383264509360768",
      "t" : 1756383264509,
      "tn" : 1756383264509360768,
      "q" : "1210",
      "p" : "0.026638",
      "s" : "sell",
      "i" : "MDT_USD",
      "m" : "4611686018430050197"
    }, {
      "d" : "1756382897946126097",
      "t" : 1756382897946,
      "tn" : 1756382897946126097,
      "q" : "1470",
      "p" : "0.026568",
      "s" : "sell",
      "i" : "MDT_USD",
      "m" : "4611686018430050196"
    }, {
      "d" : "1756382574752495335",
      "t" : 1756382574752,
      "tn" : 1756382574752495335,
      "q" : "6910",
      "p" : "0.026588",
      "s" : "sell",
      "i" : "MDT_USD",
      "m" : "4611686018430050195"
    }, {
      "d" : "1756382296511411724",
      "t" : 1756382296511,
      "tn" : 1756382296511411724,
      "q" : "3500",
      "p" : "0.026723",
      "s" : "sell",
      "i" : "MDT_USD",
      "m" : "4611686018430050194"
    }, {
      "d" : "1756382296502979139",
      "t" : 1756382296502,
      "tn" : 1756382296502979139,
      "q" : "1650",
      "p" : "0.026723",
      "s" : "buy",
      "i" : "MDT_USD",
      "m" : "4611686018430050193"
    }, {
      "d" : "1756382222690912606",
      "t" : 1756382222690,
      "tn" : 1756382222690912606,
      "q" : "560",
      "p" : "0.026628",
      "s" : "sell",
      "i" : "MDT_USD",
      "m" : "4611686018430050192"
    }, {
      "d" : "1756380299741763708",
      "t" : 1756380299741,
      "tn" : 1756380299741763708,
      "q" : "1500",
      "p" : "0.026548",
      "s" : "sell",
      "i" : "MDT_USD",
      "m" : "4611686018430050191"
    }, {
      "d" : "1756379585488252107",
      "t" : 1756379585488,
      "tn" : 1756379585488252107,
      "q" : "1230",
      "p" : "0.026518",
      "s" : "sell",
      "i" : "MDT_USD",
      "m" : "4611686018430050190"
    }, {
      "d" : "1756379101446605325",
      "t" : 1756379101446,
      "tn" : 1756379101446605325,
      "q" : "440",
      "p" : "0.026509",
      "s" : "buy",
      "i" : "MDT_USD",
      "m" : "4611686018430050189"
    }, {
      "d" : "1756379101440778193",
      "t" : 1756379101440,
      "tn" : 1756379101440778193,
      "q" : "930",
      "p" : "0.026509",
      "s" : "sell",
      "i" : "MDT_USD",
      "m" : "4611686018430050188"
    } ]
  }
}