{
  "id" : -1,
  "method" : "public/get-trades",
  "code" : 0,
  "result" : {
    "data" : [ {
      "d" : "1756461689382822822",
      "t" : 1756461689382,
      "tn" : 1756461689382822822,
      "q" : "1.8",
      "p" : "0.6815",
      "s" : "buy",
      "i" : "ME_USD",
      "m" : "4611686018428135731"
    }, {
      "d" : "1756461683710046377",
      "t" : 1756461683710,
      "tn" : 1756461683710046377,
      "q" : "1.8",
      "p" : "0.6814",
      "s" : "buy",
      "i" : "ME_USD",
      "m" : "4611686018428135730"
    }, {
      "d" : "1756461678582602630",
      "t" : 1756461678582,
      "tn" : 1756461678582602630,
      "q" : "1.8",
      "p" : "0.6816",
      "s" : "sell",
      "i" : "ME_USD",
      "m" : "4611686018428135729"
    }, {
      "d" : "1756461649427995326",
      "t" : 1756461649427,
      "tn" : 1756461649427995326,
      "q" : "1.8",
      "p" : "0.6817",
      "s" : "buy",
      "i" : "ME_USD",
      "m" : "4611686018428135728"
    }, {
      "d" : "1756461637989928859",
      "t" : 1756461637989,
      "tn" : 1756461637989928859,
      "q" : "1.8",
      "p" : "0.6816",
      "s" : "buy",
      "i" : "ME_USD",
      "m" : "4611686018428135727"
    }, {
      "d" : "1756461636884378183",
      "t" : 1756461636884,
      "tn" : 1756461636884378183,
      "q" : "1.8",
      "p" : "0.6813",
      "s" : "buy",
      "i" : "ME_USD",
      "m" : "4611686018428135726"
    }, {
      "d" : "1756461633192565691",
      "t" : 1756461633192,
      "tn" : 1756461633192565691,
      "q" : "1.8",
      "p" : "0.6811",
      "s" : "buy",
      "i" : "ME_USD",
      "m" : "4611686018428135725"
    }, {
      "d" : "1756461626899826715",
      "t" : 1756461626899,
      "tn" : 1756461626899826715,
      "q" : "1.8",
      "p" : "0.6812",
      "s" : "sell",
      "i" : "ME_USD",
      "m" : "4611686018428135724"
    }, {
      "d" : "1756461623710528179",
      "t" : 1756461623710,
      "tn" : 1756461623710528179,
      "q" : "1.8",
      "p" : "0.6813",
      "s" : "buy",
      "i" : "ME_USD",
      "m" : "4611686018428135723"
    }, {
      "d" : "1756461620112446489",
      "t" : 1756461620112,
      "tn" : 1756461620112446489,
      "q" : "1.8",
      "p" : "0.6812",
      "s" : "buy",
      "i" : "ME_USD",
      "m" : "4611686018428135722"
    }, {
      "d" : "1756461607148644881",
      "t" : 1756461607148,
      "tn" : 1756461607148644881,
      "q" : "1.8",
      "p" : "0.6810",
      "s" : "buy",
      "i" : "ME_USD",
      "m" : "4611686018428135721"
    }, {
      "d" : "1756461578675661847",
      "t" : 1756461578675,
      "tn" : 1756461578675661847,
      "q" : "1.8",
      "p" : "0.6816",
      "s" : "buy",
      "i" : "ME_USD",
      "m" : "4611686018428135720"
    }, {
      "d" : "1756461533924667378",
      "t" : 1756461533924,
      "tn" : 1756461533924667378,
      "q" : "1.8",
      "p" : "0.6815",
      "s" : "buy",
      "i" : "ME_USD",
      "m" : "4611686018428135719"
    }, {
      "d" : "1756461531601351995",
      "t" : 1756461531601,
      "tn" : 1756461531601351995,
      "q" : "1.8",
      "p" : "0.6812",
      "s" : "buy",
      "i" : "ME_USD",
      "m" : "4611686018428135718"
    }, {
      "d" : "1756461529495545113",
      "t" : 1756461529495,
      "tn" : 1756461529495545113,
      "q" : "1.8",
      "p" : "0.6815",
      "s" : "sell",
      "i" : "ME_USD",
      "m" : "4611686018428135717"
    }, {
      "d" : "1756461526193026970",
      "t" : 1756461526193,
      "tn" : 1756461526193026970,
      "q" : "1.8",
      "p" : "0.6816",
      "s" : "sell",
      "i" : "ME_USD",
      "m" : "4611686018428135716"
    }, {
      "d" : "1756461480251867574",
      "t" : 1756461480251,
      "tn" : 1756461480251867574,
      "q" : "1.8",
      "p" : "0.6818",
      "s" : "sell",
      "i" : "ME_USD",
      "m" : "4611686018428135715"
    }, {
      "d" : "1756461442270867607",
      "t" : 1756461442270,
      "tn" : 1756461442270867607,
      "q" : "1.8",
      "p" : "0.6817",
      "s" : "buy",
      "i" : "ME_USD",
      "m" : "4611686018428135714"
    }, {
      "d" : "1756461441011446490",
      "t" : 1756461441011,
      "tn" : 1756461441011446490,
      "q" : "1.8",
      "p" : "0.6815",
      "s" : "buy",
      "i" : "ME_USD",
      "m" : "4611686018428135713"
    }, {
      "d" : "1756461427330827994",
      "t" : 1756461427330,
      "tn" : 1756461427330827994,
      "q" : "1.8",
      "p" : "0.6813",
      "s" : "buy",
      "i" : "ME_USD",
      "m" : "4611686018428135712"
    }, {
      "d" : "1756461423480178991",
      "t" : 1756461423480,
      "tn" : 1756461423480178991,
      "q" : "1.8",
      "p" : "0.6814",
      "s" : "sell",
      "i" : "ME_USD",
      "m" : "4611686018428135711"
    }, {
      "d" : "1756461394990870633",
      "t" : 1756461394990,
      "tn" : 1756461394990870633,
      "q" : "1.8",
      "p" : "0.6814",
      "s" : "sell",
      "i" : "ME_USD",
      "m" : "4611686018428135710"
    }, {
      "d" : "1756461385935402394",
      "t" : 1756461385935,
      "tn" : 1756461385935402394,
      "q" : "1.8",
      "p" : "0.6819",
      "s" : "sell",
      "i" : "ME_USD",
      "m" : "4611686018428135709"
    }, {
      "d" : "1756461378205323144",
      "t" : 1756461378205,
      "tn" : 1756461378205323144,
      "q" : "1.8",
      "p" : "0.6821",
      "s" : "buy",
      "i" : "ME_USD",
      "m" : "4611686018428135708"
    }, {
      "d" : "1756461375970197571",
      "t" : 1756461375970,
      "tn" : 1756461375970197571,
      "q" : "1.8",
      "p" : "0.6819",
      "s" : "buy",
      "i" : "ME_USD",
      "m" : "4611686018428135707"
    }, {
      "d" : "1756461254552832727",
      "t" : 1756461254552,
      "tn" : 1756461254552832727,
      "q" : "1.8",
      "p" : "0.6816",
      "s" : "sell",
      "i" : "ME_USD",
      "m" : "4611686018428135706"
    }, {
      "d" : "1756461235583814385",
      "t" : 1756461235583,
      "tn" : 1756461235583814385,
      "q" : "1.8",
      "p" : "0.6816",
      "s" : "buy",
      "i" : "ME_USD",
      "m" : "4611686018428135705"
    }, {
      "d" : "1756461181748672679",
      "t" : 1756461181748,
      "tn" : 1756461181748672679,
      "q" : "1.8",
      "p" : "0.6814",
      "s" : "buy",
      "i" : "ME_USD",
      "m" : "4611686018428135704"
    }, {
      "d" : "1756461179800722676",
      "t" : 1756461179800,
      "tn" : 1756461179800722676,
      "q" : "1.8",
      "p" : "0.6812",
      "s" : "buy",
      "i" : "ME_USD",
      "m" : "4611686018428135703"
    }, {
      "d" : "1756461148367443924",
      "t" : 1756461148367,
      "tn" : 1756461148367443924,
      "q" : "1.8",
      "p" : "0.6814",
      "s" : "sell",
      "i" : "ME_USD",
      "m" : "4611686018428135702"
    }, {
      "d" : "1756461141182258058",
      "t" : 1756461141182,
      "tn" : 1756461141182258058,
      "q" : "1.8",
      "p" : "0.6815",
      "s" : "sell",
      "i" : "ME_USD",
      "m" : "4611686018428135701"
    }, {
      "d" : "1756461117170443091",
      "t" : 1756461117170,
      "tn" : 1756461117170443091,
      "q" : "1.8",
      "p" : "0.6814",
      "s" : "buy",
      "i" : "ME_USD",
      "m" : "4611686018428135700"
    }, {
      "d" : "1756461116135982695",
      "t" : 1756461116135,
      "tn" : 1756461116135982695,
      "q" : "1.8",
      "p" : "0.6813",
      "s" : "buy",
      "i" : "ME_USD",
      "m" : "4611686018428135699"
    }, {
      "d" : "1756461077648257910",
      "t" : 1756461077648,
      "tn" : 1756461077648257910,
      "q" : "1.8",
      "p" : "0.6815",
      "s" : "sell",
      "i" : "ME_USD",
      "m" : "4611686018428135698"
    }, {
      "d" : "1756461050714411334",
      "t" : 1756461050714,
      "tn" : 1756461050714411334,
      "q" : "1.8",
      "p" : "0.6817",
      "s" : "buy",
      "i" : "ME_USD",
      "m" : "4611686018428135697"
    }, {
      "d" : "1756461013625248181",
      "t" : 1756461013625,
      "tn" : 1756461013625248181,
      "q" : "1.8",
      "p" : "0.6819",
      "s" : "sell",
      "i" : "ME_USD",
      "m" : "4611686018428135696"
    }, {
      "d" : "1756461011606913406",
      "t" : 1756461011606,
      "tn" : 1756461011606913406,
      "q" : "1.8",
      "p" : "0.6823",
      "s" : "sell",
      "i" : "ME_USD",
      "m" : "4611686018428135695"
    }, {
      "d" : "1756461010336066462",
      "t" : 1756461010336,
      "tn" : 1756461010336066462,
      "q" : "1.8",
      "p" : "0.6824",
      "s" : "sell",
      "i" : "ME_USD",
      "m" : "4611686018428135694"
    }, {
      "d" : "1756461003452865476",
      "t" : 1756461003452,
      "tn" : 1756461003452865476,
      "q" : "1.8",
      "p" : "0.6825",
      "s" : "buy",
      "i" : "ME_USD",
      "m" : "4611686018428135693"
    }, {
      "d" : "1756461000376767703",
      "t" : 1756461000376,
      "tn" : 1756461000376767703,
      "q" : "1.8",
      "p" : "0.6826",
      "s" : "sell",
      "i" : "ME_USD",
      "m" : "4611686018428135692"
    }, {
      "d" : "1756460945335682433",
      "t" : 1756460945335,
      "tn" : 1756460945335682433,
      "q" : "1.8",
      "p" : "0.6821",
      "s" : "sell",
      "i" : "ME_USD",
      "m" : "4611686018428135691"
    }, {
      "d" : "1756460944270802357",
      "t" : 1756460944270,
      "tn" : 1756460944270802357,
      "q" : "1.8",
      "p" : "0.6826",
      "s" : "sell",
      "i" : "ME_USD",
      "m" : "4611686018428135690"
    }, {
      "d" : "1756460935605820658",
      "t" : 1756460935605,
      "tn" : 1756460935605820658,
      "q" : "1.8",
      "p" : "0.6827",
      "s" : "buy",
      "i" : "ME_USD",
      "m" : "4611686018428135689"
    }, {
      "d" : "1756460929111191406",
      "t" : 1756460929111,
      "tn" : 1756460929111191406,
      "q" : "1.8",
      "p" : "0.6827",
      "s" : "sell",
      "i" : "ME_USD",
      "m" : "4611686018428135688"
    }, {
      "d" : "1756460909704391271",
      "t" : 1756460909704,
      "tn" : 1756460909704391271,
      "q" : "1.8",
      "p" : "0.6826",
      "s" : "buy",
      "i" : "ME_USD",
      "m" : "4611686018428135687"
    }, {
      "d" : "1756460903570262387",
      "t" : 1756460903570,
      "tn" : 1756460903570262387,
      "q" : "1.8",
      "p" : "0.6823",
      "s" : "buy",
      "i" : "ME_USD",
      "m" : "4611686018428135686"
    }, {
      "d" : "1756460899373202924",
      "t" : 1756460899373,
      "tn" : 1756460899373202924,
      "q" : "1.8",
      "p" : "0.6822",
      "s" : "sell",
      "i" : "ME_USD",
      "m" : "4611686018428135685"
    }, {
      "d" : "1756460898091002441",
      "t" : 1756460898091,
      "tn" : 1756460898091002441,
      "q" : "1.8",
      "p" : "0.6823",
      "s" : "sell",
      "i" : "ME_USD",
      "m" : "4611686018428135684"
    }, {
      "d" : "1756460890233315574",
      "t" : 1756460890233,
      "tn" : 1756460890233315574,
      "q" : "1.8",
      "p" : "0.6820",
      "s" : "buy",
      "i" : "ME_USD",
      "m" : "4611686018428135683"
    }, {
      "d" : "1756460843638815524",
      "t" : 1756460843638,
      "tn" : 1756460843638815524,
      "q" : "1.8",
      "p" : "0.6817",
      "s" : "sell",
      "i" : "ME_USD",
      "m" : "4611686018428135682"
    }, {
      "d" : "1756460807821631005",
      "t" : 1756460807821,
      "tn" : 1756460807821631005,
      "q" : "1.8",
      "p" : "0.6813",
      "s" : "sell",
      "i" : "ME_USD",
      "m" : "4611686018428135681"
    }, {
      "d" : "1756460804647355001",
      "t" : 1756460804647,
      "tn" : 1756460804647355001,
      "q" : "1.8",
      "p" : "0.6816",
      "s" : "sell",
      "i" : "ME_USD",
      "m" : "4611686018428135680"
    }, {
      "d" : "1756460803530817560",
      "t" : 1756460803530,
      "tn" : 1756460803530817560,
      "q" : "1.8",
      "p" : "0.6818",
      "s" : "sell",
      "i" : "ME_USD",
      "m" : "4611686018428135679"
    }, {
      "d" : "1756460799181860667",
      "t" : 1756460799181,
      "tn" : 1756460799181860667,
      "q" : "1.8",
      "p" : "0.6819",
      "s" : "sell",
      "i" : "ME_USD",
      "m" : "4611686018428135678"
    }, {
      "d" : "1756460797963210471",
      "t" : 1756460797963,
      "tn" : 1756460797963210471,
      "q" : "1.8",
      "p" : "0.6818",
      "s" : "sell",
      "i" : "ME_USD",
      "m" : "4611686018428135677"
    }, {
      "d" : "1756460793839924551",
      "t" : 1756460793839,
      "tn" : 1756460793839924551,
      "q" : "1.8",
      "p" : "0.6819",
      "s" : "sell",
      "i" : "ME_USD",
      "m" : "4611686018428135676"
    }, {
      "d" : "1756460779618437263",
      "t" : 1756460779618,
      "tn" : 1756460779618437263,
      "q" : "1.8",
      "p" : "0.6817",
      "s" : "buy",
      "i" : "ME_USD",
      "m" : "4611686018428135675"
    }, {
      "d" : "1756460778333150222",
      "t" : 1756460778333,
      "tn" : 1756460778333150222,
      "q" : "1.8",
      "p" : "0.6815",
      "s" : "buy",
      "i" : "ME_USD",
      "m" : "4611686018428135674"
    }, {
      "d" : "1756460749591521068",
      "t" : 1756460749591,
      "tn" : 1756460749591521068,
      "q" : "1.8",
      "p" : "0.6809",
      "s" : "buy",
      "i" : "ME_USD",
      "m" : "4611686018428135673"
    }, {
      "d" : "1756460746280631014",
      "t" : 1756460746280,
      "tn" : 1756460746280631014,
      "q" : "1.8",
      "p" : "0.6807",
      "s" : "buy",
      "i" : "ME_USD",
      "m" : "4611686018428135672"
    }, {
      "d" : "1756460744293193687",
      "t" : 1756460744293,
      "tn" : 1756460744293193687,
      "q" : "1.8",
      "p" : "0.6806",
      "s" : "buy",
      "i" : "ME_USD",
      "m" : "4611686018428135671"
    }, {
      "d" : "1756460736734659604",
      "t" : 1756460736734,
      "tn" : 1756460736734659604,
      "q" : "1.8",
      "p" : "0.6803",
      "s" : "buy",
      "i" : "ME_USD",
      "m" : "4611686018428135670"
    }, {
      "d" : "1756460734142550116",
      "t" : 1756460734142,
      "tn" : 1756460734142550116,
      "q" : "1.8",
      "p" : "0.6802",
      "s" : "buy",
      "i" : "ME_USD",
      "m" : "4611686018428135669"
    }, {
      "d" : "1756460725880436340",
      "t" : 1756460725880,
      "tn" : 1756460725880436340,
      "q" : "1.8",
      "p" : "0.6798",
      "s" : "buy",
      "i" : "ME_USD",
      "m" : "4611686018428135668"
    }, {
      "d" : "1756460713079587766",
      "t" : 1756460713079,
      "tn" : 1756460713079587766,
      "q" : "1.8",
      "p" : "0.6797",
      "s" : "buy",
      "i" : "ME_USD",
      "m" : "4611686018428135667"
    }, {
      "d" : "1756460706388726851",
      "t" : 1756460706388,
      "tn" : 1756460706388726851,
      "q" : "1.8",
      "p" : "0.6796",
      "s" : "sell",
      "i" : "ME_USD",
      "m" : "4611686018428135666"
    }, {
      "d" : "1756460705029065558",
      "t" : 1756460705029,
      "tn" : 1756460705029065558,
      "q" : "1.8",
      "p" : "0.6798",
      "s" : "sell",
      "i" : "ME_USD",
      "m" : "4611686018428135665"
    }, {
      "d" : "1756460642820319429",
      "t" : 1756460642820,
      "tn" : 1756460642820319429,
      "q" : "1.8",
      "p" : "0.6800",
      "s" : "buy",
      "i" : "ME_USD",
      "m" : "4611686018428135664"
    }, {
      "d" : "1756460614112740096",
      "t" : 1756460614112,
      "tn" : 1756460614112740096,
      "q" : "1.8",
      "p" : "0.6801",
      "s" : "sell",
      "i" : "ME_USD",
      "m" : "4611686018428135663"
    }, {
      "d" : "1756460605994358939",
      "t" : 1756460605994,
      "tn" : 1756460605994358939,
      "q" : "1.8",
      "p" : "0.6798",
      "s" : "buy",
      "i" : "ME_USD",
      "m" : "4611686018428135662"
    }, {
      "d" : "1756460604553616977",
      "t" : 1756460604553,
      "tn" : 1756460604553616977,
      "q" : "1.8",
      "p" : "0.6797",
      "s" : "buy",
      "i" : "ME_USD",
      "m" : "4611686018428135661"
    }, {
      "d" : "1756460591703103665",
      "t" : 1756460591703,
      "tn" : 1756460591703103665,
      "q" : "1.8",
      "p" : "0.6795",
      "s" : "buy",
      "i" : "ME_USD",
      "m" : "4611686018428135660"
    }, {
      "d" : "1756460590162485339",
      "t" : 1756460590162,
      "tn" : 1756460590162485339,
      "q" : "1.8",
      "p" : "0.6794",
      "s" : "buy",
      "i" : "ME_USD",
      "m" : "4611686018428135659"
    }, {
      "d" : "1756460551584786951",
      "t" : 1756460551584,
      "tn" : 1756460551584786951,
      "q" : "1.8",
      "p" : "0.6799",
      "s" : "sell",
      "i" : "ME_USD",
      "m" : "4611686018428135658"
    }, {
      "d" : "1756460539370804063",
      "t" : 1756460539370,
      "tn" : 1756460539370804063,
      "q" : "1.8",
      "p" : "0.6801",
      "s" : "sell",
      "i" : "ME_USD",
      "m" : "4611686018428135657"
    }, {
      "d" : "1756460531980085579",
      "t" : 1756460531980,
      "tn" : 1756460531980085579,
      "q" : "1.8",
      "p" : "0.6800",
      "s" : "buy",
      "i" : "ME_USD",
      "m" : "4611686018428135656"
    }, {
      "d" : "1756460526562754707",
      "t" : 1756460526562,
      "tn" : 1756460526562754707,
      "q" : "1.8",
      "p" : "0.6799",
      "s" : "buy",
      "i" : "ME_USD",
      "m" : "4611686018428135655"
    }, {
      "d" : "1756460484591957450",
      "t" : 1756460484591,
      "tn" : 1756460484591957450,
      "q" : "1.8",
      "p" : "0.6800",
      "s" : "sell",
      "i" : "ME_USD",
      "m" : "4611686018428135654"
    }, {
      "d" : "1756460482213120277",
      "t" : 1756460482213,
      "tn" : 1756460482213120277,
      "q" : "1.8",
      "p" : "0.6803",
      "s" : "sell",
      "i" : "ME_USD",
      "m" : "4611686018428135653"
    }, {
      "d" : "1756460479992250031",
      "t" : 1756460479992,
      "tn" : 1756460479992250031,
      "q" : "1.8",
      "p" : "0.6804",
      "s" : "sell",
      "i" : "ME_USD",
      "m" : "4611686018428135652"
    }, {
      "d" : "1756460470977596537",
      "t" : 1756460470977,
      "tn" : 1756460470977596537,
      "q" : "1.8",
      "p" : "0.6804",
      "s" : "buy",
      "i" : "ME_USD",
      "m" : "4611686018428135651"
    }, {
      "d" : "1756460455018585046",
      "t" : 1756460455018,
      "tn" : 1756460455018585046,
      "q" : "1.8",
      "p" : "0.6798",
      "s" : "buy",
      "i" : "ME_USD",
      "m" : "4611686018428135650"
    }, {
      "d" : "1756460443414668323",
      "t" : 1756460443414,
      "tn" : 1756460443414668323,
      "q" : "1.8",
      "p" : "0.6797",
      "s" : "sell",
      "i" : "ME_USD",
      "m" : "4611686018428135649"
    }, {
      "d" : "1756460441658111993",
      "t" : 1756460441658,
      "tn" : 1756460441658111993,
      "q" : "1.8",
      "p" : "0.6794",
      "s" : "buy",
      "i" : "ME_USD",
      "m" : "4611686018428135648"
    }, {
      "d" : "1756460433078684951",
      "t" : 1756460433078,
      "tn" : 1756460433078684951,
      "q" : "1.8",
      "p" : "0.6793",
      "s" : "buy",
      "i" : "ME_USD",
      "m" : "4611686018428135647"
    }, {
      "d" : "1756460419778007080",
      "t" : 1756460419778,
      "tn" : 1756460419778007080,
      "q" : "1.8",
      "p" : "0.6797",
      "s" : "sell",
      "i" : "ME_USD",
      "m" : "4611686018428135646"
    }, {
      "d" : "1756460415930647842",
      "t" : 1756460415930,
      "tn" : 1756460415930647842,
      "q" : "1.8",
      "p" : "0.6799",
      "s" : "sell",
      "i" : "ME_USD",
      "m" : "4611686018428135645"
    }, {
      "d" : "1756460410834717046",
      "t" : 1756460410834,
      "tn" : 1756460410834717046,
      "q" : "1.8",
      "p" : "0.6797",
      "s" : "buy",
      "i" : "ME_USD",
      "m" : "4611686018428135644"
    }, {
      "d" : "1756460395102408168",
      "t" : 1756460395102,
      "tn" : 1756460395102408168,
      "q" : "1.8",
      "p" : "0.6796",
      "s" : "sell",
      "i" : "ME_USD",
      "m" : "4611686018428135643"
    }, {
      "d" : "1756460393776636778",
      "t" : 1756460393776,
      "tn" : 1756460393776636778,
      "q" : "1.8",
      "p" : "0.6797",
      "s" : "sell",
      "i" : "ME_USD",
      "m" : "4611686018428135642"
    }, {
      "d" : "1756460372813508731",
      "t" : 1756460372813,
      "tn" : 1756460372813508731,
      "q" : "1.8",
      "p" : "0.6796",
      "s" : "buy",
      "i" : "ME_USD",
      "m" : "4611686018428135641"
    }, {
      "d" : "1756460371679205873",
      "t" : 1756460371679,
      "tn" : 1756460371679205873,
      "q" : "1.8",
      "p" : "0.6795",
      "s" : "buy",
      "i" : "ME_USD",
      "m" : "4611686018428135640"
    }, {
      "d" : "1756460363658554953",
      "t" : 1756460363658,
      "tn" : 1756460363658554953,
      "q" : "1.8",
      "p" : "0.6794",
      "s" : "buy",
      "i" : "ME_USD",
      "m" : "4611686018428135639"
    }, {
      "d" : "1756460351051759107",
      "t" : 1756460351051,
      "tn" : 1756460351051759107,
      "q" : "1.8",
      "p" : "0.6796",
      "s" : "sell",
      "i" : "ME_USD",
      "m" : "4611686018428135638"
    }, {
      "d" : "1756460343541791024",
      "t" : 1756460343541,
      "tn" : 1756460343541791024,
      "q" : "1.8",
      "p" : "0.6798",
      "s" : "buy",
      "i" : "ME_USD",
      "m" : "4611686018428135637"
    }, {
      "d" : "1756460263652945077",
      "t" : 1756460263652,
      "tn" : 1756460263652945077,
      "q" : "1.8",
      "p" : "0.6802",
      "s" : "sell",
      "i" : "ME_USD",
      "m" : "4611686018428135636"
    }, {
      "d" : "1756460251863351073",
      "t" : 1756460251863,
      "tn" : 1756460251863351073,
      "q" : "1.8",
      "p" : "0.6800",
      "s" : "sell",
      "i" : "ME_USD",
      "m" : "4611686018428135635"
    }, {
      "d" : "1756460233775577288",
      "t" : 1756460233775,
      "tn" : 1756460233775577288,
      "q" : "1.8",
      "p" : "0.6795",
      "s" : "buy",
      "i" : "ME_USD",
      "m" : "4611686018428135634"
    }, {
      "d" : "1756460221940918054",
      "t" : 1756460221940,
      "tn" : 1756460221940918054,
      "q" : "1.8",
      "p" : "0.6794",
      "s" : "buy",
      "i" : "ME_USD",
      "m" : "4611686018428135633"
    }, {
      "d" : "1756460206957269911",
      "t" : 1756460206957,
      "tn" : 1756460206957269911,
      "q" : "1.8",
      "p" : "0.6796",
      "s" : "sell",
      "i" : "ME_USD",
      "m" : "4611686018428135632"
    }, {
      "d" : "1756460198016969498",
      "t" : 1756460198016,
      "tn" : 1756460198016969498,
      "q" : "1.8",
      "p" : "0.6800",
      "s" : "sell",
      "i" : "ME_USD",
      "m" : "4611686018428135631"
    }, {
      "d" : "1756460187810624650",
      "t" : 1756460187810,
      "tn" : 1756460187810624650,
      "q" : "1.8",
      "p" : "0.6801",
      "s" : "buy",
      "i" : "ME_USD",
      "m" : "4611686018428135630"
    }, {
      "d" : "1756460185384323815",
      "t" : 1756460185384,
      "tn" : 1756460185384323815,
      "q" : "1.8",
      "p" : "0.6795",
      "s" : "buy",
      "i" : "ME_USD",
      "m" : "4611686018428135629"
    }, {
      "d" : "1756460183893217314",
      "t" : 1756460183893,
      "tn" : 1756460183893217314,
      "q" : "1.8",
      "p" : "0.6796",
      "s" : "sell",
      "i" : "ME_USD",
      "m" : "4611686018428135628"
    }, {
      "d" : "1756460181138784247",
      "t" : 1756460181138,
      "tn" : 1756460181138784247,
      "q" : "1.8",
      "p" : "0.6791",
      "s" : "buy",
      "i" : "ME_USD",
      "m" : "4611686018428135627"
    }, {
      "d" : "1756460175340840297",
      "t" : 1756460175340,
      "tn" : 1756460175340840297,
      "q" : "1.8",
      "p" : "0.6791",
      "s" : "sell",
      "i" : "ME_USD",
      "m" : "4611686018428135626"
    }, {
      "d" : "1756460173386814924",
      "t" : 1756460173386,
      "tn" : 1756460173386814924,
      "q" : "1.8",
      "p" : "0.6792",
      "s" : "sell",
      "i" : "ME_USD",
      "m" : "4611686018428135625"
    }, {
      "d" : "1756460172260048812",
      "t" : 1756460172260,
      "tn" : 1756460172260048812,
      "q" : "1.8",
      "p" : "0.6793",
      "s" : "sell",
      "i" : "ME_USD",
      "m" : "4611686018428135624"
    }, {
      "d" : "1756460168329767643",
      "t" : 1756460168329,
      "tn" : 1756460168329767643,
      "q" : "1.8",
      "p" : "0.6794",
      "s" : "sell",
      "i" : "ME_USD",
      "m" : "4611686018428135623"
    }, {
      "d" : "1756460167050720842",
      "t" : 1756460167050,
      "tn" : 1756460167050720842,
      "q" : "1.8",
      "p" : "0.6795",
      "s" : "sell",
      "i" : "ME_USD",
      "m" : "4611686018428135622"
    }, {
      "d" : "1756460164753181213",
      "t" : 1756460164753,
      "tn" : 1756460164753181213,
      "q" : "1.8",
      "p" : "0.6797",
      "s" : "sell",
      "i" : "ME_USD",
      "m" : "4611686018428135621"
    }, {
      "d" : "1756460148874521258",
      "t" : 1756460148874,
      "tn" : 1756460148874521258,
      "q" : "1.8",
      "p" : "0.6798",
      "s" : "buy",
      "i" : "ME_USD",
      "m" : "4611686018428135620"
    }, {
      "d" : "1756460140608064984",
      "t" : 1756460140608,
      "tn" : 1756460140608064984,
      "q" : "1.8",
      "p" : "0.6798",
      "s" : "sell",
      "i" : "ME_USD",
      "m" : "4611686018428135619"
    }, {
      "d" : "1756460138417898133",
      "t" : 1756460138417,
      "tn" : 1756460138417898133,
      "q" : "1.8",
      "p" : "0.6800",
      "s" : "sell",
      "i" : "ME_USD",
      "m" : "4611686018428135618"
    }, {
      "d" : "1756460135768737345",
      "t" : 1756460135768,
      "tn" : 1756460135768737345,
      "q" : "1.8",
      "p" : "0.6800",
      "s" : "buy",
      "i" : "ME_USD",
      "m" : "4611686018428135617"
    }, {
      "d" : "1756460118117808781",
      "t" : 1756460118117,
      "tn" : 1756460118117808781,
      "q" : "1.8",
      "p" : "0.6799",
      "s" : "sell",
      "i" : "ME_USD",
      "m" : "4611686018428135616"
    }, {
      "d" : "1756460106946894527",
      "t" : 1756460106946,
      "tn" : 1756460106946894527,
      "q" : "1.8",
      "p" : "0.6803",
      "s" : "buy",
      "i" : "ME_USD",
      "m" : "4611686018428135615"
    }, {
      "d" : "1756460101985391600",
      "t" : 1756460101985,
      "tn" : 1756460101985391600,
      "q" : "1.8",
      "p" : "0.6799",
      "s" : "buy",
      "i" : "ME_USD",
      "m" : "4611686018428135614"
    }, {
      "d" : "1756460091174516785",
      "t" : 1756460091174,
      "tn" : 1756460091174516785,
      "q" : "1.8",
      "p" : "0.6798",
      "s" : "buy",
      "i" : "ME_USD",
      "m" : "4611686018428135613"
    }, {
      "d" : "1756460087129067490",
      "t" : 1756460087129,
      "tn" : 1756460087129067490,
      "q" : "1.8",
      "p" : "0.6796",
      "s" : "buy",
      "i" : "ME_USD",
      "m" : "4611686018428135612"
    }, {
      "d" : "1756460082028981001",
      "t" : 1756460082028,
      "tn" : 1756460082028981001,
      "q" : "1.8",
      "p" : "0.6796",
      "s" : "sell",
      "i" : "ME_USD",
      "m" : "4611686018428135611"
    }, {
      "d" : "1756460052838120712",
      "t" : 1756460052838,
      "tn" : 1756460052838120712,
      "q" : "1.8",
      "p" : "0.6799",
      "s" : "sell",
      "i" : "ME_USD",
      "m" : "4611686018428135610"
    }, {
      "d" : "1756460040728914000",
      "t" : 1756460040728,
      "tn" : 1756460040728914000,
      "q" : "1.8",
      "p" : "0.6797",
      "s" : "buy",
      "i" : "ME_USD",
      "m" : "4611686018428135609"
    }, {
      "d" : "1756460034789159120",
      "t" : 1756460034789,
      "tn" : 1756460034789159120,
      "q" : "1.8",
      "p" : "0.6801",
      "s" : "sell",
      "i" : "ME_USD",
      "m" : "4611686018428135608"
    }, {
      "d" : "1756460020036119531",
      "t" : 1756460020036,
      "tn" : 1756460020036119531,
      "q" : "1.8",
      "p" : "0.6800",
      "s" : "buy",
      "i" : "ME_USD",
      "m" : "4611686018428135607"
    }, {
      "d" : "1756460019017404614",
      "t" : 1756460019017,
      "tn" : 1756460019017404614,
      "q" : "1.8",
      "p" : "0.6798",
      "s" : "buy",
      "i" : "ME_USD",
      "m" : "4611686018428135606"
    }, {
      "d" : "1756459995431511429",
      "t" : 1756459995431,
      "tn" : 1756459995431511429,
      "q" : "1.8",
      "p" : "0.6801",
      "s" : "sell",
      "i" : "ME_USD",
      "m" : "4611686018428135605"
    }, {
      "d" : "1756459983408636367",
      "t" : 1756459983408,
      "tn" : 1756459983408636367,
      "q" : "1.8",
      "p" : "0.6801",
      "s" : "buy",
      "i" : "ME_USD",
      "m" : "4611686018428135604"
    }, {
      "d" : "1756459981670436146",
      "t" : 1756459981670,
      "tn" : 1756459981670436146,
      "q" : "1.8",
      "p" : "0.6799",
      "s" : "buy",
      "i" : "ME_USD",
      "m" : "4611686018428135603"
    }, {
      "d" : "1756459980124615776",
      "t" : 1756459980124,
      "tn" : 1756459980124615776,
      "q" : "1.8",
      "p" : "0.6798",
      "s" : "buy",
      "i" : "ME_USD",
      "m" : "4611686018428135602"
    }, {
      "d" : "1756459969533962773",
      "t" : 1756459969533,
      "tn" : 1756459969533962773,
      "q" : "1.8",
      "p" : "0.6797",
      "s" : "buy",
      "i" : "ME_USD",
      "m" : "4611686018428135601"
    }, {
      "d" : "1756459940333188531",
      "t" : 1756459940333,
      "tn" : 1756459940333188531,
      "q" : "1.8",
      "p" : "0.6799",
      "s" : "sell",
      "i" : "ME_USD",
      "m" : "4611686018428135600"
    }, {
      "d" : "1756459924228755614",
      "t" : 1756459924228,
      "tn" : 1756459924228755614,
      "q" : "1.8",
      "p" : "0.6803",
      "s" : "buy",
      "i" : "ME_USD",
      "m" : "4611686018428135599"
    }, {
      "d" : "1756459885162578733",
      "t" : 1756459885162,
      "tn" : 1756459885162578733,
      "q" : "1.8",
      "p" : "0.6804",
      "s" : "sell",
      "i" : "ME_USD",
      "m" : "4611686018428135598"
    }, {
      "d" : "1756459881360653175",
      "t" : 1756459881360,
      "tn" : 1756459881360653175,
      "q" : "1.8",
      "p" : "0.6801",
      "s" : "buy",
      "i" : "ME_USD",
      "m" : "4611686018428135597"
    }, {
      "d" : "1756459877316633209",
      "t" : 1756459877316,
      "tn" : 1756459877316633209,
      "q" : "29.4",
      "p" : "0.6799",
      "s" : "sell",
      "i" : "ME_USD",
      "m" : "4611686018428135596"
    }, {
      "d" : "1756459874888665453",
      "t" : 1756459874888,
      "tn" : 1756459874888665453,
      "q" : "1.8",
      "p" : "0.6805",
      "s" : "sell",
      "i" : "ME_USD",
      "m" : "4611686018428135595"
    }, {
      "d" : "1756459873774460252",
      "t" : 1756459873774,
      "tn" : 1756459873774460252,
      "q" : "1.8",
      "p" : "0.6807",
      "s" : "sell",
      "i" : "ME_USD",
      "m" : "4611686018428135594"
    }, {
      "d" : "1756459853976368564",
      "t" : 1756459853976,
      "tn" : 1756459853976368564,
      "q" : "1.8",
      "p" : "0.6804",
      "s" : "buy",
      "i" : "ME_USD",
      "m" : "4611686018428135593"
    }, {
      "d" : "1756459829944503704",
      "t" : 1756459829944,
      "tn" : 1756459829944503704,
      "q" : "1.8",
      "p" : "0.6803",
      "s" : "buy",
      "i" : "ME_USD",
      "m" : "4611686018428135592"
    }, {
      "d" : "1756459816109030008",
      "t" : 1756459816109,
      "tn" : 1756459816109030008,
      "q" : "1.8",
      "p" : "0.6800",
      "s" : "sell",
      "i" : "ME_USD",
      "m" : "4611686018428135591"
    }, {
      "d" : "1756459814034647772",
      "t" : 1756459814034,
      "tn" : 1756459814034647772,
      "q" : "1.8",
      "p" : "0.6802",
      "s" : "sell",
      "i" : "ME_USD",
      "m" : "4611686018428135590"
    }, {
      "d" : "1756459810177233361",
      "t" : 1756459810177,
      "tn" : 1756459810177233361,
      "q" : "1.8",
      "p" : "0.6801",
      "s" : "sell",
      "i" : "ME_USD",
      "m" : "4611686018428135589"
    }, {
      "d" : "1756459809165595909",
      "t" : 1756459809165,
      "tn" : 1756459809165595909,
      "q" : "1.8",
      "p" : "0.6802",
      "s" : "sell",
      "i" : "ME_USD",
      "m" : "4611686018428135588"
    }, {
      "d" : "1756459808155507282",
      "t" : 1756459808155,
      "tn" : 1756459808155507282,
      "q" : "1.8",
      "p" : "0.6804",
      "s" : "sell",
      "i" : "ME_USD",
      "m" : "4611686018428135587"
    }, {
      "d" : "1756459788617185342",
      "t" : 1756459788617,
      "tn" : 1756459788617185342,
      "q" : "1.8",
      "p" : "0.6810",
      "s" : "sell",
      "i" : "ME_USD",
      "m" : "4611686018428135586"
    }, {
      "d" : "1756459778011062474",
      "t" : 1756459778011,
      "tn" : 1756459778011062474,
      "q" : "1.8",
      "p" : "0.6807",
      "s" : "buy",
      "i" : "ME_USD",
      "m" : "4611686018428135585"
    }, {
      "d" : "1756459772751240301",
      "t" : 1756459772751,
      "tn" : 1756459772751240301,
      "q" : "1.8",
      "p" : "0.6806",
      "s" : "buy",
      "i" : "ME_USD",
      "m" : "4611686018428135584"
    }, {
      "d" : "1756459746891248582",
      "t" : 1756459746891,
      "tn" : 1756459746891248582,
      "q" : "1.8",
      "p" : "0.6803",
      "s" : "buy",
      "i" : "ME_USD",
      "m" : "4611686018428135583"
    }, {
      "d" : "1756459745823617220",
      "t" : 1756459745823,
      "tn" : 1756459745823617220,
      "q" : "1.8",
      "p" : "0.6800",
      "s" : "buy",
      "i" : "ME_USD",
      "m" : "4611686018428135582"
    } ]
  }
}