{
  "id" : -1,
  "method" : "public/get-trades",
  "code" : 0,
  "result" : {
    "data" : [ {
      "d" : "1756461701376206601",
      "t" : 1756461701376,
      "tn" : 1756461701376206600,
      "q" : "0.1",
      "p" : "0.20310",
      "s" : "buy",
      "i" : "MELANIAUSD-PERP",
      "m" : "4611686018428323134"
    }, {
      "d" : "1756461701376206600",
      "t" : 1756461701376,
      "tn" : 1756461701376206600,
      "q" : "0.1",
      "p" : "0.20310",
      "s" : "buy",
      "i" : "MELANIAUSD-PERP",
      "m" : "4611686018428323134"
    }, {
      "d" : "1756461646190849080",
      "t" : 1756461646190,
      "tn" : 1756461646190849079,
      "q" : "0.1",
      "p" : "0.20310",
      "s" : "buy",
      "i" : "MELANIAUSD-PERP",
      "m" : "4611686018428323133"
    }, {
      "d" : "1756461646190849079",
      "t" : 1756461646190,
      "tn" : 1756461646190849079,
      "q" : "0.1",
      "p" : "0.20310",
      "s" : "buy",
      "i" : "MELANIAUSD-PERP",
      "m" : "4611686018428323133"
    }, {
      "d" : "1756461636995088200",
      "t" : 1756461636995,
      "tn" : 1756461636995088199,
      "q" : "0.1",
      "p" : "0.20300",
      "s" : "buy",
      "i" : "MELANIAUSD-PERP",
      "m" : "4611686018428323132"
    }, {
      "d" : "1756461636995088199",
      "t" : 1756461636995,
      "tn" : 1756461636995088199,
      "q" : "0.1",
      "p" : "0.20300",
      "s" : "buy",
      "i" : "MELANIAUSD-PERP",
      "m" : "4611686018428323132"
    }, {
      "d" : "1756461627086372109",
      "t" : 1756461627086,
      "tn" : 1756461627086372108,
      "q" : "0.1",
      "p" : "0.20290",
      "s" : "buy",
      "i" : "MELANIAUSD-PERP",
      "m" : "4611686018428323131"
    }, {
      "d" : "1756461627086372108",
      "t" : 1756461627086,
      "tn" : 1756461627086372108,
      "q" : "0.1",
      "p" : "0.20290",
      "s" : "buy",
      "i" : "MELANIAUSD-PERP",
      "m" : "4611686018428323131"
    }, {
      "d" : "1756461598026297514",
      "t" : 1756461598026,
      "tn" : 1756461598026297513,
      "q" : "0.1",
      "p" : "0.20290",
      "s" : "buy",
      "i" : "MELANIAUSD-PERP",
      "m" : "4611686018428323130"
    }, {
      "d" : "1756461598026297513",
      "t" : 1756461598026,
      "tn" : 1756461598026297513,
      "q" : "0.1",
      "p" : "0.20290",
      "s" : "buy",
      "i" : "MELANIAUSD-PERP",
      "m" : "4611686018428323130"
    }, {
      "d" : "1756461534296016157",
      "t" : 1756461534296,
      "tn" : 1756461534296016156,
      "q" : "0.1",
      "p" : "0.20290",
      "s" : "buy",
      "i" : "MELANIAUSD-PERP",
      "m" : "4611686018428323129"
    }, {
      "d" : "1756461534296016156",
      "t" : 1756461534296,
      "tn" : 1756461534296016156,
      "q" : "0.1",
      "p" : "0.20290",
      "s" : "buy",
      "i" : "MELANIAUSD-PERP",
      "m" : "4611686018428323129"
    }, {
      "d" : "1756461478356834317",
      "t" : 1756461478356,
      "tn" : 1756461478356834317,
      "q" : "2855.3",
      "p" : "0.20304",
      "s" : "buy",
      "i" : "MELANIAUSD-PERP",
      "m" : "4611686018428323128"
    }, {
      "d" : "1756461478356337114",
      "t" : 1756461478356,
      "tn" : 1756461478356337114,
      "q" : "3478.4",
      "p" : "0.20304",
      "s" : "buy",
      "i" : "MELANIAUSD-PERP",
      "m" : "4611686018428323127"
    }, {
      "d" : "1756461299840036632",
      "t" : 1756461299840,
      "tn" : 1756461299840036631,
      "q" : "0.1",
      "p" : "0.20290",
      "s" : "buy",
      "i" : "MELANIAUSD-PERP",
      "m" : "4611686018428323126"
    }, {
      "d" : "1756461299840036631",
      "t" : 1756461299840,
      "tn" : 1756461299840036631,
      "q" : "0.1",
      "p" : "0.20290",
      "s" : "buy",
      "i" : "MELANIAUSD-PERP",
      "m" : "4611686018428323126"
    }, {
      "d" : "1756461288913926941",
      "t" : 1756461288913,
      "tn" : 1756461288913926940,
      "q" : "0.1",
      "p" : "0.20280",
      "s" : "buy",
      "i" : "MELANIAUSD-PERP",
      "m" : "4611686018428323125"
    }, {
      "d" : "1756461288913926940",
      "t" : 1756461288913,
      "tn" : 1756461288913926940,
      "q" : "0.1",
      "p" : "0.20280",
      "s" : "buy",
      "i" : "MELANIAUSD-PERP",
      "m" : "4611686018428323125"
    }, {
      "d" : "1756461179874827855",
      "t" : 1756461179874,
      "tn" : 1756461179874827854,
      "q" : "0.1",
      "p" : "0.20280",
      "s" : "buy",
      "i" : "MELANIAUSD-PERP",
      "m" : "4611686018428323124"
    }, {
      "d" : "1756461179874827854",
      "t" : 1756461179874,
      "tn" : 1756461179874827854,
      "q" : "0.1",
      "p" : "0.20280",
      "s" : "buy",
      "i" : "MELANIAUSD-PERP",
      "m" : "4611686018428323124"
    }, {
      "d" : "1756461119894013335",
      "t" : 1756461119894,
      "tn" : 1756461119894013334,
      "q" : "0.1",
      "p" : "0.20290",
      "s" : "buy",
      "i" : "MELANIAUSD-PERP",
      "m" : "4611686018428323123"
    }, {
      "d" : "1756461119894013334",
      "t" : 1756461119894,
      "tn" : 1756461119894013334,
      "q" : "0.1",
      "p" : "0.20290",
      "s" : "buy",
      "i" : "MELANIAUSD-PERP",
      "m" : "4611686018428323123"
    }, {
      "d" : "1756461115750496963",
      "t" : 1756461115750,
      "tn" : 1756461115750496962,
      "q" : "0.1",
      "p" : "0.20280",
      "s" : "buy",
      "i" : "MELANIAUSD-PERP",
      "m" : "4611686018428323122"
    }, {
      "d" : "1756461115750496962",
      "t" : 1756461115750,
      "tn" : 1756461115750496962,
      "q" : "0.1",
      "p" : "0.20280",
      "s" : "buy",
      "i" : "MELANIAUSD-PERP",
      "m" : "4611686018428323122"
    }, {
      "d" : "1756461115622735963",
      "t" : 1756461115622,
      "tn" : 1756461115622735962,
      "q" : "0.1",
      "p" : "0.20280",
      "s" : "buy",
      "i" : "MELANIAUSD-PERP",
      "m" : "4611686018428323121"
    }, {
      "d" : "1756461115622735962",
      "t" : 1756461115622,
      "tn" : 1756461115622735962,
      "q" : "0.1",
      "p" : "0.20280",
      "s" : "buy",
      "i" : "MELANIAUSD-PERP",
      "m" : "4611686018428323121"
    }, {
      "d" : "1756461050040413418",
      "t" : 1756461050040,
      "tn" : 1756461050040413417,
      "q" : "0.1",
      "p" : "0.20290",
      "s" : "buy",
      "i" : "MELANIAUSD-PERP",
      "m" : "4611686018428323120"
    }, {
      "d" : "1756461050040413417",
      "t" : 1756461050040,
      "tn" : 1756461050040413417,
      "q" : "0.1",
      "p" : "0.20290",
      "s" : "buy",
      "i" : "MELANIAUSD-PERP",
      "m" : "4611686018428323120"
    }, {
      "d" : "1756460951523269223",
      "t" : 1756460951523,
      "tn" : 1756460951523269222,
      "q" : "0.1",
      "p" : "0.20330",
      "s" : "buy",
      "i" : "MELANIAUSD-PERP",
      "m" : "4611686018428323119"
    }, {
      "d" : "1756460951523269222",
      "t" : 1756460951523,
      "tn" : 1756460951523269222,
      "q" : "0.1",
      "p" : "0.20330",
      "s" : "buy",
      "i" : "MELANIAUSD-PERP",
      "m" : "4611686018428323119"
    }, {
      "d" : "1756460949737636172",
      "t" : 1756460949737,
      "tn" : 1756460949737636171,
      "q" : "0.1",
      "p" : "0.20320",
      "s" : "buy",
      "i" : "MELANIAUSD-PERP",
      "m" : "4611686018428323118"
    }, {
      "d" : "1756460949737636171",
      "t" : 1756460949737,
      "tn" : 1756460949737636171,
      "q" : "0.1",
      "p" : "0.20320",
      "s" : "buy",
      "i" : "MELANIAUSD-PERP",
      "m" : "4611686018428323118"
    }, {
      "d" : "1756460908212068372",
      "t" : 1756460908212,
      "tn" : 1756460908212068371,
      "q" : "0.1",
      "p" : "0.20340",
      "s" : "buy",
      "i" : "MELANIAUSD-PERP",
      "m" : "4611686018428323117"
    }, {
      "d" : "1756460908212068371",
      "t" : 1756460908212,
      "tn" : 1756460908212068371,
      "q" : "0.1",
      "p" : "0.20340",
      "s" : "buy",
      "i" : "MELANIAUSD-PERP",
      "m" : "4611686018428323117"
    }, {
      "d" : "1756460894554720216",
      "t" : 1756460894554,
      "tn" : 1756460894554720216,
      "q" : "277.8",
      "p" : "0.20353",
      "s" : "buy",
      "i" : "MELANIAUSD-PERP",
      "m" : "4611686018428323116"
    }, {
      "d" : "1756460894553616838",
      "t" : 1756460894553,
      "tn" : 1756460894553616838,
      "q" : "214.5",
      "p" : "0.20344",
      "s" : "buy",
      "i" : "MELANIAUSD-PERP",
      "m" : "4611686018428323115"
    }, {
      "d" : "1756460894553027379",
      "t" : 1756460894553,
      "tn" : 1756460894553027378,
      "q" : "0.1",
      "p" : "0.20330",
      "s" : "buy",
      "i" : "MELANIAUSD-PERP",
      "m" : "4611686018428323114"
    }, {
      "d" : "1756460894553027378",
      "t" : 1756460894553,
      "tn" : 1756460894553027378,
      "q" : "0.1",
      "p" : "0.20330",
      "s" : "buy",
      "i" : "MELANIAUSD-PERP",
      "m" : "4611686018428323114"
    }, {
      "d" : "1756460837245545951",
      "t" : 1756460837245,
      "tn" : 1756460837245545951,
      "q" : "214.5",
      "p" : "0.20288",
      "s" : "buy",
      "i" : "MELANIAUSD-PERP",
      "m" : "4611686018428323113"
    }, {
      "d" : "1756460809877501880",
      "t" : 1756460809877,
      "tn" : 1756460809877501879,
      "q" : "0.1",
      "p" : "0.20270",
      "s" : "buy",
      "i" : "MELANIAUSD-PERP",
      "m" : "4611686018428323112"
    }, {
      "d" : "1756460809877501879",
      "t" : 1756460809877,
      "tn" : 1756460809877501879,
      "q" : "0.1",
      "p" : "0.20270",
      "s" : "buy",
      "i" : "MELANIAUSD-PERP",
      "m" : "4611686018428323112"
    }, {
      "d" : "1756460788028326508",
      "t" : 1756460788028,
      "tn" : 1756460788028326507,
      "q" : "0.1",
      "p" : "0.20280",
      "s" : "buy",
      "i" : "MELANIAUSD-PERP",
      "m" : "4611686018428323111"
    }, {
      "d" : "1756460788028326507",
      "t" : 1756460788028,
      "tn" : 1756460788028326507,
      "q" : "0.1",
      "p" : "0.20280",
      "s" : "buy",
      "i" : "MELANIAUSD-PERP",
      "m" : "4611686018428323111"
    }, {
      "d" : "1756460781380403763",
      "t" : 1756460781380,
      "tn" : 1756460781380403762,
      "q" : "0.1",
      "p" : "0.20270",
      "s" : "buy",
      "i" : "MELANIAUSD-PERP",
      "m" : "4611686018428323110"
    }, {
      "d" : "1756460781380403762",
      "t" : 1756460781380,
      "tn" : 1756460781380403762,
      "q" : "0.1",
      "p" : "0.20270",
      "s" : "buy",
      "i" : "MELANIAUSD-PERP",
      "m" : "4611686018428323110"
    }, {
      "d" : "1756460777934248375",
      "t" : 1756460777934,
      "tn" : 1756460777934248375,
      "q" : "0.1",
      "p" : "0.20265",
      "s" : "buy",
      "i" : "MELANIAUSD-PERP",
      "m" : "4611686018428323109"
    }, {
      "d" : "1756460777874291436",
      "t" : 1756460777874,
      "tn" : 1756460777874291436,
      "q" : "0.1",
      "p" : "0.20262",
      "s" : "buy",
      "i" : "MELANIAUSD-PERP",
      "m" : "4611686018428323108"
    }, {
      "d" : "1756460777850938231",
      "t" : 1756460777850,
      "tn" : 1756460777850938231,
      "q" : "0.1",
      "p" : "0.20260",
      "s" : "buy",
      "i" : "MELANIAUSD-PERP",
      "m" : "4611686018428323107"
    }, {
      "d" : "1756460777800511996",
      "t" : 1756460777800,
      "tn" : 1756460777800511996,
      "q" : "0.1",
      "p" : "0.20260",
      "s" : "buy",
      "i" : "MELANIAUSD-PERP",
      "m" : "4611686018428323106"
    }, {
      "d" : "1756460777742397656",
      "t" : 1756460777742,
      "tn" : 1756460777742397655,
      "q" : "0.1",
      "p" : "0.20260",
      "s" : "buy",
      "i" : "MELANIAUSD-PERP",
      "m" : "4611686018428323105"
    }, {
      "d" : "1756460754921614755",
      "t" : 1756460754921,
      "tn" : 1756460754921614755,
      "q" : "212.2",
      "p" : "0.20258",
      "s" : "buy",
      "i" : "MELANIAUSD-PERP",
      "m" : "4611686018428323104"
    }, {
      "d" : "1756460725928815675",
      "t" : 1756460725928,
      "tn" : 1756460725928815674,
      "q" : "0.1",
      "p" : "0.20230",
      "s" : "buy",
      "i" : "MELANIAUSD-PERP",
      "m" : "4611686018428323103"
    }, {
      "d" : "1756460725928815674",
      "t" : 1756460725928,
      "tn" : 1756460725928815674,
      "q" : "0.1",
      "p" : "0.20230",
      "s" : "buy",
      "i" : "MELANIAUSD-PERP",
      "m" : "4611686018428323103"
    }, {
      "d" : "1756460713034945114",
      "t" : 1756460713034,
      "tn" : 1756460713034945113,
      "q" : "0.1",
      "p" : "0.20220",
      "s" : "buy",
      "i" : "MELANIAUSD-PERP",
      "m" : "4611686018428323102"
    }, {
      "d" : "1756460713034945113",
      "t" : 1756460713034,
      "tn" : 1756460713034945113,
      "q" : "0.1",
      "p" : "0.20220",
      "s" : "buy",
      "i" : "MELANIAUSD-PERP",
      "m" : "4611686018428323102"
    }, {
      "d" : "1756460611417441372",
      "t" : 1756460611417,
      "tn" : 1756460611417441372,
      "q" : "217.1",
      "p" : "0.20223",
      "s" : "buy",
      "i" : "MELANIAUSD-PERP",
      "m" : "4611686018428323101"
    }, {
      "d" : "1756460540184163935",
      "t" : 1756460540184,
      "tn" : 1756460540184163935,
      "q" : "215.5",
      "p" : "0.20218",
      "s" : "sell",
      "i" : "MELANIAUSD-PERP",
      "m" : "4611686018428323100"
    }, {
      "d" : "1756460540183754659",
      "t" : 1756460540183,
      "tn" : 1756460540183754658,
      "q" : "215.5",
      "p" : "0.20221",
      "s" : "sell",
      "i" : "MELANIAUSD-PERP",
      "m" : "4611686018428323099"
    }, {
      "d" : "1756460540183754658",
      "t" : 1756460540183,
      "tn" : 1756460540183754658,
      "q" : "0.1",
      "p" : "0.20221",
      "s" : "sell",
      "i" : "MELANIAUSD-PERP",
      "m" : "4611686018428323099"
    }, {
      "d" : "1756460540183565264",
      "t" : 1756460540183,
      "tn" : 1756460540183565264,
      "q" : "215.5",
      "p" : "0.20222",
      "s" : "sell",
      "i" : "MELANIAUSD-PERP",
      "m" : "4611686018428323098"
    }, {
      "d" : "1756460454034912178",
      "t" : 1756460454034,
      "tn" : 1756460454034912177,
      "q" : "0.1",
      "p" : "0.20230",
      "s" : "buy",
      "i" : "MELANIAUSD-PERP",
      "m" : "4611686018428323097"
    }, {
      "d" : "1756460454034912177",
      "t" : 1756460454034,
      "tn" : 1756460454034912177,
      "q" : "0.1",
      "p" : "0.20230",
      "s" : "buy",
      "i" : "MELANIAUSD-PERP",
      "m" : "4611686018428323097"
    }, {
      "d" : "1756460441598869201",
      "t" : 1756460441598,
      "tn" : 1756460441598869200,
      "q" : "0.1",
      "p" : "0.20222",
      "s" : "buy",
      "i" : "MELANIAUSD-PERP",
      "m" : "4611686018428323096"
    }, {
      "d" : "1756460441598869200",
      "t" : 1756460441598,
      "tn" : 1756460441598869200,
      "q" : "0.1",
      "p" : "0.20222",
      "s" : "buy",
      "i" : "MELANIAUSD-PERP",
      "m" : "4611686018428323096"
    }, {
      "d" : "1756460441530001793",
      "t" : 1756460441530,
      "tn" : 1756460441530001793,
      "q" : "0.1",
      "p" : "0.20220",
      "s" : "buy",
      "i" : "MELANIAUSD-PERP",
      "m" : "4611686018428323095"
    }, {
      "d" : "1756460441465806144",
      "t" : 1756460441465,
      "tn" : 1756460441465806143,
      "q" : "0.1",
      "p" : "0.20220",
      "s" : "buy",
      "i" : "MELANIAUSD-PERP",
      "m" : "4611686018428323094"
    }, {
      "d" : "1756460441465806143",
      "t" : 1756460441465,
      "tn" : 1756460441465806143,
      "q" : "0.1",
      "p" : "0.20220",
      "s" : "buy",
      "i" : "MELANIAUSD-PERP",
      "m" : "4611686018428323094"
    }, {
      "d" : "1756460411116766012",
      "t" : 1756460411116,
      "tn" : 1756460411116766011,
      "q" : "0.1",
      "p" : "0.20220",
      "s" : "buy",
      "i" : "MELANIAUSD-PERP",
      "m" : "4611686018428323093"
    }, {
      "d" : "1756460411116766011",
      "t" : 1756460411116,
      "tn" : 1756460411116766011,
      "q" : "0.1",
      "p" : "0.20220",
      "s" : "buy",
      "i" : "MELANIAUSD-PERP",
      "m" : "4611686018428323093"
    }, {
      "d" : "1756460400011099212",
      "t" : 1756460400011,
      "tn" : 1756460400011099211,
      "q" : "0.1",
      "p" : "0.20210",
      "s" : "buy",
      "i" : "MELANIAUSD-PERP",
      "m" : "4611686018428323092"
    }, {
      "d" : "1756460400011099211",
      "t" : 1756460400011,
      "tn" : 1756460400011099211,
      "q" : "0.1",
      "p" : "0.20210",
      "s" : "buy",
      "i" : "MELANIAUSD-PERP",
      "m" : "4611686018428323092"
    }, {
      "d" : "1756460381344244322",
      "t" : 1756460381344,
      "tn" : 1756460381344244322,
      "q" : "0.1",
      "p" : "0.20209",
      "s" : "buy",
      "i" : "MELANIAUSD-PERP",
      "m" : "4611686018428323091"
    }, {
      "d" : "1756460377743525436",
      "t" : 1756460377743,
      "tn" : 1756460377743525436,
      "q" : "0.1",
      "p" : "0.20200",
      "s" : "buy",
      "i" : "MELANIAUSD-PERP",
      "m" : "4611686018428323090"
    }, {
      "d" : "1756460377743408591",
      "t" : 1756460377743,
      "tn" : 1756460377743408591,
      "q" : "0.1",
      "p" : "0.20199",
      "s" : "buy",
      "i" : "MELANIAUSD-PERP",
      "m" : "4611686018428323089"
    }, {
      "d" : "1756460370264727891",
      "t" : 1756460370264,
      "tn" : 1756460370264727891,
      "q" : "0.1",
      "p" : "0.20198",
      "s" : "buy",
      "i" : "MELANIAUSD-PERP",
      "m" : "4611686018428323088"
    }, {
      "d" : "1756460370138744958",
      "t" : 1756460370138,
      "tn" : 1756460370138744958,
      "q" : "0.1",
      "p" : "0.20198",
      "s" : "buy",
      "i" : "MELANIAUSD-PERP",
      "m" : "4611686018428323087"
    }, {
      "d" : "1756460340454977240",
      "t" : 1756460340454,
      "tn" : 1756460340454977240,
      "q" : "0.1",
      "p" : "0.20209",
      "s" : "buy",
      "i" : "MELANIAUSD-PERP",
      "m" : "4611686018428323086"
    }, {
      "d" : "1756460323673424879",
      "t" : 1756460323673,
      "tn" : 1756460323673424879,
      "q" : "0.1",
      "p" : "0.20209",
      "s" : "buy",
      "i" : "MELANIAUSD-PERP",
      "m" : "4611686018428323085"
    }, {
      "d" : "1756460284629754253",
      "t" : 1756460284629,
      "tn" : 1756460284629754253,
      "q" : "0.1",
      "p" : "0.20219",
      "s" : "buy",
      "i" : "MELANIAUSD-PERP",
      "m" : "4611686018428323084"
    }, {
      "d" : "1756460221906382351",
      "t" : 1756460221906,
      "tn" : 1756460221906382351,
      "q" : "0.1",
      "p" : "0.20199",
      "s" : "buy",
      "i" : "MELANIAUSD-PERP",
      "m" : "4611686018428323083"
    }, {
      "d" : "1756460221885033497",
      "t" : 1756460221885,
      "tn" : 1756460221885033497,
      "q" : "0.1",
      "p" : "0.20198",
      "s" : "buy",
      "i" : "MELANIAUSD-PERP",
      "m" : "4611686018428323082"
    }, {
      "d" : "1756460178083363431",
      "t" : 1756460178083,
      "tn" : 1756460178083363431,
      "q" : "0.1",
      "p" : "0.20189",
      "s" : "buy",
      "i" : "MELANIAUSD-PERP",
      "m" : "4611686018428323081"
    }, {
      "d" : "1756460178081638716",
      "t" : 1756460178081,
      "tn" : 1756460178081638716,
      "q" : "0.1",
      "p" : "0.20188",
      "s" : "buy",
      "i" : "MELANIAUSD-PERP",
      "m" : "4611686018428323080"
    }, {
      "d" : "1756460100015000949",
      "t" : 1756460100015,
      "tn" : 1756460100015000949,
      "q" : "0.1",
      "p" : "0.20198",
      "s" : "buy",
      "i" : "MELANIAUSD-PERP",
      "m" : "4611686018428323079"
    }, {
      "d" : "1756459982503676662",
      "t" : 1756459982503,
      "tn" : 1756459982503676662,
      "q" : "0.1",
      "p" : "0.20188",
      "s" : "buy",
      "i" : "MELANIAUSD-PERP",
      "m" : "4611686018428323078"
    }, {
      "d" : "1756459967814244614",
      "t" : 1756459967814,
      "tn" : 1756459967814244614,
      "q" : "0.1",
      "p" : "0.20178",
      "s" : "buy",
      "i" : "MELANIAUSD-PERP",
      "m" : "4611686018428323077"
    }, {
      "d" : "1756459955087452909",
      "t" : 1756459955087,
      "tn" : 1756459955087452909,
      "q" : "0.1",
      "p" : "0.20169",
      "s" : "buy",
      "i" : "MELANIAUSD-PERP",
      "m" : "4611686018428323076"
    }, {
      "d" : "1756459955087450422",
      "t" : 1756459955087,
      "tn" : 1756459955087450422,
      "q" : "0.1",
      "p" : "0.20168",
      "s" : "buy",
      "i" : "MELANIAUSD-PERP",
      "m" : "4611686018428323075"
    }, {
      "d" : "1756459911839637054",
      "t" : 1756459911839,
      "tn" : 1756459911839637054,
      "q" : "0.1",
      "p" : "0.20189",
      "s" : "buy",
      "i" : "MELANIAUSD-PERP",
      "m" : "4611686018428323074"
    }, {
      "d" : "1756459911834870803",
      "t" : 1756459911834,
      "tn" : 1756459911834870803,
      "q" : "0.1",
      "p" : "0.20188",
      "s" : "buy",
      "i" : "MELANIAUSD-PERP",
      "m" : "4611686018428323073"
    }, {
      "d" : "1756459882758621595",
      "t" : 1756459882758,
      "tn" : 1756459882758621595,
      "q" : "0.1",
      "p" : "0.20208",
      "s" : "buy",
      "i" : "MELANIAUSD-PERP",
      "m" : "4611686018428323072"
    }, {
      "d" : "1756459881023625611",
      "t" : 1756459881023,
      "tn" : 1756459881023625611,
      "q" : "0.1",
      "p" : "0.20199",
      "s" : "buy",
      "i" : "MELANIAUSD-PERP",
      "m" : "4611686018428323071"
    }, {
      "d" : "1756459831674320345",
      "t" : 1756459831674,
      "tn" : 1756459831674320345,
      "q" : "0.1",
      "p" : "0.20209",
      "s" : "buy",
      "i" : "MELANIAUSD-PERP",
      "m" : "4611686018428323070"
    }, {
      "d" : "1756459831668693509",
      "t" : 1756459831668,
      "tn" : 1756459831668693509,
      "q" : "0.1",
      "p" : "0.20208",
      "s" : "buy",
      "i" : "MELANIAUSD-PERP",
      "m" : "4611686018428323069"
    }, {
      "d" : "1756459657774960272",
      "t" : 1756459657774,
      "tn" : 1756459657774960272,
      "q" : "0.1",
      "p" : "0.20169",
      "s" : "buy",
      "i" : "MELANIAUSD-PERP",
      "m" : "4611686018428323068"
    }, {
      "d" : "1756459657726105187",
      "t" : 1756459657726,
      "tn" : 1756459657726105187,
      "q" : "0.1",
      "p" : "0.20168",
      "s" : "buy",
      "i" : "MELANIAUSD-PERP",
      "m" : "4611686018428323067"
    }, {
      "d" : "1756459646496559646",
      "t" : 1756459646496,
      "tn" : 1756459646496559646,
      "q" : "0.1",
      "p" : "0.20169",
      "s" : "buy",
      "i" : "MELANIAUSD-PERP",
      "m" : "4611686018428323066"
    }, {
      "d" : "1756459646496557330",
      "t" : 1756459646496,
      "tn" : 1756459646496557330,
      "q" : "0.1",
      "p" : "0.20168",
      "s" : "buy",
      "i" : "MELANIAUSD-PERP",
      "m" : "4611686018428323065"
    }, {
      "d" : "1756459608421262692",
      "t" : 1756459608421,
      "tn" : 1756459608421262692,
      "q" : "0.1",
      "p" : "0.20189",
      "s" : "buy",
      "i" : "MELANIAUSD-PERP",
      "m" : "4611686018428323064"
    }, {
      "d" : "1756459608421260010",
      "t" : 1756459608421,
      "tn" : 1756459608421260010,
      "q" : "0.1",
      "p" : "0.20188",
      "s" : "buy",
      "i" : "MELANIAUSD-PERP",
      "m" : "4611686018428323063"
    }, {
      "d" : "1756459545420671748",
      "t" : 1756459545420,
      "tn" : 1756459545420671748,
      "q" : "0.1",
      "p" : "0.20198",
      "s" : "buy",
      "i" : "MELANIAUSD-PERP",
      "m" : "4611686018428323062"
    }, {
      "d" : "1756459545356700094",
      "t" : 1756459545356,
      "tn" : 1756459545356700094,
      "q" : "0.1",
      "p" : "0.20199",
      "s" : "buy",
      "i" : "MELANIAUSD-PERP",
      "m" : "4611686018428323061"
    }, {
      "d" : "1756459545356556729",
      "t" : 1756459545356,
      "tn" : 1756459545356556729,
      "q" : "0.1",
      "p" : "0.20198",
      "s" : "buy",
      "i" : "MELANIAUSD-PERP",
      "m" : "4611686018428323060"
    }, {
      "d" : "1756459522546231710",
      "t" : 1756459522546,
      "tn" : 1756459522546231710,
      "q" : "0.1",
      "p" : "0.20178",
      "s" : "buy",
      "i" : "MELANIAUSD-PERP",
      "m" : "4611686018428323059"
    }, {
      "d" : "1756459520513908409",
      "t" : 1756459520513,
      "tn" : 1756459520513908409,
      "q" : "0.1",
      "p" : "0.20168",
      "s" : "buy",
      "i" : "MELANIAUSD-PERP",
      "m" : "4611686018428323058"
    }, {
      "d" : "1756459510230892633",
      "t" : 1756459510230,
      "tn" : 1756459510230892633,
      "q" : "0.1",
      "p" : "0.20169",
      "s" : "buy",
      "i" : "MELANIAUSD-PERP",
      "m" : "4611686018428323057"
    }, {
      "d" : "1756459510230890215",
      "t" : 1756459510230,
      "tn" : 1756459510230890215,
      "q" : "0.1",
      "p" : "0.20168",
      "s" : "buy",
      "i" : "MELANIAUSD-PERP",
      "m" : "4611686018428323056"
    }, {
      "d" : "1756459487304794631",
      "t" : 1756459487304,
      "tn" : 1756459487304794631,
      "q" : "0.1",
      "p" : "0.20179",
      "s" : "buy",
      "i" : "MELANIAUSD-PERP",
      "m" : "4611686018428323055"
    }, {
      "d" : "1756459487304792094",
      "t" : 1756459487304,
      "tn" : 1756459487304792094,
      "q" : "0.1",
      "p" : "0.20178",
      "s" : "buy",
      "i" : "MELANIAUSD-PERP",
      "m" : "4611686018428323054"
    }, {
      "d" : "1756459409419589442",
      "t" : 1756459409419,
      "tn" : 1756459409419589442,
      "q" : "0.1",
      "p" : "0.20209",
      "s" : "buy",
      "i" : "MELANIAUSD-PERP",
      "m" : "4611686018428323053"
    }, {
      "d" : "1756459409419582628",
      "t" : 1756459409419,
      "tn" : 1756459409419582628,
      "q" : "0.1",
      "p" : "0.20208",
      "s" : "buy",
      "i" : "MELANIAUSD-PERP",
      "m" : "4611686018428323052"
    }, {
      "d" : "1756459407349387159",
      "t" : 1756459407349,
      "tn" : 1756459407349387159,
      "q" : "0.1",
      "p" : "0.20199",
      "s" : "buy",
      "i" : "MELANIAUSD-PERP",
      "m" : "4611686018428323051"
    }, {
      "d" : "1756459407348447101",
      "t" : 1756459407348,
      "tn" : 1756459407348447101,
      "q" : "0.1",
      "p" : "0.20198",
      "s" : "buy",
      "i" : "MELANIAUSD-PERP",
      "m" : "4611686018428323050"
    }, {
      "d" : "1756459384107432738",
      "t" : 1756459384107,
      "tn" : 1756459384107432738,
      "q" : "0.1",
      "p" : "0.20218",
      "s" : "buy",
      "i" : "MELANIAUSD-PERP",
      "m" : "4611686018428323049"
    }, {
      "d" : "1756459366000409596",
      "t" : 1756459366000,
      "tn" : 1756459366000409596,
      "q" : "0.1",
      "p" : "0.20229",
      "s" : "buy",
      "i" : "MELANIAUSD-PERP",
      "m" : "4611686018428323048"
    }, {
      "d" : "1756459366000266926",
      "t" : 1756459366000,
      "tn" : 1756459366000266926,
      "q" : "0.1",
      "p" : "0.20228",
      "s" : "buy",
      "i" : "MELANIAUSD-PERP",
      "m" : "4611686018428323047"
    }, {
      "d" : "1756459355163523125",
      "t" : 1756459355163,
      "tn" : 1756459355163523125,
      "q" : "0.1",
      "p" : "0.20229",
      "s" : "buy",
      "i" : "MELANIAUSD-PERP",
      "m" : "4611686018428323046"
    }, {
      "d" : "1756459355163328785",
      "t" : 1756459355163,
      "tn" : 1756459355163328785,
      "q" : "0.1",
      "p" : "0.20228",
      "s" : "buy",
      "i" : "MELANIAUSD-PERP",
      "m" : "4611686018428323045"
    }, {
      "d" : "1756459347033991847",
      "t" : 1756459347033,
      "tn" : 1756459347033991847,
      "q" : "0.1",
      "p" : "0.20228",
      "s" : "buy",
      "i" : "MELANIAUSD-PERP",
      "m" : "4611686018428323044"
    }, {
      "d" : "1756459340591810232",
      "t" : 1756459340591,
      "tn" : 1756459340591810232,
      "q" : "0.1",
      "p" : "0.20228",
      "s" : "buy",
      "i" : "MELANIAUSD-PERP",
      "m" : "4611686018428323043"
    }, {
      "d" : "1756459337633198971",
      "t" : 1756459337633,
      "tn" : 1756459337633198971,
      "q" : "0.1",
      "p" : "0.20219",
      "s" : "buy",
      "i" : "MELANIAUSD-PERP",
      "m" : "4611686018428323042"
    }, {
      "d" : "1756459337633196407",
      "t" : 1756459337633,
      "tn" : 1756459337633196407,
      "q" : "0.1",
      "p" : "0.20218",
      "s" : "buy",
      "i" : "MELANIAUSD-PERP",
      "m" : "4611686018428323041"
    }, {
      "d" : "1756459337527824775",
      "t" : 1756459337527,
      "tn" : 1756459337527824775,
      "q" : "0.1",
      "p" : "0.20218",
      "s" : "buy",
      "i" : "MELANIAUSD-PERP",
      "m" : "4611686018428323040"
    }, {
      "d" : "1756459238873612526",
      "t" : 1756459238873,
      "tn" : 1756459238873612526,
      "q" : "0.1",
      "p" : "0.20248",
      "s" : "buy",
      "i" : "MELANIAUSD-PERP",
      "m" : "4611686018428323039"
    }, {
      "d" : "1756459238814181897",
      "t" : 1756459238814,
      "tn" : 1756459238814181897,
      "q" : "0.1",
      "p" : "0.20249",
      "s" : "buy",
      "i" : "MELANIAUSD-PERP",
      "m" : "4611686018428323038"
    }, {
      "d" : "1756459238814037361",
      "t" : 1756459238814,
      "tn" : 1756459238814037361,
      "q" : "0.1",
      "p" : "0.20248",
      "s" : "buy",
      "i" : "MELANIAUSD-PERP",
      "m" : "4611686018428323037"
    }, {
      "d" : "1756459210874996909",
      "t" : 1756459210874,
      "tn" : 1756459210874996909,
      "q" : "0.1",
      "p" : "0.20239",
      "s" : "buy",
      "i" : "MELANIAUSD-PERP",
      "m" : "4611686018428323036"
    }, {
      "d" : "1756459210871019312",
      "t" : 1756459210871,
      "tn" : 1756459210871019312,
      "q" : "0.1",
      "p" : "0.20238",
      "s" : "buy",
      "i" : "MELANIAUSD-PERP",
      "m" : "4611686018428323035"
    }, {
      "d" : "1756459210754310294",
      "t" : 1756459210754,
      "tn" : 1756459210754310294,
      "q" : "0.1",
      "p" : "0.20238",
      "s" : "buy",
      "i" : "MELANIAUSD-PERP",
      "m" : "4611686018428323034"
    }, {
      "d" : "1756459205493733857",
      "t" : 1756459205493,
      "tn" : 1756459205493733857,
      "q" : "0.1",
      "p" : "0.20228",
      "s" : "buy",
      "i" : "MELANIAUSD-PERP",
      "m" : "4611686018428323033"
    }, {
      "d" : "1756459201029472320",
      "t" : 1756459201029,
      "tn" : 1756459201029472320,
      "q" : "0.1",
      "p" : "0.20218",
      "s" : "buy",
      "i" : "MELANIAUSD-PERP",
      "m" : "4611686018428323032"
    }, {
      "d" : "1756459182436915746",
      "t" : 1756459182436,
      "tn" : 1756459182436915746,
      "q" : "495.0",
      "p" : "0.20248",
      "s" : "buy",
      "i" : "MELANIAUSD-PERP",
      "m" : "4611686018428323031"
    }, {
      "d" : "1756459182419726535",
      "t" : 1756459182419,
      "tn" : 1756459182419726535,
      "q" : "1035.0",
      "p" : "0.20235",
      "s" : "buy",
      "i" : "MELANIAUSD-PERP",
      "m" : "4611686018428323030"
    }, {
      "d" : "1756459182419724812",
      "t" : 1756459182419,
      "tn" : 1756459182419724812,
      "q" : "500.0",
      "p" : "0.20234",
      "s" : "buy",
      "i" : "MELANIAUSD-PERP",
      "m" : "4611686018428323029"
    }, {
      "d" : "1756459182419722005",
      "t" : 1756459182419,
      "tn" : 1756459182419722005,
      "q" : "0.1",
      "p" : "0.20219",
      "s" : "buy",
      "i" : "MELANIAUSD-PERP",
      "m" : "4611686018428323028"
    }, {
      "d" : "1756459182419719212",
      "t" : 1756459182419,
      "tn" : 1756459182419719212,
      "q" : "0.1",
      "p" : "0.20218",
      "s" : "buy",
      "i" : "MELANIAUSD-PERP",
      "m" : "4611686018428323027"
    }, {
      "d" : "1756459158079629186",
      "t" : 1756459158079,
      "tn" : 1756459158079629186,
      "q" : "0.1",
      "p" : "0.20179",
      "s" : "buy",
      "i" : "MELANIAUSD-PERP",
      "m" : "4611686018428323026"
    }, {
      "d" : "1756459158079625413",
      "t" : 1756459158079,
      "tn" : 1756459158079625413,
      "q" : "0.1",
      "p" : "0.20178",
      "s" : "buy",
      "i" : "MELANIAUSD-PERP",
      "m" : "4611686018428323025"
    }, {
      "d" : "1756459144802999800",
      "t" : 1756459144802,
      "tn" : 1756459144802999800,
      "q" : "0.1",
      "p" : "0.20159",
      "s" : "buy",
      "i" : "MELANIAUSD-PERP",
      "m" : "4611686018428323024"
    }, {
      "d" : "1756459144802903774",
      "t" : 1756459144802,
      "tn" : 1756459144802903774,
      "q" : "0.1",
      "p" : "0.20158",
      "s" : "buy",
      "i" : "MELANIAUSD-PERP",
      "m" : "4611686018428323023"
    }, {
      "d" : "1756459126203839400",
      "t" : 1756459126203,
      "tn" : 1756459126203839400,
      "q" : "496.5",
      "p" : "0.20179",
      "s" : "buy",
      "i" : "MELANIAUSD-PERP",
      "m" : "4611686018428323022"
    }, {
      "d" : "1756459126198647640",
      "t" : 1756459126198,
      "tn" : 1756459126198647640,
      "q" : "0.1",
      "p" : "0.20159",
      "s" : "buy",
      "i" : "MELANIAUSD-PERP",
      "m" : "4611686018428323021"
    }, {
      "d" : "1756459126198433302",
      "t" : 1756459126198,
      "tn" : 1756459126198433302,
      "q" : "0.1",
      "p" : "0.20158",
      "s" : "buy",
      "i" : "MELANIAUSD-PERP",
      "m" : "4611686018428323020"
    }, {
      "d" : "1756459099742800457",
      "t" : 1756459099742,
      "tn" : 1756459099742800457,
      "q" : "0.1",
      "p" : "0.20148",
      "s" : "buy",
      "i" : "MELANIAUSD-PERP",
      "m" : "4611686018428323019"
    }, {
      "d" : "1756459087463853504",
      "t" : 1756459087463,
      "tn" : 1756459087463853504,
      "q" : "0.1",
      "p" : "0.20138",
      "s" : "buy",
      "i" : "MELANIAUSD-PERP",
      "m" : "4611686018428323018"
    }, {
      "d" : "1756459085380868924",
      "t" : 1756459085380,
      "tn" : 1756459085380868924,
      "q" : "0.1",
      "p" : "0.20128",
      "s" : "buy",
      "i" : "MELANIAUSD-PERP",
      "m" : "4611686018428323017"
    }, {
      "d" : "1756459076665890934",
      "t" : 1756459076665,
      "tn" : 1756459076665890934,
      "q" : "0.1",
      "p" : "0.20108",
      "s" : "buy",
      "i" : "MELANIAUSD-PERP",
      "m" : "4611686018428323016"
    }, {
      "d" : "1756459076626815503",
      "t" : 1756459076626,
      "tn" : 1756459076626815503,
      "q" : "0.1",
      "p" : "0.20109",
      "s" : "buy",
      "i" : "MELANIAUSD-PERP",
      "m" : "4611686018428323015"
    }, {
      "d" : "1756459076601963977",
      "t" : 1756459076601,
      "tn" : 1756459076601963977,
      "q" : "0.1",
      "p" : "0.20108",
      "s" : "buy",
      "i" : "MELANIAUSD-PERP",
      "m" : "4611686018428323014"
    }, {
      "d" : "1756458992456036719",
      "t" : 1756458992456,
      "tn" : 1756458992456036719,
      "q" : "0.1",
      "p" : "0.20109",
      "s" : "buy",
      "i" : "MELANIAUSD-PERP",
      "m" : "4611686018428323013"
    } ]
  }
}