{
  "id" : -1,
  "method" : "public/get-trades",
  "code" : 0,
  "result" : {
    "data" : [ {
      "d" : "1756460900052437924",
      "t" : 1756460900052,
      "tn" : 1756460900052437924,
      "q" : "10.63",
      "p" : "0.20345",
      "s" : "buy",
      "i" : "MELANIA_USD",
      "m" : "4611686018427512466"
    }, {
      "d" : "1756460746312443897",
      "t" : 1756460746312,
      "tn" : 1756460746312443897,
      "q" : "98.69",
      "p" : "0.20265",
      "s" : "sell",
      "i" : "MELANIA_USD",
      "m" : "4611686018427512465"
    }, {
      "d" : "1756460746255525510",
      "t" : 1756460746255,
      "tn" : 1756460746255525510,
      "q" : "1480.38",
      "p" : "0.20265",
      "s" : "sell",
      "i" : "MELANIA_USD",
      "m" : "4611686018427512464"
    }, {
      "d" : "1756460746236556086",
      "t" : 1756460746236,
      "tn" : 1756460746236556086,
      "q" : "300.00",
      "p" : "0.20265",
      "s" : "sell",
      "i" : "MELANIA_USD",
      "m" : "4611686018427512463"
    }, {
      "d" : "1756460746218958620",
      "t" : 1756460746218,
      "tn" : 1756460746218958620,
      "q" : "996.79",
      "p" : "0.20265",
      "s" : "sell",
      "i" : "MELANIA_USD",
      "m" : "4611686018427512462"
    }, {
      "d" : "1756460746215936889",
      "t" : 1756460746215,
      "tn" : 1756460746215936889,
      "q" : "3337.27",
      "p" : "0.20265",
      "s" : "buy",
      "i" : "MELANIA_USD",
      "m" : "4611686018427512461"
    }, {
      "d" : "1756458176853406410",
      "t" : 1756458176853,
      "tn" : 1756458176853406410,
      "q" : "1002.99",
      "p" : "0.19928",
      "s" : "sell",
      "i" : "MELANIA_USD",
      "m" : "4611686018427512460"
    }, {
      "d" : "1756455713011775464",
      "t" : 1756455713011,
      "tn" : 1756455713011775464,
      "q" : "492.84",
      "p" : "0.20360",
      "s" : "buy",
      "i" : "MELANIA_USD",
      "m" : "4611686018427512459"
    }, {
      "d" : "1756455712707033859",
      "t" : 1756455712707,
      "tn" : 1756455712707033859,
      "q" : "493.09",
      "p" : "0.20348",
      "s" : "buy",
      "i" : "MELANIA_USD",
      "m" : "4611686018427512458"
    }, {
      "d" : "1756435847217954086",
      "t" : 1756435847217,
      "tn" : 1756435847217954086,
      "q" : "100.00",
      "p" : "0.20990",
      "s" : "buy",
      "i" : "MELANIA_USD",
      "m" : "4611686018427512457"
    }, {
      "d" : "1756428858094088339",
      "t" : 1756428858094,
      "tn" : 1756428858094088339,
      "q" : "49.74",
      "p" : "0.21006",
      "s" : "sell",
      "i" : "MELANIA_USD",
      "m" : "4611686018427512456"
    }, {
      "d" : "1756408256105168300",
      "t" : 1756408256105,
      "tn" : 1756408256105168300,
      "q" : "5.19",
      "p" : "0.21098",
      "s" : "buy",
      "i" : "MELANIA_USD",
      "m" : "4611686018427512455"
    }, {
      "d" : "1756404624536444114",
      "t" : 1756404624536,
      "tn" : 1756404624536444114,
      "q" : "52.89",
      "p" : "0.20897",
      "s" : "buy",
      "i" : "MELANIA_USD",
      "m" : "4611686018427512454"
    }, {
      "d" : "1756395793516632285",
      "t" : 1756395793516,
      "tn" : 1756395793516632285,
      "q" : "6.00",
      "p" : "0.20898",
      "s" : "sell",
      "i" : "MELANIA_USD",
      "m" : "4611686018427512453"
    }, {
      "d" : "1756395559260132313",
      "t" : 1756395559260,
      "tn" : 1756395559260132313,
      "q" : "6.00",
      "p" : "0.20896",
      "s" : "sell",
      "i" : "MELANIA_USD",
      "m" : "4611686018427512452"
    }, {
      "d" : "1756390980108724004",
      "t" : 1756390980108,
      "tn" : 1756390980108724004,
      "q" : "5.44",
      "p" : "0.21055",
      "s" : "sell",
      "i" : "MELANIA_USD",
      "m" : "4611686018427512451"
    }, {
      "d" : "1756387654669937111",
      "t" : 1756387654669,
      "tn" : 1756387654669937111,
      "q" : "108.72",
      "p" : "0.21177",
      "s" : "buy",
      "i" : "MELANIA_USD",
      "m" : "4611686018427512450"
    }, {
      "d" : "1756383374361395828",
      "t" : 1756383374361,
      "tn" : 1756383374361395828,
      "q" : "69.43",
      "p" : "0.20995",
      "s" : "sell",
      "i" : "MELANIA_USD",
      "m" : "4611686018427512449"
    }, {
      "d" : "1756383374361393822",
      "t" : 1756383374361,
      "tn" : 1756383374361393822,
      "q" : "110.32",
      "p" : "0.20996",
      "s" : "sell",
      "i" : "MELANIA_USD",
      "m" : "4611686018427512448"
    }, {
      "d" : "1756376424742218411",
      "t" : 1756376424742,
      "tn" : 1756376424742218411,
      "q" : "7.48",
      "p" : "0.20926",
      "s" : "sell",
      "i" : "MELANIA_USD",
      "m" : "4611686018427512447"
    }, {
      "d" : "1756376325560055440",
      "t" : 1756376325560,
      "tn" : 1756376325560055440,
      "q" : "10.07",
      "p" : "0.20946",
      "s" : "sell",
      "i" : "MELANIA_USD",
      "m" : "4611686018427512446"
    } ]
  }
}