{
  "id" : -1,
  "method" : "public/get-trades",
  "code" : 0,
  "result" : {
    "data" : [ {
      "d" : "1756453619459158820",
      "t" : 1756453619459,
      "tn" : 1756453619459158820,
      "q" : "1570000",
      "p" : "0.000023878",
      "s" : "sell",
      "i" : "MERY_USD",
      "m" : "4611686018427398868"
    }, {
      "d" : "1756453619459156842",
      "t" : 1756453619459,
      "tn" : 1756453619459156842,
      "q" : "420000",
      "p" : "0.000023879",
      "s" : "sell",
      "i" : "MERY_USD",
      "m" : "4611686018427398867"
    }, {
      "d" : "1756447874097484901",
      "t" : 1756447874097,
      "tn" : 1756447874097484901,
      "q" : "160000",
      "p" : "0.000025713",
      "s" : "sell",
      "i" : "MERY_USD",
      "m" : "4611686018427398866"
    }, {
      "d" : "1756418746182824322",
      "t" : 1756418746182,
      "tn" : 1756418746182824322,
      "q" : "40000",
      "p" : "0.000026280",
      "s" : "buy",
      "i" : "MERY_USD",
      "m" : "4611686018427398865"
    }, {
      "d" : "1756416654508829497",
      "t" : 1756416654508,
      "tn" : 1756416654508829497,
      "q" : "11150000",
      "p" : "0.000025685",
      "s" : "buy",
      "i" : "MERY_USD",
      "m" : "4611686018427398864"
    }, {
      "d" : "1756416654508826635",
      "t" : 1756416654508,
      "tn" : 1756416654508826635,
      "q" : "400000",
      "p" : "0.000025684",
      "s" : "buy",
      "i" : "MERY_USD",
      "m" : "4611686018427398863"
    }, {
      "d" : "1756413797862553423",
      "t" : 1756413797862,
      "tn" : 1756413797862553423,
      "q" : "1000000",
      "p" : "0.000026061",
      "s" : "buy",
      "i" : "MERY_USD",
      "m" : "4611686018427398862"
    }, {
      "d" : "1756406550571140219",
      "t" : 1756406550571,
      "tn" : 1756406550571140219,
      "q" : "450000",
      "p" : "0.000025568",
      "s" : "sell",
      "i" : "MERY_USD",
      "m" : "4611686018427398861"
    }, {
      "d" : "1756405529021823816",
      "t" : 1756405529021,
      "tn" : 1756405529021823816,
      "q" : "940000",
      "p" : "0.000025164",
      "s" : "sell",
      "i" : "MERY_USD",
      "m" : "4611686018427398860"
    }, {
      "d" : "1756402928931911111",
      "t" : 1756402928931,
      "tn" : 1756402928931911111,
      "q" : "250000",
      "p" : "0.000025345",
      "s" : "buy",
      "i" : "MERY_USD",
      "m" : "4611686018427398859"
    }, {
      "d" : "1756402784890456015",
      "t" : 1756402784890,
      "tn" : 1756402784890456015,
      "q" : "280000",
      "p" : "0.000024650",
      "s" : "buy",
      "i" : "MERY_USD",
      "m" : "4611686018427398858"
    }, {
      "d" : "1756402147148068422",
      "t" : 1756402147148,
      "tn" : 1756402147148068422,
      "q" : "50000",
      "p" : "0.000024650",
      "s" : "buy",
      "i" : "MERY_USD",
      "m" : "4611686018427398857"
    }, {
      "d" : "1756401581191098730",
      "t" : 1756401581191,
      "tn" : 1756401581191098730,
      "q" : "6070000",
      "p" : "0.000023675",
      "s" : "sell",
      "i" : "MERY_USD",
      "m" : "4611686018427398856"
    }, {
      "d" : "1756399510595233577",
      "t" : 1756399510595,
      "tn" : 1756399510595233577,
      "q" : "1410000",
      "p" : "0.000024650",
      "s" : "sell",
      "i" : "MERY_USD",
      "m" : "4611686018427398855"
    }, {
      "d" : "1756399510595232231",
      "t" : 1756399510595,
      "tn" : 1756399510595232231,
      "q" : "11150000",
      "p" : "0.000024714",
      "s" : "sell",
      "i" : "MERY_USD",
      "m" : "4611686018427398854"
    }, {
      "d" : "1756399510595230702",
      "t" : 1756399510595,
      "tn" : 1756399510595230702,
      "q" : "11150000",
      "p" : "0.000024789",
      "s" : "sell",
      "i" : "MERY_USD",
      "m" : "4611686018427398853"
    }, {
      "d" : "1756399500873702346",
      "t" : 1756399500873,
      "tn" : 1756399500873702346,
      "q" : "9440000",
      "p" : "0.000025015",
      "s" : "sell",
      "i" : "MERY_USD",
      "m" : "4611686018427398852"
    }, {
      "d" : "1756399500873700707",
      "t" : 1756399500873,
      "tn" : 1756399500873700707,
      "q" : "25110000",
      "p" : "0.000025700",
      "s" : "sell",
      "i" : "MERY_USD",
      "m" : "4611686018427398851"
    }, {
      "d" : "1756399500873698015",
      "t" : 1756399500873,
      "tn" : 1756399500873698015,
      "q" : "820000",
      "p" : "0.000025800",
      "s" : "sell",
      "i" : "MERY_USD",
      "m" : "4611686018427398850"
    }, {
      "d" : "1756399491339476149",
      "t" : 1756399491339,
      "tn" : 1756399491339476149,
      "q" : "17650000",
      "p" : "0.000025800",
      "s" : "sell",
      "i" : "MERY_USD",
      "m" : "4611686018427398849"
    }, {
      "d" : "1756399358235422876",
      "t" : 1756399358235,
      "tn" : 1756399358235422876,
      "q" : "3520000",
      "p" : "0.000025800",
      "s" : "sell",
      "i" : "MERY_USD",
      "m" : "4611686018427398848"
    }, {
      "d" : "1756399350566198018",
      "t" : 1756399350566,
      "tn" : 1756399350566198018,
      "q" : "1630000",
      "p" : "0.000025800",
      "s" : "sell",
      "i" : "MERY_USD",
      "m" : "4611686018427398847"
    }, {
      "d" : "1756399350566196269",
      "t" : 1756399350566,
      "tn" : 1756399350566196269,
      "q" : "4220000",
      "p" : "0.000026011",
      "s" : "sell",
      "i" : "MERY_USD",
      "m" : "4611686018427398846"
    }, {
      "d" : "1756399342957013243",
      "t" : 1756399342957,
      "tn" : 1756399342957013243,
      "q" : "2340000",
      "p" : "0.000026011",
      "s" : "sell",
      "i" : "MERY_USD",
      "m" : "4611686018427398845"
    }, {
      "d" : "1756399307938336256",
      "t" : 1756399307938,
      "tn" : 1756399307938336256,
      "q" : "2340000",
      "p" : "0.000026011",
      "s" : "sell",
      "i" : "MERY_USD",
      "m" : "4611686018427398844"
    }, {
      "d" : "1756394093938195794",
      "t" : 1756394093938,
      "tn" : 1756394093938195794,
      "q" : "1260000",
      "p" : "0.000025800",
      "s" : "sell",
      "i" : "MERY_USD",
      "m" : "4611686018427398843"
    }, {
      "d" : "1756394028365591683",
      "t" : 1756394028365,
      "tn" : 1756394028365591683,
      "q" : "23610000",
      "p" : "0.000025800",
      "s" : "sell",
      "i" : "MERY_USD",
      "m" : "4611686018427398842"
    }, {
      "d" : "1756394020739868293",
      "t" : 1756394020739,
      "tn" : 1756394020739868293,
      "q" : "23580000",
      "p" : "0.000025800",
      "s" : "sell",
      "i" : "MERY_USD",
      "m" : "4611686018427398841"
    }, {
      "d" : "1756394011023370403",
      "t" : 1756394011023,
      "tn" : 1756394011023370403,
      "q" : "2950000",
      "p" : "0.000025800",
      "s" : "sell",
      "i" : "MERY_USD",
      "m" : "4611686018427398840"
    }, {
      "d" : "1756394011023368480",
      "t" : 1756394011023,
      "tn" : 1756394011023368480,
      "q" : "580000",
      "p" : "0.000025900",
      "s" : "sell",
      "i" : "MERY_USD",
      "m" : "4611686018427398839"
    }, {
      "d" : "1756394003418728605",
      "t" : 1756394003418,
      "tn" : 1756394003418728605,
      "q" : "3540000",
      "p" : "0.000025900",
      "s" : "sell",
      "i" : "MERY_USD",
      "m" : "4611686018427398838"
    }, {
      "d" : "1756393995769845297",
      "t" : 1756393995769,
      "tn" : 1756393995769845297,
      "q" : "5890000",
      "p" : "0.000025900",
      "s" : "sell",
      "i" : "MERY_USD",
      "m" : "4611686018427398837"
    }, {
      "d" : "1756393984636659646",
      "t" : 1756393984636,
      "tn" : 1756393984636659646,
      "q" : "35390000",
      "p" : "0.000025900",
      "s" : "sell",
      "i" : "MERY_USD",
      "m" : "4611686018427398836"
    }, {
      "d" : "1756393975493095391",
      "t" : 1756393975493,
      "tn" : 1756393975493095391,
      "q" : "5890000",
      "p" : "0.000025900",
      "s" : "sell",
      "i" : "MERY_USD",
      "m" : "4611686018427398835"
    }, {
      "d" : "1756393975172373095",
      "t" : 1756393975172,
      "tn" : 1756393975172373095,
      "q" : "390000",
      "p" : "0.000025901",
      "s" : "sell",
      "i" : "MERY_USD",
      "m" : "4611686018427398834"
    }, {
      "d" : "1756393966722528564",
      "t" : 1756393966722,
      "tn" : 1756393966722528564,
      "q" : "5890000",
      "p" : "0.000025900",
      "s" : "sell",
      "i" : "MERY_USD",
      "m" : "4611686018427398833"
    }, {
      "d" : "1756393913087044038",
      "t" : 1756393913087,
      "tn" : 1756393913087044038,
      "q" : "35300000",
      "p" : "0.000025900",
      "s" : "sell",
      "i" : "MERY_USD",
      "m" : "4611686018427398832"
    }, {
      "d" : "1756393899511916596",
      "t" : 1756393899511,
      "tn" : 1756393899511916596,
      "q" : "5870000",
      "p" : "0.000025900",
      "s" : "sell",
      "i" : "MERY_USD",
      "m" : "4611686018427398831"
    }, {
      "d" : "1756393829247622008",
      "t" : 1756393829247,
      "tn" : 1756393829247622008,
      "q" : "1290000",
      "p" : "0.000025900",
      "s" : "sell",
      "i" : "MERY_USD",
      "m" : "4611686018427398830"
    }, {
      "d" : "1756393829247619842",
      "t" : 1756393829247,
      "tn" : 1756393829247619842,
      "q" : "280000",
      "p" : "0.000026025",
      "s" : "sell",
      "i" : "MERY_USD",
      "m" : "4611686018427398829"
    }, {
      "d" : "1756393821670026276",
      "t" : 1756393821670,
      "tn" : 1756393821670026276,
      "q" : "1570000",
      "p" : "0.000026025",
      "s" : "sell",
      "i" : "MERY_USD",
      "m" : "4611686018427398828"
    }, {
      "d" : "1756393811008675170",
      "t" : 1756393811008,
      "tn" : 1756393811008675170,
      "q" : "3520000",
      "p" : "0.000026025",
      "s" : "sell",
      "i" : "MERY_USD",
      "m" : "4611686018427398827"
    }, {
      "d" : "1756393793818213210",
      "t" : 1756393793818,
      "tn" : 1756393793818213210,
      "q" : "23410000",
      "p" : "0.000026025",
      "s" : "sell",
      "i" : "MERY_USD",
      "m" : "4611686018427398826"
    }, {
      "d" : "1756393755334691402",
      "t" : 1756393755334,
      "tn" : 1756393755334691402,
      "q" : "35000000",
      "p" : "0.000026025",
      "s" : "sell",
      "i" : "MERY_USD",
      "m" : "4611686018427398825"
    }, {
      "d" : "1756393746689199460",
      "t" : 1756393746689,
      "tn" : 1756393746689199460,
      "q" : "2320000",
      "p" : "0.000026025",
      "s" : "sell",
      "i" : "MERY_USD",
      "m" : "4611686018427398824"
    }, {
      "d" : "1756391435633287301",
      "t" : 1756391435633,
      "tn" : 1756391435633287301,
      "q" : "2790000",
      "p" : "0.000027186",
      "s" : "sell",
      "i" : "MERY_USD",
      "m" : "4611686018427398823"
    }, {
      "d" : "1756389850274466930",
      "t" : 1756389850274,
      "tn" : 1756389850274466930,
      "q" : "2780000",
      "p" : "0.000027490",
      "s" : "sell",
      "i" : "MERY_USD",
      "m" : "4611686018427398822"
    }, {
      "d" : "1756389574365036954",
      "t" : 1756389574365,
      "tn" : 1756389574365036954,
      "q" : "2870000",
      "p" : "0.000028171",
      "s" : "buy",
      "i" : "MERY_USD",
      "m" : "4611686018427398821"
    }, {
      "d" : "1756389574365034759",
      "t" : 1756389574365,
      "tn" : 1756389574365034759,
      "q" : "11150000",
      "p" : "0.000028112",
      "s" : "buy",
      "i" : "MERY_USD",
      "m" : "4611686018427398820"
    }, {
      "d" : "1756389574365031634",
      "t" : 1756389574365,
      "tn" : 1756389574365031634,
      "q" : "11150000",
      "p" : "0.000028029",
      "s" : "buy",
      "i" : "MERY_USD",
      "m" : "4611686018427398819"
    }, {
      "d" : "1756388618395519386",
      "t" : 1756388618395,
      "tn" : 1756388618395519386,
      "q" : "9360000",
      "p" : "0.000028875",
      "s" : "sell",
      "i" : "MERY_USD",
      "m" : "4611686018427398818"
    }, {
      "d" : "1756388618395517721",
      "t" : 1756388618395,
      "tn" : 1756388618395517721,
      "q" : "340000",
      "p" : "0.000030233",
      "s" : "sell",
      "i" : "MERY_USD",
      "m" : "4611686018427398817"
    }, {
      "d" : "1756388618395514465",
      "t" : 1756388618395,
      "tn" : 1756388618395514465,
      "q" : "640000",
      "p" : "0.000030800",
      "s" : "sell",
      "i" : "MERY_USD",
      "m" : "4611686018427398816"
    }, {
      "d" : "1756388086511983184",
      "t" : 1756388086511,
      "tn" : 1756388086511983184,
      "q" : "310000",
      "p" : "0.000031248",
      "s" : "sell",
      "i" : "MERY_USD",
      "m" : "4611686018427398815"
    }, {
      "d" : "1756387031458481706",
      "t" : 1756387031458,
      "tn" : 1756387031458481706,
      "q" : "6280000",
      "p" : "0.000030940",
      "s" : "sell",
      "i" : "MERY_USD",
      "m" : "4611686018427398814"
    }, {
      "d" : "1756387031458480061",
      "t" : 1756387031458,
      "tn" : 1756387031458480061,
      "q" : "11150000",
      "p" : "0.000030945",
      "s" : "sell",
      "i" : "MERY_USD",
      "m" : "4611686018427398813"
    }, {
      "d" : "1756387031458477252",
      "t" : 1756387031458,
      "tn" : 1756387031458477252,
      "q" : "11150000",
      "p" : "0.000031040",
      "s" : "sell",
      "i" : "MERY_USD",
      "m" : "4611686018427398812"
    }, {
      "d" : "1756386440562510962",
      "t" : 1756386440562,
      "tn" : 1756386440562510962,
      "q" : "350000",
      "p" : "0.000033085",
      "s" : "buy",
      "i" : "MERY_USD",
      "m" : "4611686018427398811"
    }, {
      "d" : "1756386440562509350",
      "t" : 1756386440562,
      "tn" : 1756386440562509350,
      "q" : "4250000",
      "p" : "0.000032400",
      "s" : "buy",
      "i" : "MERY_USD",
      "m" : "4611686018427398810"
    }, {
      "d" : "1756386432357950422",
      "t" : 1756386432357,
      "tn" : 1756386432357950422,
      "q" : "4600000",
      "p" : "0.000032400",
      "s" : "buy",
      "i" : "MERY_USD",
      "m" : "4611686018427398809"
    }, {
      "d" : "1756386423632175994",
      "t" : 1756386423632,
      "tn" : 1756386423632175994,
      "q" : "11150000",
      "p" : "0.000032452",
      "s" : "sell",
      "i" : "MERY_USD",
      "m" : "4611686018427398808"
    }, {
      "d" : "1756384371389166465",
      "t" : 1756384371389,
      "tn" : 1756384371389166465,
      "q" : "2180000",
      "p" : "0.000032388",
      "s" : "buy",
      "i" : "MERY_USD",
      "m" : "4611686018427398807"
    }, {
      "d" : "1756384247395330659",
      "t" : 1756384247395,
      "tn" : 1756384247395330659,
      "q" : "11960000",
      "p" : "0.000032505",
      "s" : "buy",
      "i" : "MERY_USD",
      "m" : "4611686018427398806"
    }, {
      "d" : "1756384247395328504",
      "t" : 1756384247395,
      "tn" : 1756384247395328504,
      "q" : "9860000",
      "p" : "0.000032470",
      "s" : "buy",
      "i" : "MERY_USD",
      "m" : "4611686018427398805"
    }, {
      "d" : "1756384247395325744",
      "t" : 1756384247395,
      "tn" : 1756384247395325744,
      "q" : "11150000",
      "p" : "0.000032342",
      "s" : "buy",
      "i" : "MERY_USD",
      "m" : "4611686018427398804"
    }, {
      "d" : "1756384247395322950",
      "t" : 1756384247395,
      "tn" : 1756384247395322950,
      "q" : "12820000",
      "p" : "0.000032308",
      "s" : "buy",
      "i" : "MERY_USD",
      "m" : "4611686018427398803"
    }, {
      "d" : "1756384247395320035",
      "t" : 1756384247395,
      "tn" : 1756384247395320035,
      "q" : "11150000",
      "p" : "0.000032246",
      "s" : "buy",
      "i" : "MERY_USD",
      "m" : "4611686018427398802"
    }, {
      "d" : "1756383228663567676",
      "t" : 1756383228663,
      "tn" : 1756383228663567676,
      "q" : "1890000",
      "p" : "0.000032339",
      "s" : "sell",
      "i" : "MERY_USD",
      "m" : "4611686018427398801"
    }, {
      "d" : "1756382948790930043",
      "t" : 1756382948790,
      "tn" : 1756382948790930043,
      "q" : "11150000",
      "p" : "0.000033194",
      "s" : "buy",
      "i" : "MERY_USD",
      "m" : "4611686018427398800"
    }, {
      "d" : "1756382387365520953",
      "t" : 1756382387365,
      "tn" : 1756382387365520953,
      "q" : "3050000",
      "p" : "0.000032497",
      "s" : "buy",
      "i" : "MERY_USD",
      "m" : "4611686018427398799"
    }, {
      "d" : "1756382387365519272",
      "t" : 1756382387365,
      "tn" : 1756382387365519272,
      "q" : "11150000",
      "p" : "0.000032376",
      "s" : "buy",
      "i" : "MERY_USD",
      "m" : "4611686018427398798"
    }, {
      "d" : "1756382377696751889",
      "t" : 1756382377696,
      "tn" : 1756382377696751889,
      "q" : "1660000",
      "p" : "0.000032400",
      "s" : "buy",
      "i" : "MERY_USD",
      "m" : "4611686018427398797"
    }, {
      "d" : "1756382377696749733",
      "t" : 1756382377696,
      "tn" : 1756382377696749733,
      "q" : "1880000",
      "p" : "0.000032000",
      "s" : "buy",
      "i" : "MERY_USD",
      "m" : "4611686018427398796"
    }, {
      "d" : "1756382377696746078",
      "t" : 1756382377696,
      "tn" : 1756382377696746078,
      "q" : "15440000",
      "p" : "0.000031470",
      "s" : "buy",
      "i" : "MERY_USD",
      "m" : "4611686018427398795"
    }, {
      "d" : "1756382361850515732",
      "t" : 1756382361850,
      "tn" : 1756382361850515732,
      "q" : "4760000",
      "p" : "0.000031470",
      "s" : "buy",
      "i" : "MERY_USD",
      "m" : "4611686018427398794"
    }, {
      "d" : "1756382229053161076",
      "t" : 1756382229053,
      "tn" : 1756382229053161076,
      "q" : "210000",
      "p" : "0.000031300",
      "s" : "sell",
      "i" : "MERY_USD",
      "m" : "4611686018427398793"
    }, {
      "d" : "1756379389326457206",
      "t" : 1756379389326,
      "tn" : 1756379389326457206,
      "q" : "340000",
      "p" : "0.000031250",
      "s" : "sell",
      "i" : "MERY_USD",
      "m" : "4611686018427398792"
    } ]
  }
}