{
  "id" : -1,
  "method" : "public/get-trades",
  "code" : 0,
  "result" : {
    "data" : [ {
      "d" : "1756459414708946949",
      "t" : 1756459414708,
      "tn" : 1756459414708946949,
      "q" : "4.06",
      "p" : "15.893",
      "s" : "sell",
      "i" : "METIS_USD",
      "m" : "4611686018430117535"
    }, {
      "d" : "1756459414703787125",
      "t" : 1756459414703,
      "tn" : 1756459414703787125,
      "q" : "2.00",
      "p" : "15.893",
      "s" : "buy",
      "i" : "METIS_USD",
      "m" : "4611686018430117534"
    }, {
      "d" : "1756458256578062438",
      "t" : 1756458256578,
      "tn" : 1756458256578062438,
      "q" : "8.16",
      "p" : "15.700",
      "s" : "sell",
      "i" : "METIS_USD",
      "m" : "4611686018430117533"
    }, {
      "d" : "1756457859912011110",
      "t" : 1756457859912,
      "tn" : 1756457859912011110,
      "q" : "2.00",
      "p" : "15.764",
      "s" : "sell",
      "i" : "METIS_USD",
      "m" : "4611686018430117532"
    }, {
      "d" : "1756455720075136175",
      "t" : 1756455720075,
      "tn" : 1756455720075136175,
      "q" : "6.00",
      "p" : "16.019",
      "s" : "buy",
      "i" : "METIS_USD",
      "m" : "4611686018430117531"
    }, {
      "d" : "1756455320311729566",
      "t" : 1756455320311,
      "tn" : 1756455320311729566,
      "q" : "0.91",
      "p" : "15.930",
      "s" : "buy",
      "i" : "METIS_USD",
      "m" : "4611686018430117530"
    }, {
      "d" : "1756455237861872411",
      "t" : 1756455237861,
      "tn" : 1756455237861872411,
      "q" : "2.00",
      "p" : "15.929",
      "s" : "buy",
      "i" : "METIS_USD",
      "m" : "4611686018430117529"
    }, {
      "d" : "1756455032529151373",
      "t" : 1756455032529,
      "tn" : 1756455032529151373,
      "q" : "1.08",
      "p" : "15.927",
      "s" : "sell",
      "i" : "METIS_USD",
      "m" : "4611686018430117528"
    }, {
      "d" : "1756454712537656590",
      "t" : 1756454712537,
      "tn" : 1756454712537656590,
      "q" : "0.92",
      "p" : "15.970",
      "s" : "sell",
      "i" : "METIS_USD",
      "m" : "4611686018430117527"
    }, {
      "d" : "1756450897819032629",
      "t" : 1756450897819,
      "tn" : 1756450897819032629,
      "q" : "13.60",
      "p" : "16.324",
      "s" : "sell",
      "i" : "METIS_USD",
      "m" : "4611686018430117526"
    }, {
      "d" : "1756450897807178746",
      "t" : 1756450897807,
      "tn" : 1756450897807178746,
      "q" : "17.61",
      "p" : "16.324",
      "s" : "sell",
      "i" : "METIS_USD",
      "m" : "4611686018430117525"
    }, {
      "d" : "1756450897807176686",
      "t" : 1756450897807,
      "tn" : 1756450897807176686,
      "q" : "7.13",
      "p" : "16.325",
      "s" : "sell",
      "i" : "METIS_USD",
      "m" : "4611686018430117524"
    }, {
      "d" : "1756449604359762371",
      "t" : 1756449604359,
      "tn" : 1756449604359762371,
      "q" : "39.21",
      "p" : "16.240",
      "s" : "sell",
      "i" : "METIS_USD",
      "m" : "4611686018430117523"
    }, {
      "d" : "1756448241833046834",
      "t" : 1756448241833,
      "tn" : 1756448241833046834,
      "q" : "0.92",
      "p" : "16.487",
      "s" : "sell",
      "i" : "METIS_USD",
      "m" : "4611686018430117522"
    }, {
      "d" : "1756447379618032412",
      "t" : 1756447379618,
      "tn" : 1756447379618032412,
      "q" : "35.37",
      "p" : "16.587",
      "s" : "sell",
      "i" : "METIS_USD",
      "m" : "4611686018430117521"
    }, {
      "d" : "1756447379614153878",
      "t" : 1756447379614,
      "tn" : 1756447379614153878,
      "q" : "34.82",
      "p" : "16.587",
      "s" : "sell",
      "i" : "METIS_USD",
      "m" : "4611686018430117520"
    }, {
      "d" : "1756445104243777510",
      "t" : 1756445104243,
      "tn" : 1756445104243777510,
      "q" : "1.32",
      "p" : "16.651",
      "s" : "sell",
      "i" : "METIS_USD",
      "m" : "4611686018430117519"
    }, {
      "d" : "1756444851762002753",
      "t" : 1756444851762,
      "tn" : 1756444851762002753,
      "q" : "1.32",
      "p" : "16.740",
      "s" : "buy",
      "i" : "METIS_USD",
      "m" : "4611686018430117518"
    }, {
      "d" : "1756443812760232365",
      "t" : 1756443812760,
      "tn" : 1756443812760232365,
      "q" : "1.35",
      "p" : "16.702",
      "s" : "sell",
      "i" : "METIS_USD",
      "m" : "4611686018430117517"
    }, {
      "d" : "1756443393649406712",
      "t" : 1756443393649,
      "tn" : 1756443393649406712,
      "q" : "1.35",
      "p" : "16.756",
      "s" : "buy",
      "i" : "METIS_USD",
      "m" : "4611686018430117516"
    }, {
      "d" : "1756439128106565174",
      "t" : 1756439128106,
      "tn" : 1756439128106565174,
      "q" : "2.00",
      "p" : "16.776",
      "s" : "sell",
      "i" : "METIS_USD",
      "m" : "4611686018430117515"
    }, {
      "d" : "1756439128067869256",
      "t" : 1756439128067,
      "tn" : 1756439128067869256,
      "q" : "3.83",
      "p" : "16.774",
      "s" : "sell",
      "i" : "METIS_USD",
      "m" : "4611686018430117514"
    }, {
      "d" : "1756437735611101646",
      "t" : 1756437735611,
      "tn" : 1756437735611101646,
      "q" : "1.11",
      "p" : "16.785",
      "s" : "buy",
      "i" : "METIS_USD",
      "m" : "4611686018430117513"
    }, {
      "d" : "1756437735598427090",
      "t" : 1756437735598,
      "tn" : 1756437735598427090,
      "q" : "2.00",
      "p" : "16.784",
      "s" : "buy",
      "i" : "METIS_USD",
      "m" : "4611686018430117512"
    }, {
      "d" : "1756436270513036514",
      "t" : 1756436270513,
      "tn" : 1756436270513036514,
      "q" : "37.84",
      "p" : "16.783",
      "s" : "buy",
      "i" : "METIS_USD",
      "m" : "4611686018430117511"
    }, {
      "d" : "1756436270437846360",
      "t" : 1756436270437,
      "tn" : 1756436270437846360,
      "q" : "2.83",
      "p" : "16.779",
      "s" : "buy",
      "i" : "METIS_USD",
      "m" : "4611686018430117510"
    }, {
      "d" : "1756429634104479544",
      "t" : 1756429634104,
      "tn" : 1756429634104479544,
      "q" : "0.39",
      "p" : "16.710",
      "s" : "buy",
      "i" : "METIS_USD",
      "m" : "4611686018430117509"
    }, {
      "d" : "1756429634101660000",
      "t" : 1756429634101,
      "tn" : 1756429634101660000,
      "q" : "2.44",
      "p" : "16.710",
      "s" : "sell",
      "i" : "METIS_USD",
      "m" : "4611686018430117508"
    }, {
      "d" : "1756429572584473362",
      "t" : 1756429572584,
      "tn" : 1756429572584473362,
      "q" : "0.50",
      "p" : "16.788",
      "s" : "buy",
      "i" : "METIS_USD",
      "m" : "4611686018430117507"
    }, {
      "d" : "1756429572582532236",
      "t" : 1756429572582,
      "tn" : 1756429572582532236,
      "q" : "2.33",
      "p" : "16.788",
      "s" : "sell",
      "i" : "METIS_USD",
      "m" : "4611686018430117506"
    }, {
      "d" : "1756429512244747469",
      "t" : 1756429512244,
      "tn" : 1756429512244747469,
      "q" : "2.83",
      "p" : "16.814",
      "s" : "sell",
      "i" : "METIS_USD",
      "m" : "4611686018430117505"
    }, {
      "d" : "1756429452606602164",
      "t" : 1756429452606,
      "tn" : 1756429452606602164,
      "q" : "0.37",
      "p" : "16.836",
      "s" : "buy",
      "i" : "METIS_USD",
      "m" : "4611686018430117504"
    }, {
      "d" : "1756429452603836785",
      "t" : 1756429452603,
      "tn" : 1756429452603836785,
      "q" : "2.46",
      "p" : "16.836",
      "s" : "sell",
      "i" : "METIS_USD",
      "m" : "4611686018430117503"
    }, {
      "d" : "1756429392349796430",
      "t" : 1756429392349,
      "tn" : 1756429392349796430,
      "q" : "0.24",
      "p" : "16.898",
      "s" : "buy",
      "i" : "METIS_USD",
      "m" : "4611686018430117502"
    }, {
      "d" : "1756429392348927941",
      "t" : 1756429392348,
      "tn" : 1756429392348927941,
      "q" : "2.33",
      "p" : "16.898",
      "s" : "sell",
      "i" : "METIS_USD",
      "m" : "4611686018430117501"
    }, {
      "d" : "1756427430211119778",
      "t" : 1756427430211,
      "tn" : 1756427430211119778,
      "q" : "2.00",
      "p" : "16.874",
      "s" : "sell",
      "i" : "METIS_USD",
      "m" : "4611686018430117500"
    }, {
      "d" : "1756427351676709023",
      "t" : 1756427351676,
      "tn" : 1756427351676709023,
      "q" : "30.00",
      "p" : "16.974",
      "s" : "buy",
      "i" : "METIS_USD",
      "m" : "4611686018430117499"
    }, {
      "d" : "1756427179587587444",
      "t" : 1756427179587,
      "tn" : 1756427179587587444,
      "q" : "5.07",
      "p" : "16.958",
      "s" : "buy",
      "i" : "METIS_USD",
      "m" : "4611686018430117498"
    }, {
      "d" : "1756427179587584776",
      "t" : 1756427179587,
      "tn" : 1756427179587584776,
      "q" : "2.00",
      "p" : "16.957",
      "s" : "buy",
      "i" : "METIS_USD",
      "m" : "4611686018430117497"
    }, {
      "d" : "1756426680223624355",
      "t" : 1756426680223,
      "tn" : 1756426680223624355,
      "q" : "2.40",
      "p" : "16.875",
      "s" : "sell",
      "i" : "METIS_USD",
      "m" : "4611686018430117496"
    }, {
      "d" : "1756426680053324011",
      "t" : 1756426680053,
      "tn" : 1756426680053324011,
      "q" : "2.42",
      "p" : "16.875",
      "s" : "sell",
      "i" : "METIS_USD",
      "m" : "4611686018430117495"
    }, {
      "d" : "1756426680051195513",
      "t" : 1756426680051,
      "tn" : 1756426680051195513,
      "q" : "2.41",
      "p" : "16.875",
      "s" : "sell",
      "i" : "METIS_USD",
      "m" : "4611686018430117494"
    }, {
      "d" : "1756426679997215388",
      "t" : 1756426679997,
      "tn" : 1756426679997215388,
      "q" : "21.86",
      "p" : "16.875",
      "s" : "sell",
      "i" : "METIS_USD",
      "m" : "4611686018430117493"
    }, {
      "d" : "1756426679937101914",
      "t" : 1756426679937,
      "tn" : 1756426679937101914,
      "q" : "45.29",
      "p" : "16.875",
      "s" : "sell",
      "i" : "METIS_USD",
      "m" : "4611686018430117492"
    }, {
      "d" : "1756426679937063222",
      "t" : 1756426679937,
      "tn" : 1756426679937063222,
      "q" : "0.91",
      "p" : "16.875",
      "s" : "sell",
      "i" : "METIS_USD",
      "m" : "4611686018430117491"
    }, {
      "d" : "1756426679705240121",
      "t" : 1756426679705,
      "tn" : 1756426679705240121,
      "q" : "22.96",
      "p" : "16.908",
      "s" : "sell",
      "i" : "METIS_USD",
      "m" : "4611686018430117490"
    }, {
      "d" : "1756426679704343547",
      "t" : 1756426679704,
      "tn" : 1756426679704343547,
      "q" : "36.20",
      "p" : "16.908",
      "s" : "sell",
      "i" : "METIS_USD",
      "m" : "4611686018430117489"
    }, {
      "d" : "1756426676018525219",
      "t" : 1756426676018,
      "tn" : 1756426676018525219,
      "q" : "63.14",
      "p" : "16.908",
      "s" : "sell",
      "i" : "METIS_USD",
      "m" : "4611686018430117488"
    }, {
      "d" : "1756426223369419499",
      "t" : 1756426223369,
      "tn" : 1756426223369419499,
      "q" : "0.91",
      "p" : "17.010",
      "s" : "buy",
      "i" : "METIS_USD",
      "m" : "4611686018430117487"
    }, {
      "d" : "1756425318009458934",
      "t" : 1756425318009,
      "tn" : 1756425318009458934,
      "q" : "0.91",
      "p" : "16.910",
      "s" : "buy",
      "i" : "METIS_USD",
      "m" : "4611686018430117486"
    }, {
      "d" : "1756425298757009127",
      "t" : 1756425298757,
      "tn" : 1756425298757009127,
      "q" : "110.95",
      "p" : "16.891",
      "s" : "buy",
      "i" : "METIS_USD",
      "m" : "4611686018430117485"
    }, {
      "d" : "1756425298757006031",
      "t" : 1756425298757,
      "tn" : 1756425298757006031,
      "q" : "4.16",
      "p" : "16.890",
      "s" : "buy",
      "i" : "METIS_USD",
      "m" : "4611686018430117484"
    }, {
      "d" : "1756425295802310903",
      "t" : 1756425295802,
      "tn" : 1756425295802310903,
      "q" : "11.10",
      "p" : "16.890",
      "s" : "buy",
      "i" : "METIS_USD",
      "m" : "4611686018430117483"
    }, {
      "d" : "1756422506682944478",
      "t" : 1756422506682,
      "tn" : 1756422506682944478,
      "q" : "2.00",
      "p" : "16.686",
      "s" : "sell",
      "i" : "METIS_USD",
      "m" : "4611686018430117482"
    }, {
      "d" : "1756422503669559574",
      "t" : 1756422503669,
      "tn" : 1756422503669559574,
      "q" : "8.98",
      "p" : "16.687",
      "s" : "sell",
      "i" : "METIS_USD",
      "m" : "4611686018430117481"
    }, {
      "d" : "1756422489927454315",
      "t" : 1756422489927,
      "tn" : 1756422489927454315,
      "q" : "3.00",
      "p" : "16.776",
      "s" : "sell",
      "i" : "METIS_USD",
      "m" : "4611686018430117480"
    }, {
      "d" : "1756422489924222792",
      "t" : 1756422489924,
      "tn" : 1756422489924222792,
      "q" : "11.17",
      "p" : "16.776",
      "s" : "buy",
      "i" : "METIS_USD",
      "m" : "4611686018430117479"
    }, {
      "d" : "1756422304367964552",
      "t" : 1756422304367,
      "tn" : 1756422304367964552,
      "q" : "0.74",
      "p" : "16.745",
      "s" : "buy",
      "i" : "METIS_USD",
      "m" : "4611686018430117478"
    }, {
      "d" : "1756422304367962305",
      "t" : 1756422304367,
      "tn" : 1756422304367962305,
      "q" : "2.00",
      "p" : "16.744",
      "s" : "buy",
      "i" : "METIS_USD",
      "m" : "4611686018430117477"
    }, {
      "d" : "1756422101305909593",
      "t" : 1756422101305,
      "tn" : 1756422101305909593,
      "q" : "36.25",
      "p" : "16.680",
      "s" : "buy",
      "i" : "METIS_USD",
      "m" : "4611686018430117476"
    }, {
      "d" : "1756419881919998635",
      "t" : 1756419881919,
      "tn" : 1756419881919998635,
      "q" : "0.91",
      "p" : "16.379",
      "s" : "buy",
      "i" : "METIS_USD",
      "m" : "4611686018430117475"
    }, {
      "d" : "1756418881387774683",
      "t" : 1756418881387,
      "tn" : 1756418881387774683,
      "q" : "2.19",
      "p" : "16.259",
      "s" : "sell",
      "i" : "METIS_USD",
      "m" : "4611686018430117474"
    }, {
      "d" : "1756417188840514241",
      "t" : 1756417188840,
      "tn" : 1756417188840514241,
      "q" : "1.08",
      "p" : "16.229",
      "s" : "buy",
      "i" : "METIS_USD",
      "m" : "4611686018430117473"
    }, {
      "d" : "1756416097053157596",
      "t" : 1756416097053,
      "tn" : 1756416097053157596,
      "q" : "2.00",
      "p" : "16.124",
      "s" : "sell",
      "i" : "METIS_USD",
      "m" : "4611686018430117472"
    }, {
      "d" : "1756412760955211467",
      "t" : 1756412760955,
      "tn" : 1756412760955211466,
      "q" : "10.22",
      "p" : "16.067",
      "s" : "buy",
      "i" : "METIS_USD",
      "m" : "4611686018430117471"
    }, {
      "d" : "1756412760955211466",
      "t" : 1756412760955,
      "tn" : 1756412760955211466,
      "q" : "2.00",
      "p" : "16.067",
      "s" : "buy",
      "i" : "METIS_USD",
      "m" : "4611686018430117471"
    }, {
      "d" : "1756407966917681854",
      "t" : 1756407966917,
      "tn" : 1756407966917681854,
      "q" : "2.00",
      "p" : "16.072",
      "s" : "sell",
      "i" : "METIS_USD",
      "m" : "4611686018430117470"
    }, {
      "d" : "1756402036735779588",
      "t" : 1756402036735,
      "tn" : 1756402036735779588,
      "q" : "7.85",
      "p" : "16.088",
      "s" : "sell",
      "i" : "METIS_USD",
      "m" : "4611686018430117469"
    }, {
      "d" : "1756400403138509902",
      "t" : 1756400403138,
      "tn" : 1756400403138509902,
      "q" : "1.08",
      "p" : "15.897",
      "s" : "sell",
      "i" : "METIS_USD",
      "m" : "4611686018430117468"
    }, {
      "d" : "1756400140434174317",
      "t" : 1756400140434,
      "tn" : 1756400140434174317,
      "q" : "9.33",
      "p" : "16.068",
      "s" : "sell",
      "i" : "METIS_USD",
      "m" : "4611686018430117467"
    }, {
      "d" : "1756396269542049129",
      "t" : 1756396269542,
      "tn" : 1756396269542049129,
      "q" : "2.36",
      "p" : "16.157",
      "s" : "sell",
      "i" : "METIS_USD",
      "m" : "4611686018430117466"
    }, {
      "d" : "1756393466631802299",
      "t" : 1756393466631,
      "tn" : 1756393466631802299,
      "q" : "7.25",
      "p" : "16.393",
      "s" : "buy",
      "i" : "METIS_USD",
      "m" : "4611686018430117465"
    }, {
      "d" : "1756393466629711974",
      "t" : 1756393466629,
      "tn" : 1756393466629711974,
      "q" : "2.27",
      "p" : "16.393",
      "s" : "sell",
      "i" : "METIS_USD",
      "m" : "4611686018430117464"
    }, {
      "d" : "1756391335310061720",
      "t" : 1756391335310,
      "tn" : 1756391335310061720,
      "q" : "6.23",
      "p" : "16.298",
      "s" : "sell",
      "i" : "METIS_USD",
      "m" : "4611686018430117463"
    }, {
      "d" : "1756391335310058090",
      "t" : 1756391335310,
      "tn" : 1756391335310058090,
      "q" : "9.20",
      "p" : "16.299",
      "s" : "sell",
      "i" : "METIS_USD",
      "m" : "4611686018430117462"
    }, {
      "d" : "1756391039590477675",
      "t" : 1756391039590,
      "tn" : 1756391039590477675,
      "q" : "9.75",
      "p" : "16.324",
      "s" : "buy",
      "i" : "METIS_USD",
      "m" : "4611686018430117461"
    }, {
      "d" : "1756391039589240051",
      "t" : 1756391039589,
      "tn" : 1756391039589240051,
      "q" : "2.25",
      "p" : "16.324",
      "s" : "sell",
      "i" : "METIS_USD",
      "m" : "4611686018430117460"
    }, {
      "d" : "1756390847360436863",
      "t" : 1756390847360,
      "tn" : 1756390847360436863,
      "q" : "0.83",
      "p" : "16.408",
      "s" : "sell",
      "i" : "METIS_USD",
      "m" : "4611686018430117459"
    }, {
      "d" : "1756390655686781026",
      "t" : 1756390655686,
      "tn" : 1756390655686781026,
      "q" : "0.83",
      "p" : "16.487",
      "s" : "buy",
      "i" : "METIS_USD",
      "m" : "4611686018430117458"
    }, {
      "d" : "1756389411850437020",
      "t" : 1756389411850,
      "tn" : 1756389411850437020,
      "q" : "2.00",
      "p" : "16.228",
      "s" : "sell",
      "i" : "METIS_USD",
      "m" : "4611686018430117457"
    }, {
      "d" : "1756389074586275861",
      "t" : 1756389074586,
      "tn" : 1756389074586275861,
      "q" : "3.88",
      "p" : "16.267",
      "s" : "sell",
      "i" : "METIS_USD",
      "m" : "4611686018430117456"
    }, {
      "d" : "1756389074582995299",
      "t" : 1756389074582,
      "tn" : 1756389074582995299,
      "q" : "2.00",
      "p" : "16.267",
      "s" : "buy",
      "i" : "METIS_USD",
      "m" : "4611686018430117455"
    }, {
      "d" : "1756389062641246167",
      "t" : 1756389062641,
      "tn" : 1756389062641246167,
      "q" : "5.88",
      "p" : "16.211",
      "s" : "buy",
      "i" : "METIS_USD",
      "m" : "4611686018430117454"
    }, {
      "d" : "1756388544403290320",
      "t" : 1756388544403,
      "tn" : 1756388544403290320,
      "q" : "9.04",
      "p" : "16.218",
      "s" : "buy",
      "i" : "METIS_USD",
      "m" : "4611686018430117453"
    }, {
      "d" : "1756388544403156912",
      "t" : 1756388544403,
      "tn" : 1756388544403156912,
      "q" : "0.20",
      "p" : "16.218",
      "s" : "buy",
      "i" : "METIS_USD",
      "m" : "4611686018430117452"
    }, {
      "d" : "1756388376793670459",
      "t" : 1756388376793,
      "tn" : 1756388376793670459,
      "q" : "2.00",
      "p" : "16.173",
      "s" : "sell",
      "i" : "METIS_USD",
      "m" : "4611686018430117451"
    }, {
      "d" : "1756385698273829398",
      "t" : 1756385698273,
      "tn" : 1756385698273829398,
      "q" : "1.81",
      "p" : "16.147",
      "s" : "sell",
      "i" : "METIS_USD",
      "m" : "4611686018430117450"
    }, {
      "d" : "1756385106904983963",
      "t" : 1756385106904,
      "tn" : 1756385106904983963,
      "q" : "9.24",
      "p" : "16.231",
      "s" : "sell",
      "i" : "METIS_USD",
      "m" : "4611686018430117449"
    }, {
      "d" : "1756385106904980842",
      "t" : 1756385106904,
      "tn" : 1756385106904980842,
      "q" : "2.00",
      "p" : "16.232",
      "s" : "sell",
      "i" : "METIS_USD",
      "m" : "4611686018430117448"
    }, {
      "d" : "1756384870520161364",
      "t" : 1756384870520,
      "tn" : 1756384870520161364,
      "q" : "0.25",
      "p" : "16.247",
      "s" : "buy",
      "i" : "METIS_USD",
      "m" : "4611686018430117447"
    }, {
      "d" : "1756384753500211157",
      "t" : 1756384753500,
      "tn" : 1756384753500211157,
      "q" : "0.26",
      "p" : "16.253",
      "s" : "sell",
      "i" : "METIS_USD",
      "m" : "4611686018430117446"
    }, {
      "d" : "1756384753497863899",
      "t" : 1756384753497,
      "tn" : 1756384753497863899,
      "q" : "0.63",
      "p" : "16.253",
      "s" : "buy",
      "i" : "METIS_USD",
      "m" : "4611686018430117445"
    }, {
      "d" : "1756384594871996091",
      "t" : 1756384594871,
      "tn" : 1756384594871996091,
      "q" : "1.37",
      "p" : "16.251",
      "s" : "buy",
      "i" : "METIS_USD",
      "m" : "4611686018430117444"
    }, {
      "d" : "1756384215340482165",
      "t" : 1756384215340,
      "tn" : 1756384215340482165,
      "q" : "78.17",
      "p" : "16.228",
      "s" : "buy",
      "i" : "METIS_USD",
      "m" : "4611686018430117443"
    }, {
      "d" : "1756384215025217930",
      "t" : 1756384215025,
      "tn" : 1756384215025217929,
      "q" : "39.47",
      "p" : "16.228",
      "s" : "buy",
      "i" : "METIS_USD",
      "m" : "4611686018430117442"
    }, {
      "d" : "1756384215025217929",
      "t" : 1756384215025,
      "tn" : 1756384215025217929,
      "q" : "8.37",
      "p" : "16.228",
      "s" : "buy",
      "i" : "METIS_USD",
      "m" : "4611686018430117442"
    }, {
      "d" : "1756384215025215039",
      "t" : 1756384215025,
      "tn" : 1756384215025215039,
      "q" : "41.20",
      "p" : "16.224",
      "s" : "buy",
      "i" : "METIS_USD",
      "m" : "4611686018430117441"
    }, {
      "d" : "1756384214843072848",
      "t" : 1756384214843,
      "tn" : 1756384214843072848,
      "q" : "9.27",
      "p" : "16.221",
      "s" : "buy",
      "i" : "METIS_USD",
      "m" : "4611686018430117440"
    }, {
      "d" : "1756383416882108472",
      "t" : 1756383416882,
      "tn" : 1756383416882108472,
      "q" : "2.29",
      "p" : "16.198",
      "s" : "sell",
      "i" : "METIS_USD",
      "m" : "4611686018430117439"
    }, {
      "d" : "1756383416882106287",
      "t" : 1756383416882,
      "tn" : 1756383416882106287,
      "q" : "2.00",
      "p" : "16.199",
      "s" : "sell",
      "i" : "METIS_USD",
      "m" : "4611686018430117438"
    }, {
      "d" : "1756383352549741011",
      "t" : 1756383352549,
      "tn" : 1756383352549741011,
      "q" : "8.01",
      "p" : "16.182",
      "s" : "buy",
      "i" : "METIS_USD",
      "m" : "4611686018430117437"
    }, {
      "d" : "1756383352543132875",
      "t" : 1756383352543,
      "tn" : 1756383352543132875,
      "q" : "2.33",
      "p" : "16.182",
      "s" : "sell",
      "i" : "METIS_USD",
      "m" : "4611686018430117436"
    }, {
      "d" : "1756382694716972696",
      "t" : 1756382694716,
      "tn" : 1756382694716972696,
      "q" : "2.00",
      "p" : "16.208",
      "s" : "buy",
      "i" : "METIS_USD",
      "m" : "4611686018430117435"
    }, {
      "d" : "1756382536124408059",
      "t" : 1756382536124,
      "tn" : 1756382536124408059,
      "q" : "0.68",
      "p" : "16.162",
      "s" : "sell",
      "i" : "METIS_USD",
      "m" : "4611686018430117434"
    }, {
      "d" : "1756381866671348879",
      "t" : 1756381866671,
      "tn" : 1756381866671348879,
      "q" : "9.27",
      "p" : "16.172",
      "s" : "sell",
      "i" : "METIS_USD",
      "m" : "4611686018430117433"
    }, {
      "d" : "1756378242871813301",
      "t" : 1756378242871,
      "tn" : 1756378242871813301,
      "q" : "63.14",
      "p" : "16.264",
      "s" : "sell",
      "i" : "METIS_USD",
      "m" : "4611686018430117432"
    }, {
      "d" : "1756378242817943282",
      "t" : 1756378242817,
      "tn" : 1756378242817943282,
      "q" : "41.01",
      "p" : "16.264",
      "s" : "sell",
      "i" : "METIS_USD",
      "m" : "4611686018430117431"
    }, {
      "d" : "1756378242817941465",
      "t" : 1756378242817,
      "tn" : 1756378242817941465,
      "q" : "2.00",
      "p" : "16.265",
      "s" : "sell",
      "i" : "METIS_USD",
      "m" : "4611686018430117430"
    }, {
      "d" : "1756377531617277779",
      "t" : 1756377531617,
      "tn" : 1756377531617277778,
      "q" : "0.94",
      "p" : "16.271",
      "s" : "buy",
      "i" : "METIS_USD",
      "m" : "4611686018430117429"
    }, {
      "d" : "1756377531617277778",
      "t" : 1756377531617,
      "tn" : 1756377531617277778,
      "q" : "2.00",
      "p" : "16.271",
      "s" : "buy",
      "i" : "METIS_USD",
      "m" : "4611686018430117429"
    }, {
      "d" : "1756375589857261804",
      "t" : 1756375589857,
      "tn" : 1756375589857261804,
      "q" : "0.92",
      "p" : "16.123",
      "s" : "buy",
      "i" : "METIS_USD",
      "m" : "4611686018430117428"
    } ]
  }
}