{
  "id" : -1,
  "method" : "public/get-trades",
  "code" : 0,
  "result" : {
    "data" : [ {
      "d" : "1756461689657139868",
      "t" : 1756461689657,
      "tn" : 1756461689657139868,
      "q" : "2.31",
      "p" : "15.855",
      "s" : "buy",
      "i" : "METIS_USDT",
      "m" : "4611686018430422144"
    }, {
      "d" : "1756459414709943347",
      "t" : 1756459414709,
      "tn" : 1756459414709943347,
      "q" : "1.75",
      "p" : "15.873",
      "s" : "buy",
      "i" : "METIS_USDT",
      "m" : "4611686018430422143"
    }, {
      "d" : "1756459414709941012",
      "t" : 1756459414709,
      "tn" : 1756459414709941012,
      "q" : "2.31",
      "p" : "15.827",
      "s" : "buy",
      "i" : "METIS_USDT",
      "m" : "4611686018430422142"
    }, {
      "d" : "1756459338900011748",
      "t" : 1756459338900,
      "tn" : 1756459338900011748,
      "q" : "2.09",
      "p" : "15.836",
      "s" : "buy",
      "i" : "METIS_USDT",
      "m" : "4611686018430422141"
    }, {
      "d" : "1756458946620165200",
      "t" : 1756458946620,
      "tn" : 1756458946620165200,
      "q" : "2.29",
      "p" : "15.696",
      "s" : "buy",
      "i" : "METIS_USDT",
      "m" : "4611686018430422140"
    }, {
      "d" : "1756457979614953830",
      "t" : 1756457979614,
      "tn" : 1756457979614953830,
      "q" : "2.26",
      "p" : "15.772",
      "s" : "buy",
      "i" : "METIS_USDT",
      "m" : "4611686018430422139"
    }, {
      "d" : "1756457860455164486",
      "t" : 1756457860455,
      "tn" : 1756457860455164486,
      "q" : "0.37",
      "p" : "15.746",
      "s" : "buy",
      "i" : "METIS_USDT",
      "m" : "4611686018430422138"
    }, {
      "d" : "1756457859911917828",
      "t" : 1756457859911,
      "tn" : 1756457859911917828,
      "q" : "2.00",
      "p" : "15.746",
      "s" : "buy",
      "i" : "METIS_USDT",
      "m" : "4611686018430422137"
    }, {
      "d" : "1756457850040749910",
      "t" : 1756457850040,
      "tn" : 1756457850040749910,
      "q" : "2.27",
      "p" : "15.769",
      "s" : "sell",
      "i" : "METIS_USDT",
      "m" : "4611686018430422136"
    }, {
      "d" : "1756457708728206712",
      "t" : 1756457708728,
      "tn" : 1756457708728206712,
      "q" : "0.29",
      "p" : "15.858",
      "s" : "buy",
      "i" : "METIS_USDT",
      "m" : "4611686018430422135"
    }, {
      "d" : "1756456395137007441",
      "t" : 1756456395137,
      "tn" : 1756456395137007441,
      "q" : "2.25",
      "p" : "16.000",
      "s" : "sell",
      "i" : "METIS_USDT",
      "m" : "4611686018430422134"
    }, {
      "d" : "1756455809533187571",
      "t" : 1756455809533,
      "tn" : 1756455809533187571,
      "q" : "2.35",
      "p" : "16.026",
      "s" : "sell",
      "i" : "METIS_USDT",
      "m" : "4611686018430422133"
    }, {
      "d" : "1756455785955604510",
      "t" : 1756455785955,
      "tn" : 1756455785955604510,
      "q" : "2.46",
      "p" : "16.036",
      "s" : "sell",
      "i" : "METIS_USDT",
      "m" : "4611686018430422132"
    }, {
      "d" : "1756455776832964680",
      "t" : 1756455776832,
      "tn" : 1756455776832964680,
      "q" : "2.36",
      "p" : "16.025",
      "s" : "sell",
      "i" : "METIS_USDT",
      "m" : "4611686018430422131"
    }, {
      "d" : "1756455720399771322",
      "t" : 1756455720399,
      "tn" : 1756455720399771322,
      "q" : "2.26",
      "p" : "15.981",
      "s" : "sell",
      "i" : "METIS_USDT",
      "m" : "4611686018430422130"
    }, {
      "d" : "1756455032529154739",
      "t" : 1756455032529,
      "tn" : 1756455032529154739,
      "q" : "1.08",
      "p" : "15.906",
      "s" : "buy",
      "i" : "METIS_USDT",
      "m" : "4611686018430422129"
    }, {
      "d" : "1756454712546539478",
      "t" : 1756454712546,
      "tn" : 1756454712546539478,
      "q" : "0.92",
      "p" : "15.948",
      "s" : "buy",
      "i" : "METIS_USDT",
      "m" : "4611686018430422128"
    }, {
      "d" : "1756454712537667348",
      "t" : 1756454712537,
      "tn" : 1756454712537667348,
      "q" : "2.41",
      "p" : "15.965",
      "s" : "sell",
      "i" : "METIS_USDT",
      "m" : "4611686018430422127"
    }, {
      "d" : "1756451620467325583",
      "t" : 1756451620467,
      "tn" : 1756451620467325583,
      "q" : "1.36",
      "p" : "16.172",
      "s" : "buy",
      "i" : "METIS_USDT",
      "m" : "4611686018430422126"
    }, {
      "d" : "1756451612970406206",
      "t" : 1756451612970,
      "tn" : 1756451612970406206,
      "q" : "38.29",
      "p" : "16.189",
      "s" : "sell",
      "i" : "METIS_USDT",
      "m" : "4611686018430422125"
    }, {
      "d" : "1756451612893184866",
      "t" : 1756451612893,
      "tn" : 1756451612893184866,
      "q" : "3.33",
      "p" : "16.198",
      "s" : "sell",
      "i" : "METIS_USDT",
      "m" : "4611686018430422124"
    }, {
      "d" : "1756450987030852244",
      "t" : 1756450987030,
      "tn" : 1756450987030852244,
      "q" : "2.32",
      "p" : "16.240",
      "s" : "sell",
      "i" : "METIS_USDT",
      "m" : "4611686018430422123"
    }, {
      "d" : "1756449604359197834",
      "t" : 1756449604359,
      "tn" : 1756449604359197834,
      "q" : "2.36",
      "p" : "16.244",
      "s" : "sell",
      "i" : "METIS_USDT",
      "m" : "4611686018430422122"
    }, {
      "d" : "1756448676169958236",
      "t" : 1756448676169,
      "tn" : 1756448676169958236,
      "q" : "2.33",
      "p" : "16.437",
      "s" : "sell",
      "i" : "METIS_USDT",
      "m" : "4611686018430422121"
    }, {
      "d" : "1756445104243754291",
      "t" : 1756445104243,
      "tn" : 1756445104243754291,
      "q" : "2.37",
      "p" : "16.659",
      "s" : "sell",
      "i" : "METIS_USDT",
      "m" : "4611686018430422120"
    }, {
      "d" : "1756437735473414917",
      "t" : 1756437735473,
      "tn" : 1756437735473414917,
      "q" : "6.44",
      "p" : "16.759",
      "s" : "buy",
      "i" : "METIS_USDT",
      "m" : "4611686018430422119"
    }, {
      "d" : "1756437692096779839",
      "t" : 1756437692096,
      "tn" : 1756437692096779839,
      "q" : "2.45",
      "p" : "16.728",
      "s" : "sell",
      "i" : "METIS_USDT",
      "m" : "4611686018430422118"
    }, {
      "d" : "1756433090508194148",
      "t" : 1756433090508,
      "tn" : 1756433090508194148,
      "q" : "4.45",
      "p" : "16.726",
      "s" : "buy",
      "i" : "METIS_USDT",
      "m" : "4611686018430422117"
    }, {
      "d" : "1756431238790671115",
      "t" : 1756431238790,
      "tn" : 1756431238790671115,
      "q" : "2.29",
      "p" : "16.587",
      "s" : "sell",
      "i" : "METIS_USDT",
      "m" : "4611686018430422116"
    }, {
      "d" : "1756430517512716704",
      "t" : 1756430517512,
      "tn" : 1756430517512716704,
      "q" : "2.41",
      "p" : "16.581",
      "s" : "sell",
      "i" : "METIS_USDT",
      "m" : "4611686018430422115"
    }, {
      "d" : "1756429634102609079",
      "t" : 1756429634102,
      "tn" : 1756429634102609079,
      "q" : "2.44",
      "p" : "16.734",
      "s" : "sell",
      "i" : "METIS_USDT",
      "m" : "4611686018430422114"
    }, {
      "d" : "1756429607908318462",
      "t" : 1756429607908,
      "tn" : 1756429607908318462,
      "q" : "2.33",
      "p" : "16.805",
      "s" : "sell",
      "i" : "METIS_USDT",
      "m" : "4611686018430422113"
    }, {
      "d" : "1756429572584641549",
      "t" : 1756429572584,
      "tn" : 1756429572584641549,
      "q" : "0.05",
      "p" : "16.821",
      "s" : "sell",
      "i" : "METIS_USDT",
      "m" : "4611686018430422112"
    }, {
      "d" : "1756429572583346310",
      "t" : 1756429572583,
      "tn" : 1756429572583346310,
      "q" : "2.33",
      "p" : "16.821",
      "s" : "sell",
      "i" : "METIS_USDT",
      "m" : "4611686018430422111"
    }, {
      "d" : "1756429452604663350",
      "t" : 1756429452604,
      "tn" : 1756429452604663350,
      "q" : "2.46",
      "p" : "16.855",
      "s" : "sell",
      "i" : "METIS_USDT",
      "m" : "4611686018430422110"
    }, {
      "d" : "1756429392349691442",
      "t" : 1756429392349,
      "tn" : 1756429392349691442,
      "q" : "2.33",
      "p" : "16.925",
      "s" : "sell",
      "i" : "METIS_USDT",
      "m" : "4611686018430422109"
    }, {
      "d" : "1756428043809213218",
      "t" : 1756428043809,
      "tn" : 1756428043809213218,
      "q" : "2.45",
      "p" : "16.825",
      "s" : "sell",
      "i" : "METIS_USDT",
      "m" : "4611686018430422108"
    }, {
      "d" : "1756426680223537873",
      "t" : 1756426680223,
      "tn" : 1756426680223537873,
      "q" : "2.40",
      "p" : "16.848",
      "s" : "buy",
      "i" : "METIS_USDT",
      "m" : "4611686018430422107"
    }, {
      "d" : "1756426680050049802",
      "t" : 1756426680050,
      "tn" : 1756426680050049802,
      "q" : "2.42",
      "p" : "16.847",
      "s" : "buy",
      "i" : "METIS_USDT",
      "m" : "4611686018430422106"
    }, {
      "d" : "1756425360742028282",
      "t" : 1756425360742,
      "tn" : 1756425360742028282,
      "q" : "2.31",
      "p" : "16.942",
      "s" : "buy",
      "i" : "METIS_USDT",
      "m" : "4611686018430422105"
    }, {
      "d" : "1756422131154105393",
      "t" : 1756422131154,
      "tn" : 1756422131154105393,
      "q" : "2.42",
      "p" : "16.734",
      "s" : "buy",
      "i" : "METIS_USDT",
      "m" : "4611686018430422104"
    }, {
      "d" : "1756422068504131580",
      "t" : 1756422068504,
      "tn" : 1756422068504131580,
      "q" : "2.46",
      "p" : "16.626",
      "s" : "buy",
      "i" : "METIS_USDT",
      "m" : "4611686018430422103"
    }, {
      "d" : "1756418881388551321",
      "t" : 1756418881388,
      "tn" : 1756418881388551321,
      "q" : "2.19",
      "p" : "16.281",
      "s" : "sell",
      "i" : "METIS_USDT",
      "m" : "4611686018430422102"
    }, {
      "d" : "1756407966918484082",
      "t" : 1756407966918,
      "tn" : 1756407966918484082,
      "q" : "2.00",
      "p" : "16.096",
      "s" : "sell",
      "i" : "METIS_USDT",
      "m" : "4611686018430422101"
    }, {
      "d" : "1756401075405128734",
      "t" : 1756401075405,
      "tn" : 1756401075405128734,
      "q" : "2.32",
      "p" : "15.917",
      "s" : "sell",
      "i" : "METIS_USDT",
      "m" : "4611686018430422100"
    }, {
      "d" : "1756396269542700458",
      "t" : 1756396269542,
      "tn" : 1756396269542700458,
      "q" : "2.36",
      "p" : "16.133",
      "s" : "sell",
      "i" : "METIS_USDT",
      "m" : "4611686018430422099"
    }, {
      "d" : "1756396269542181661",
      "t" : 1756396269542,
      "tn" : 1756396269542181661,
      "q" : "2.39",
      "p" : "16.176",
      "s" : "sell",
      "i" : "METIS_USDT",
      "m" : "4611686018430422098"
    }, {
      "d" : "1756394218173988564",
      "t" : 1756394218173,
      "tn" : 1756394218173988564,
      "q" : "2.45",
      "p" : "16.413",
      "s" : "sell",
      "i" : "METIS_USDT",
      "m" : "4611686018430422097"
    }, {
      "d" : "1756393466630318471",
      "t" : 1756393466630,
      "tn" : 1756393466630318471,
      "q" : "2.27",
      "p" : "16.416",
      "s" : "sell",
      "i" : "METIS_USDT",
      "m" : "4611686018430422096"
    }, {
      "d" : "1756392968567043078",
      "t" : 1756392968567,
      "tn" : 1756392968567043078,
      "q" : "2.38",
      "p" : "16.423",
      "s" : "buy",
      "i" : "METIS_USDT",
      "m" : "4611686018430422095"
    }, {
      "d" : "1756392963923061033",
      "t" : 1756392963923,
      "tn" : 1756392963923061033,
      "q" : "2.48",
      "p" : "16.412",
      "s" : "buy",
      "i" : "METIS_USDT",
      "m" : "4611686018430422094"
    }, {
      "d" : "1756392944282015959",
      "t" : 1756392944282,
      "tn" : 1756392944282015959,
      "q" : "2.28",
      "p" : "16.404",
      "s" : "buy",
      "i" : "METIS_USDT",
      "m" : "4611686018430422093"
    }, {
      "d" : "1756392935400885359",
      "t" : 1756392935400,
      "tn" : 1756392935400885359,
      "q" : "2.37",
      "p" : "16.397",
      "s" : "buy",
      "i" : "METIS_USDT",
      "m" : "4611686018430422092"
    }, {
      "d" : "1756392934398573583",
      "t" : 1756392934398,
      "tn" : 1756392934398573583,
      "q" : "2.27",
      "p" : "16.397",
      "s" : "buy",
      "i" : "METIS_USDT",
      "m" : "4611686018430422091"
    }, {
      "d" : "1756392933401013302",
      "t" : 1756392933401,
      "tn" : 1756392933401013302,
      "q" : "2.42",
      "p" : "16.396",
      "s" : "buy",
      "i" : "METIS_USDT",
      "m" : "4611686018430422090"
    }, {
      "d" : "1756392932398472229",
      "t" : 1756392932398,
      "tn" : 1756392932398472229,
      "q" : "2.42",
      "p" : "16.396",
      "s" : "buy",
      "i" : "METIS_USDT",
      "m" : "4611686018430422089"
    }, {
      "d" : "1756392931401045366",
      "t" : 1756392931401,
      "tn" : 1756392931401045366,
      "q" : "2.29",
      "p" : "16.395",
      "s" : "buy",
      "i" : "METIS_USDT",
      "m" : "4611686018430422088"
    }, {
      "d" : "1756392931115489512",
      "t" : 1756392931115,
      "tn" : 1756392931115489512,
      "q" : "2.33",
      "p" : "16.395",
      "s" : "buy",
      "i" : "METIS_USDT",
      "m" : "4611686018430422087"
    }, {
      "d" : "1756392930889981697",
      "t" : 1756392930889,
      "tn" : 1756392930889981697,
      "q" : "2.27",
      "p" : "16.394",
      "s" : "buy",
      "i" : "METIS_USDT",
      "m" : "4611686018430422086"
    }, {
      "d" : "1756391335310069011",
      "t" : 1756391335310,
      "tn" : 1756391335310069011,
      "q" : "2.43",
      "p" : "16.312",
      "s" : "sell",
      "i" : "METIS_USDT",
      "m" : "4611686018430422085"
    }, {
      "d" : "1756391039590038828",
      "t" : 1756391039590,
      "tn" : 1756391039590038828,
      "q" : "2.25",
      "p" : "16.353",
      "s" : "sell",
      "i" : "METIS_USDT",
      "m" : "4611686018430422084"
    }, {
      "d" : "1756389941066143851",
      "t" : 1756389941066,
      "tn" : 1756389941066143851,
      "q" : "3.29",
      "p" : "16.419",
      "s" : "buy",
      "i" : "METIS_USDT",
      "m" : "4611686018430422083"
    }, {
      "d" : "1756389941066139605",
      "t" : 1756389941066,
      "tn" : 1756389941066139605,
      "q" : "7.61",
      "p" : "16.418",
      "s" : "buy",
      "i" : "METIS_USDT",
      "m" : "4611686018430422082"
    }, {
      "d" : "1756389074586735161",
      "t" : 1756389074586,
      "tn" : 1756389074586735161,
      "q" : "1.85",
      "p" : "16.205",
      "s" : "buy",
      "i" : "METIS_USDT",
      "m" : "4611686018430422081"
    }, {
      "d" : "1756388376794730023",
      "t" : 1756388376794,
      "tn" : 1756388376794730023,
      "q" : "2.00",
      "p" : "16.197",
      "s" : "sell",
      "i" : "METIS_USDT",
      "m" : "4611686018430422080"
    }, {
      "d" : "1756385698274502542",
      "t" : 1756385698274,
      "tn" : 1756385698274502542,
      "q" : "1.81",
      "p" : "16.168",
      "s" : "sell",
      "i" : "METIS_USDT",
      "m" : "4611686018430422079"
    }, {
      "d" : "1756384753503092269",
      "t" : 1756384753503,
      "tn" : 1756384753503092269,
      "q" : "0.26",
      "p" : "16.207",
      "s" : "buy",
      "i" : "METIS_USDT",
      "m" : "4611686018430422078"
    }, {
      "d" : "1756384293502424862",
      "t" : 1756384293502,
      "tn" : 1756384293502424862,
      "q" : "0.81",
      "p" : "16.201",
      "s" : "buy",
      "i" : "METIS_USDT",
      "m" : "4611686018430422077"
    }, {
      "d" : "1756383352553700727",
      "t" : 1756383352553,
      "tn" : 1756383352553700727,
      "q" : "2.29",
      "p" : "16.209",
      "s" : "sell",
      "i" : "METIS_USDT",
      "m" : "4611686018430422076"
    }, {
      "d" : "1756383352543900630",
      "t" : 1756383352543,
      "tn" : 1756383352543900630,
      "q" : "2.33",
      "p" : "16.207",
      "s" : "sell",
      "i" : "METIS_USDT",
      "m" : "4611686018430422075"
    }, {
      "d" : "1756382536125258758",
      "t" : 1756382536125,
      "tn" : 1756382536125258758,
      "q" : "0.68",
      "p" : "16.140",
      "s" : "sell",
      "i" : "METIS_USDT",
      "m" : "4611686018430422074"
    }, {
      "d" : "1756382536124312241",
      "t" : 1756382536124,
      "tn" : 1756382536124312241,
      "q" : "2.25",
      "p" : "16.179",
      "s" : "sell",
      "i" : "METIS_USDT",
      "m" : "4611686018430422073"
    }, {
      "d" : "1756381867264848890",
      "t" : 1756381867264,
      "tn" : 1756381867264848890,
      "q" : "2.26",
      "p" : "16.168",
      "s" : "sell",
      "i" : "METIS_USDT",
      "m" : "4611686018430422072"
    }, {
      "d" : "1756381866671432392",
      "t" : 1756381866671,
      "tn" : 1756381866671432392,
      "q" : "2.35",
      "p" : "16.190",
      "s" : "sell",
      "i" : "METIS_USDT",
      "m" : "4611686018430422071"
    }, {
      "d" : "1756380110643757673",
      "t" : 1756380110643,
      "tn" : 1756380110643757673,
      "q" : "2.41",
      "p" : "16.176",
      "s" : "buy",
      "i" : "METIS_USDT",
      "m" : "4611686018430422070"
    }, {
      "d" : "1756379402485786488",
      "t" : 1756379402485,
      "tn" : 1756379402485786488,
      "q" : "2.32",
      "p" : "16.213",
      "s" : "buy",
      "i" : "METIS_USDT",
      "m" : "4611686018430422069"
    }, {
      "d" : "1756379360207814819",
      "t" : 1756379360207,
      "tn" : 1756379360207814819,
      "q" : "2.41",
      "p" : "16.184",
      "s" : "buy",
      "i" : "METIS_USDT",
      "m" : "4611686018430422068"
    }, {
      "d" : "1756377981854735034",
      "t" : 1756377981854,
      "tn" : 1756377981854735034,
      "q" : "2.48",
      "p" : "16.239",
      "s" : "buy",
      "i" : "METIS_USDT",
      "m" : "4611686018430422067"
    }, {
      "d" : "1756375522694965429",
      "t" : 1756375522694,
      "tn" : 1756375522694965429,
      "q" : "2.29",
      "p" : "16.120",
      "s" : "buy",
      "i" : "METIS_USDT",
      "m" : "4611686018430422066"
    } ]
  }
}