{
  "id" : -1,
  "method" : "public/get-trades",
  "code" : 0,
  "result" : {
    "data" : [ {
      "d" : "1756448096756606365",
      "t" : 1756448096756,
      "tn" : 1756448096756606365,
      "q" : "71.1",
      "p" : "0.7032",
      "s" : "sell",
      "i" : "MEUSD-PERP",
      "m" : "4611686018427399334"
    }, {
      "d" : "1756448096756603835",
      "t" : 1756448096756,
      "tn" : 1756448096756603834,
      "q" : "0.1",
      "p" : "0.7044",
      "s" : "sell",
      "i" : "MEUSD-PERP",
      "m" : "4611686018427399333"
    }, {
      "d" : "1756448096756603834",
      "t" : 1756448096756,
      "tn" : 1756448096756603834,
      "q" : "0.1",
      "p" : "0.7044",
      "s" : "sell",
      "i" : "MEUSD-PERP",
      "m" : "4611686018427399333"
    }, {
      "d" : "1756448030325057465",
      "t" : 1756448030325,
      "tn" : 1756448030325057465,
      "q" : "0.1",
      "p" : "0.7071",
      "s" : "sell",
      "i" : "MEUSD-PERP",
      "m" : "4611686018427399332"
    }, {
      "d" : "1756448030325055871",
      "t" : 1756448030325,
      "tn" : 1756448030325055871,
      "q" : "0.1",
      "p" : "0.7073",
      "s" : "sell",
      "i" : "MEUSD-PERP",
      "m" : "4611686018427399331"
    }, {
      "d" : "1756445171996821833",
      "t" : 1756445171996,
      "tn" : 1756445171996821833,
      "q" : "112.8",
      "p" : "0.7086",
      "s" : "buy",
      "i" : "MEUSD-PERP",
      "m" : "4611686018427399330"
    }, {
      "d" : "1756445171996819860",
      "t" : 1756445171996,
      "tn" : 1756445171996819860,
      "q" : "0.1",
      "p" : "0.7079",
      "s" : "buy",
      "i" : "MEUSD-PERP",
      "m" : "4611686018427399329"
    }, {
      "d" : "1756445171995760990",
      "t" : 1756445171995,
      "tn" : 1756445171995760990,
      "q" : "0.1",
      "p" : "0.7074",
      "s" : "buy",
      "i" : "MEUSD-PERP",
      "m" : "4611686018427399328"
    }, {
      "d" : "1756442067190398771",
      "t" : 1756442067190,
      "tn" : 1756442067190398771,
      "q" : "0.1",
      "p" : "0.7127",
      "s" : "sell",
      "i" : "MEUSD-PERP",
      "m" : "4611686018427399327"
    }, {
      "d" : "1756437180712959571",
      "t" : 1756437180712,
      "tn" : 1756437180712959571,
      "q" : "42.2",
      "p" : "0.7066",
      "s" : "sell",
      "i" : "MEUSD-PERP",
      "m" : "4611686018427399326"
    }, {
      "d" : "1756437180711862699",
      "t" : 1756437180711,
      "tn" : 1756437180711862699,
      "q" : "70.7",
      "p" : "0.7067",
      "s" : "sell",
      "i" : "MEUSD-PERP",
      "m" : "4611686018427399325"
    }, {
      "d" : "1756437180711859983",
      "t" : 1756437180711,
      "tn" : 1756437180711859982,
      "q" : "0.1",
      "p" : "0.7081",
      "s" : "sell",
      "i" : "MEUSD-PERP",
      "m" : "4611686018427399324"
    }, {
      "d" : "1756437180711859982",
      "t" : 1756437180711,
      "tn" : 1756437180711859982,
      "q" : "0.1",
      "p" : "0.7081",
      "s" : "sell",
      "i" : "MEUSD-PERP",
      "m" : "4611686018427399324"
    }, {
      "d" : "1756432705952599874",
      "t" : 1756432705952,
      "tn" : 1756432705952599874,
      "q" : "0.1",
      "p" : "0.7069",
      "s" : "sell",
      "i" : "MEUSD-PERP",
      "m" : "4611686018427399323"
    }, {
      "d" : "1756430447652444098",
      "t" : 1756430447652,
      "tn" : 1756430447652444098,
      "q" : "0.1",
      "p" : "0.7061",
      "s" : "sell",
      "i" : "MEUSD-PERP",
      "m" : "4611686018427399322"
    }, {
      "d" : "1756430447652441789",
      "t" : 1756430447652,
      "tn" : 1756430447652441789,
      "q" : "0.1",
      "p" : "0.7062",
      "s" : "sell",
      "i" : "MEUSD-PERP",
      "m" : "4611686018427399321"
    }, {
      "d" : "1756430228018349700",
      "t" : 1756430228018,
      "tn" : 1756430228018349700,
      "q" : "0.1",
      "p" : "0.7085",
      "s" : "sell",
      "i" : "MEUSD-PERP",
      "m" : "4611686018427399320"
    }, {
      "d" : "1756430228018348100",
      "t" : 1756430228018,
      "tn" : 1756430228018348100,
      "q" : "0.1",
      "p" : "0.7087",
      "s" : "sell",
      "i" : "MEUSD-PERP",
      "m" : "4611686018427399319"
    }, {
      "d" : "1756430227943125073",
      "t" : 1756430227943,
      "tn" : 1756430227943125073,
      "q" : "108.4",
      "p" : "0.7083",
      "s" : "sell",
      "i" : "MEUSD-PERP",
      "m" : "4611686018427399318"
    }, {
      "d" : "1756425605358291890",
      "t" : 1756425605358,
      "tn" : 1756425605358291890,
      "q" : "0.1",
      "p" : "0.7193",
      "s" : "sell",
      "i" : "MEUSD-PERP",
      "m" : "4611686018427399317"
    }, {
      "d" : "1756402450833665183",
      "t" : 1756402450833,
      "tn" : 1756402450833665183,
      "q" : "0.1",
      "p" : "0.7003",
      "s" : "buy",
      "i" : "MEUSD-PERP",
      "m" : "4611686018427399316"
    }, {
      "d" : "1756400417896436962",
      "t" : 1756400417896,
      "tn" : 1756400417896436961,
      "q" : "0.1",
      "p" : "0.6986",
      "s" : "sell",
      "i" : "MEUSD-PERP",
      "m" : "4611686018427399315"
    }, {
      "d" : "1756400417896436961",
      "t" : 1756400417896,
      "tn" : 1756400417896436961,
      "q" : "0.1",
      "p" : "0.6986",
      "s" : "sell",
      "i" : "MEUSD-PERP",
      "m" : "4611686018427399315"
    }, {
      "d" : "1756400368410936478",
      "t" : 1756400368410,
      "tn" : 1756400368410936478,
      "q" : "36.9",
      "p" : "0.6990",
      "s" : "sell",
      "i" : "MEUSD-PERP",
      "m" : "4611686018427399314"
    }, {
      "d" : "1756400368410934568",
      "t" : 1756400368410,
      "tn" : 1756400368410934567,
      "q" : "0.1",
      "p" : "0.6997",
      "s" : "sell",
      "i" : "MEUSD-PERP",
      "m" : "4611686018427399313"
    }, {
      "d" : "1756400368410934567",
      "t" : 1756400368410,
      "tn" : 1756400368410934567,
      "q" : "0.1",
      "p" : "0.6997",
      "s" : "sell",
      "i" : "MEUSD-PERP",
      "m" : "4611686018427399313"
    }, {
      "d" : "1756400232877436000",
      "t" : 1756400232877,
      "tn" : 1756400232877436000,
      "q" : "0.1",
      "p" : "0.7051",
      "s" : "sell",
      "i" : "MEUSD-PERP",
      "m" : "4611686018427399312"
    }, {
      "d" : "1756398709730742044",
      "t" : 1756398709730,
      "tn" : 1756398709730742044,
      "q" : "140.8",
      "p" : "0.7099",
      "s" : "sell",
      "i" : "MEUSD-PERP",
      "m" : "4611686018427399311"
    }, {
      "d" : "1756398709730739889",
      "t" : 1756398709730,
      "tn" : 1756398709730739889,
      "q" : "0.1",
      "p" : "0.7105",
      "s" : "sell",
      "i" : "MEUSD-PERP",
      "m" : "4611686018427399310"
    }, {
      "d" : "1756398709730384403",
      "t" : 1756398709730,
      "tn" : 1756398709730384403,
      "q" : "0.1",
      "p" : "0.7106",
      "s" : "sell",
      "i" : "MEUSD-PERP",
      "m" : "4611686018427399309"
    }, {
      "d" : "1756396037791190643",
      "t" : 1756396037791,
      "tn" : 1756396037791190643,
      "q" : "0.1",
      "p" : "0.7115",
      "s" : "buy",
      "i" : "MEUSD-PERP",
      "m" : "4611686018427399308"
    }, {
      "d" : "1756391361623948671",
      "t" : 1756391361623,
      "tn" : 1756391361623948671,
      "q" : "0.1",
      "p" : "0.7086",
      "s" : "sell",
      "i" : "MEUSD-PERP",
      "m" : "4611686018427399307"
    }, {
      "d" : "1756380621491597285",
      "t" : 1756380621491,
      "tn" : 1756380621491597285,
      "q" : "0.1",
      "p" : "0.6965",
      "s" : "buy",
      "i" : "MEUSD-PERP",
      "m" : "4611686018427399306"
    }, {
      "d" : "1756380621491595599",
      "t" : 1756380621491,
      "tn" : 1756380621491595599,
      "q" : "71.7",
      "p" : "0.6964",
      "s" : "buy",
      "i" : "MEUSD-PERP",
      "m" : "4611686018427399305"
    }, {
      "d" : "1756380621491592397",
      "t" : 1756380621491,
      "tn" : 1756380621491592396,
      "q" : "0.1",
      "p" : "0.6963",
      "s" : "buy",
      "i" : "MEUSD-PERP",
      "m" : "4611686018427399304"
    }, {
      "d" : "1756380621491592396",
      "t" : 1756380621491,
      "tn" : 1756380621491592396,
      "q" : "71.8",
      "p" : "0.6963",
      "s" : "buy",
      "i" : "MEUSD-PERP",
      "m" : "4611686018427399304"
    }, {
      "d" : "1756380621491589590",
      "t" : 1756380621491,
      "tn" : 1756380621491589590,
      "q" : "0.1",
      "p" : "0.6958",
      "s" : "buy",
      "i" : "MEUSD-PERP",
      "m" : "4611686018427399303"
    } ]
  }
}