{
  "id" : -1,
  "method" : "public/get-trades",
  "code" : 0,
  "result" : {
    "data" : [ {
      "d" : "1756458712975176419",
      "t" : 1756458712975,
      "tn" : 1756458712975176419,
      "q" : "3860",
      "p" : "0.04074",
      "s" : "buy",
      "i" : "MILKUSD-PERP",
      "m" : "4611686018427412794"
    }, {
      "d" : "1756458459669435212",
      "t" : 1756458459669,
      "tn" : 1756458459669435212,
      "q" : "3860",
      "p" : "0.04064",
      "s" : "buy",
      "i" : "MILKUSD-PERP",
      "m" : "4611686018427412793"
    }, {
      "d" : "1756458342610028133",
      "t" : 1756458342610,
      "tn" : 1756458342610028133,
      "q" : "240",
      "p" : "0.04054",
      "s" : "buy",
      "i" : "MILKUSD-PERP",
      "m" : "4611686018427412792"
    }, {
      "d" : "1756458342610025625",
      "t" : 1756458342610,
      "tn" : 1756458342610025625,
      "q" : "10",
      "p" : "0.04053",
      "s" : "buy",
      "i" : "MILKUSD-PERP",
      "m" : "4611686018427412791"
    }, {
      "d" : "1756458272481063729",
      "t" : 1756458272481,
      "tn" : 1756458272481063728,
      "q" : "240",
      "p" : "0.04049",
      "s" : "buy",
      "i" : "MILKUSD-PERP",
      "m" : "4611686018427412790"
    }, {
      "d" : "1756458272481063728",
      "t" : 1756458272481,
      "tn" : 1756458272481063728,
      "q" : "3860",
      "p" : "0.04049",
      "s" : "buy",
      "i" : "MILKUSD-PERP",
      "m" : "4611686018427412790"
    }, {
      "d" : "1756458272481059809",
      "t" : 1756458272481,
      "tn" : 1756458272481059809,
      "q" : "10",
      "p" : "0.04048",
      "s" : "buy",
      "i" : "MILKUSD-PERP",
      "m" : "4611686018427412789"
    }, {
      "d" : "1756458238159368519",
      "t" : 1756458238159,
      "tn" : 1756458238159368519,
      "q" : "240",
      "p" : "0.04043",
      "s" : "buy",
      "i" : "MILKUSD-PERP",
      "m" : "4611686018427412788"
    }, {
      "d" : "1756458238159366216",
      "t" : 1756458238159,
      "tn" : 1756458238159366216,
      "q" : "10",
      "p" : "0.04042",
      "s" : "buy",
      "i" : "MILKUSD-PERP",
      "m" : "4611686018427412787"
    }, {
      "d" : "1756458205334753117",
      "t" : 1756458205334,
      "tn" : 1756458205334753117,
      "q" : "240",
      "p" : "0.04037",
      "s" : "buy",
      "i" : "MILKUSD-PERP",
      "m" : "4611686018427412786"
    }, {
      "d" : "1756458205334750137",
      "t" : 1756458205334,
      "tn" : 1756458205334750137,
      "q" : "10",
      "p" : "0.04036",
      "s" : "buy",
      "i" : "MILKUSD-PERP",
      "m" : "4611686018427412785"
    }, {
      "d" : "1756453473207653875",
      "t" : 1756453473207,
      "tn" : 1756453473207653875,
      "q" : "970",
      "p" : "0.04188",
      "s" : "sell",
      "i" : "MILKUSD-PERP",
      "m" : "4611686018427412784"
    }, {
      "d" : "1756453473207652155",
      "t" : 1756453473207,
      "tn" : 1756453473207652155,
      "q" : "1190",
      "p" : "0.04189",
      "s" : "sell",
      "i" : "MILKUSD-PERP",
      "m" : "4611686018427412783"
    }, {
      "d" : "1756453473207649467",
      "t" : 1756453473207,
      "tn" : 1756453473207649467,
      "q" : "1190",
      "p" : "0.04190",
      "s" : "sell",
      "i" : "MILKUSD-PERP",
      "m" : "4611686018427412782"
    }, {
      "d" : "1756453473207647406",
      "t" : 1756453473207,
      "tn" : 1756453473207647406,
      "q" : "1190",
      "p" : "0.04191",
      "s" : "sell",
      "i" : "MILKUSD-PERP",
      "m" : "4611686018427412781"
    }, {
      "d" : "1756453473207644995",
      "t" : 1756453473207,
      "tn" : 1756453473207644995,
      "q" : "230",
      "p" : "0.04195",
      "s" : "sell",
      "i" : "MILKUSD-PERP",
      "m" : "4611686018427412780"
    }, {
      "d" : "1756453473207641935",
      "t" : 1756453473207,
      "tn" : 1756453473207641935,
      "q" : "10",
      "p" : "0.04196",
      "s" : "sell",
      "i" : "MILKUSD-PERP",
      "m" : "4611686018427412779"
    }, {
      "d" : "1756391219280480277",
      "t" : 1756391219280,
      "tn" : 1756391219280480277,
      "q" : "10",
      "p" : "0.04267",
      "s" : "sell",
      "i" : "MILKUSD-PERP",
      "m" : "4611686018427412778"
    }, {
      "d" : "1756385218554666907",
      "t" : 1756385218554,
      "tn" : 1756385218554666907,
      "q" : "1640",
      "p" : "0.04345",
      "s" : "buy",
      "i" : "MILKUSD-PERP",
      "m" : "4611686018427412777"
    }, {
      "d" : "1756385218554109230",
      "t" : 1756385218554,
      "tn" : 1756385218554109230,
      "q" : "230",
      "p" : "0.04339",
      "s" : "buy",
      "i" : "MILKUSD-PERP",
      "m" : "4611686018427412776"
    }, {
      "d" : "1756385218554106923",
      "t" : 1756385218554,
      "tn" : 1756385218554106923,
      "q" : "10",
      "p" : "0.04337",
      "s" : "buy",
      "i" : "MILKUSD-PERP",
      "m" : "4611686018427412775"
    } ]
  }
}