{
  "id" : -1,
  "method" : "public/get-trades",
  "code" : 0,
  "result" : {
    "data" : [ {
      "d" : "1756460206269396252",
      "t" : 1756460206269,
      "tn" : 1756460206269396252,
      "q" : "4879",
      "p" : "0.04109",
      "s" : "buy",
      "i" : "MILK_USD",
      "m" : "4611686018427428863"
    }, {
      "d" : "1756459903805107365",
      "t" : 1756459903805,
      "tn" : 1756459903805107365,
      "q" : "697",
      "p" : "0.04098",
      "s" : "buy",
      "i" : "MILK_USD",
      "m" : "4611686018427428862"
    }, {
      "d" : "1756459879668019077",
      "t" : 1756459879668,
      "tn" : 1756459879668019077,
      "q" : "4874",
      "p" : "0.04098",
      "s" : "buy",
      "i" : "MILK_USD",
      "m" : "4611686018427428861"
    }, {
      "d" : "1756459288799995287",
      "t" : 1756459288799,
      "tn" : 1756459288799995287,
      "q" : "1890",
      "p" : "0.04091",
      "s" : "buy",
      "i" : "MILK_USD",
      "m" : "4611686018427428860"
    }, {
      "d" : "1756459288798936083",
      "t" : 1756459288798,
      "tn" : 1756459288798936083,
      "q" : "3019",
      "p" : "0.04091",
      "s" : "buy",
      "i" : "MILK_USD",
      "m" : "4611686018427428859"
    }, {
      "d" : "1756459174815102514",
      "t" : 1756459174815,
      "tn" : 1756459174815102514,
      "q" : "4889",
      "p" : "0.04087",
      "s" : "buy",
      "i" : "MILK_USD",
      "m" : "4611686018427428858"
    }, {
      "d" : "1756459012129481110",
      "t" : 1756459012129,
      "tn" : 1756459012129481110,
      "q" : "4903",
      "p" : "0.04076",
      "s" : "buy",
      "i" : "MILK_USD",
      "m" : "4611686018427428857"
    }, {
      "d" : "1756459007998307007",
      "t" : 1756459007998,
      "tn" : 1756459007998307007,
      "q" : "4901",
      "p" : "0.04076",
      "s" : "buy",
      "i" : "MILK_USD",
      "m" : "4611686018427428856"
    }, {
      "d" : "1756458839735123807",
      "t" : 1756458839735,
      "tn" : 1756458839735123807,
      "q" : "410",
      "p" : "0.04076",
      "s" : "buy",
      "i" : "MILK_USD",
      "m" : "4611686018427428855"
    }, {
      "d" : "1756458793301992222",
      "t" : 1756458793301,
      "tn" : 1756458793301992222,
      "q" : "4901",
      "p" : "0.04076",
      "s" : "buy",
      "i" : "MILK_USD",
      "m" : "4611686018427428854"
    }, {
      "d" : "1756458712975283763",
      "t" : 1756458712975,
      "tn" : 1756458712975283763,
      "q" : "1046",
      "p" : "0.04076",
      "s" : "buy",
      "i" : "MILK_USD",
      "m" : "4611686018427428853"
    }, {
      "d" : "1756458702708418838",
      "t" : 1756458702708,
      "tn" : 1756458702708418838,
      "q" : "533",
      "p" : "0.04071",
      "s" : "buy",
      "i" : "MILK_USD",
      "m" : "4611686018427428852"
    }, {
      "d" : "1756458607449994589",
      "t" : 1756458607449,
      "tn" : 1756458607449994589,
      "q" : "367",
      "p" : "0.04076",
      "s" : "buy",
      "i" : "MILK_USD",
      "m" : "4611686018427428851"
    }, {
      "d" : "1756458459669439150",
      "t" : 1756458459669,
      "tn" : 1756458459669439150,
      "q" : "1066",
      "p" : "0.04066",
      "s" : "buy",
      "i" : "MILK_USD",
      "m" : "4611686018427428850"
    }, {
      "d" : "1756458459143260811",
      "t" : 1756458459143,
      "tn" : 1756458459143260811,
      "q" : "4911",
      "p" : "0.04061",
      "s" : "buy",
      "i" : "MILK_USD",
      "m" : "4611686018427428849"
    }, {
      "d" : "1756458342610032073",
      "t" : 1756458342610,
      "tn" : 1756458342610032073,
      "q" : "4678",
      "p" : "0.04056",
      "s" : "buy",
      "i" : "MILK_USD",
      "m" : "4611686018427428848"
    }, {
      "d" : "1756458319724606128",
      "t" : 1756458319724,
      "tn" : 1756458319724606128,
      "q" : "4934",
      "p" : "0.04051",
      "s" : "buy",
      "i" : "MILK_USD",
      "m" : "4611686018427428847"
    }, {
      "d" : "1756458319056838488",
      "t" : 1756458319056,
      "tn" : 1756458319056838488,
      "q" : "4933",
      "p" : "0.04051",
      "s" : "buy",
      "i" : "MILK_USD",
      "m" : "4611686018427428846"
    }, {
      "d" : "1756458272481050469",
      "t" : 1756458272481,
      "tn" : 1756458272481050469,
      "q" : "826",
      "p" : "0.04049",
      "s" : "buy",
      "i" : "MILK_USD",
      "m" : "4611686018427428845"
    }, {
      "d" : "1756458258994706304",
      "t" : 1756458258994,
      "tn" : 1756458258994706304,
      "q" : "4945",
      "p" : "0.04041",
      "s" : "buy",
      "i" : "MILK_USD",
      "m" : "4611686018427428844"
    }, {
      "d" : "1756458238159422605",
      "t" : 1756458238159,
      "tn" : 1756458238159422605,
      "q" : "4692",
      "p" : "0.04044",
      "s" : "buy",
      "i" : "MILK_USD",
      "m" : "4611686018427428843"
    }, {
      "d" : "1756458205334780961",
      "t" : 1756458205334,
      "tn" : 1756458205334780961,
      "q" : "4692",
      "p" : "0.04043",
      "s" : "buy",
      "i" : "MILK_USD",
      "m" : "4611686018427428842"
    }, {
      "d" : "1756456156036503303",
      "t" : 1756456156036,
      "tn" : 1756456156036503303,
      "q" : "2147",
      "p" : "0.04137",
      "s" : "sell",
      "i" : "MILK_USD",
      "m" : "4611686018427428841"
    }, {
      "d" : "1756456156035120601",
      "t" : 1756456156035,
      "tn" : 1756456156035120601,
      "q" : "4840",
      "p" : "0.04137",
      "s" : "sell",
      "i" : "MILK_USD",
      "m" : "4611686018427428840"
    }, {
      "d" : "1756454266027939523",
      "t" : 1756454266027,
      "tn" : 1756454266027939523,
      "q" : "2397",
      "p" : "0.04174",
      "s" : "sell",
      "i" : "MILK_USD",
      "m" : "4611686018427428839"
    }, {
      "d" : "1756454266027468784",
      "t" : 1756454266027,
      "tn" : 1756454266027468784,
      "q" : "4800",
      "p" : "0.04174",
      "s" : "sell",
      "i" : "MILK_USD",
      "m" : "4611686018427428838"
    }, {
      "d" : "1756451672730539954",
      "t" : 1756451672730,
      "tn" : 1756451672730539954,
      "q" : "4763",
      "p" : "0.04202",
      "s" : "sell",
      "i" : "MILK_USD",
      "m" : "4611686018427428837"
    }, {
      "d" : "1756427371114883025",
      "t" : 1756427371114,
      "tn" : 1756427371114883025,
      "q" : "4651",
      "p" : "0.04300",
      "s" : "buy",
      "i" : "MILK_USD",
      "m" : "4611686018427428836"
    }, {
      "d" : "1756427370604637834",
      "t" : 1756427370604,
      "tn" : 1756427370604637834,
      "q" : "282",
      "p" : "0.04300",
      "s" : "buy",
      "i" : "MILK_USD",
      "m" : "4611686018427428835"
    }, {
      "d" : "1756391499266877763",
      "t" : 1756391499266,
      "tn" : 1756391499266877763,
      "q" : "4433",
      "p" : "0.04285",
      "s" : "buy",
      "i" : "MILK_USD",
      "m" : "4611686018427428834"
    }, {
      "d" : "1756391219280567276",
      "t" : 1756391219280,
      "tn" : 1756391219280567276,
      "q" : "4458",
      "p" : "0.04259",
      "s" : "sell",
      "i" : "MILK_USD",
      "m" : "4611686018427428833"
    }, {
      "d" : "1756385297136390649",
      "t" : 1756385297136,
      "tn" : 1756385297136390649,
      "q" : "4595",
      "p" : "0.04354",
      "s" : "buy",
      "i" : "MILK_USD",
      "m" : "4611686018427428832"
    }, {
      "d" : "1756385218552526789",
      "t" : 1756385218552,
      "tn" : 1756385218552526789,
      "q" : "2713",
      "p" : "0.04346",
      "s" : "buy",
      "i" : "MILK_USD",
      "m" : "4611686018427428831"
    }, {
      "d" : "1756385217735092465",
      "t" : 1756385217735,
      "tn" : 1756385217735092465,
      "q" : "4628",
      "p" : "0.04320",
      "s" : "buy",
      "i" : "MILK_USD",
      "m" : "4611686018427428830"
    }, {
      "d" : "1756385173941634404",
      "t" : 1756385173941,
      "tn" : 1756385173941634404,
      "q" : "4641",
      "p" : "0.04309",
      "s" : "buy",
      "i" : "MILK_USD",
      "m" : "4611686018427428829"
    }, {
      "d" : "1756385163752850780",
      "t" : 1756385163752,
      "tn" : 1756385163752850780,
      "q" : "4640",
      "p" : "0.04309",
      "s" : "buy",
      "i" : "MILK_USD",
      "m" : "4611686018427428828"
    }, {
      "d" : "1756384904015073925",
      "t" : 1756384904015,
      "tn" : 1756384904015073925,
      "q" : "4659",
      "p" : "0.04292",
      "s" : "buy",
      "i" : "MILK_USD",
      "m" : "4611686018427428827"
    }, {
      "d" : "1756384214849486820",
      "t" : 1756384214849,
      "tn" : 1756384214849486820,
      "q" : "4677",
      "p" : "0.04276",
      "s" : "buy",
      "i" : "MILK_USD",
      "m" : "4611686018427428826"
    }, {
      "d" : "1756384213826975030",
      "t" : 1756384213826,
      "tn" : 1756384213826975030,
      "q" : "4676",
      "p" : "0.04276",
      "s" : "buy",
      "i" : "MILK_USD",
      "m" : "4611686018427428825"
    }, {
      "d" : "1756382846665508906",
      "t" : 1756382846665,
      "tn" : 1756382846665508906,
      "q" : "2501",
      "p" : "0.04263",
      "s" : "buy",
      "i" : "MILK_USD",
      "m" : "4611686018427428824"
    }, {
      "d" : "1756376979047793096",
      "t" : 1756376979047,
      "tn" : 1756376979047793096,
      "q" : "4712",
      "p" : "0.04241",
      "s" : "buy",
      "i" : "MILK_USD",
      "m" : "4611686018427428823"
    }, {
      "d" : "1756376414057518118",
      "t" : 1756376414057,
      "tn" : 1756376414057518118,
      "q" : "956",
      "p" : "0.04232",
      "s" : "buy",
      "i" : "MILK_USD",
      "m" : "4611686018427428822"
    }, {
      "d" : "1756376411996408784",
      "t" : 1756376411996,
      "tn" : 1756376411996408784,
      "q" : "1001",
      "p" : "0.04232",
      "s" : "buy",
      "i" : "MILK_USD",
      "m" : "4611686018427428821"
    } ]
  }
}