{
  "id" : -1,
  "method" : "public/get-trades",
  "code" : 0,
  "result" : {
    "data" : [ {
      "d" : "1756458181774564519",
      "t" : 1756458181774,
      "tn" : 1756458181774564519,
      "q" : "199",
      "p" : "0.17752",
      "s" : "sell",
      "i" : "MINAUSD-PERP",
      "m" : "4611686018429348315"
    }, {
      "d" : "1756458181563209776",
      "t" : 1756458181563,
      "tn" : 1756458181563209776,
      "q" : "280",
      "p" : "0.17756",
      "s" : "sell",
      "i" : "MINAUSD-PERP",
      "m" : "4611686018429348314"
    }, {
      "d" : "1756458181530491152",
      "t" : 1756458181530,
      "tn" : 1756458181530491152,
      "q" : "281",
      "p" : "0.17760",
      "s" : "sell",
      "i" : "MINAUSD-PERP",
      "m" : "4611686018429348313"
    }, {
      "d" : "1756455075752929816",
      "t" : 1756455075752,
      "tn" : 1756455075752929816,
      "q" : "275",
      "p" : "0.18124",
      "s" : "sell",
      "i" : "MINAUSD-PERP",
      "m" : "4611686018429348312"
    }, {
      "d" : "1756455073781398577",
      "t" : 1756455073781,
      "tn" : 1756455073781398577,
      "q" : "275",
      "p" : "0.18112",
      "s" : "sell",
      "i" : "MINAUSD-PERP",
      "m" : "4611686018429348311"
    }, {
      "d" : "1756455073780988358",
      "t" : 1756455073780,
      "tn" : 1756455073780988358,
      "q" : "1",
      "p" : "0.18112",
      "s" : "sell",
      "i" : "MINAUSD-PERP",
      "m" : "4611686018429348310"
    }, {
      "d" : "1756455073780986883",
      "t" : 1756455073780,
      "tn" : 1756455073780986883,
      "q" : "275",
      "p" : "0.18116",
      "s" : "sell",
      "i" : "MINAUSD-PERP",
      "m" : "4611686018429348309"
    }, {
      "d" : "1756455073780291809",
      "t" : 1756455073780,
      "tn" : 1756455073780291809,
      "q" : "551",
      "p" : "0.18119",
      "s" : "sell",
      "i" : "MINAUSD-PERP",
      "m" : "4611686018429348308"
    }, {
      "d" : "1756454615889843763",
      "t" : 1756454615889,
      "tn" : 1756454615889843763,
      "q" : "274",
      "p" : "0.18232",
      "s" : "sell",
      "i" : "MINAUSD-PERP",
      "m" : "4611686018429348307"
    }, {
      "d" : "1756452420761899117",
      "t" : 1756452420761,
      "tn" : 1756452420761899117,
      "q" : "1",
      "p" : "0.18184",
      "s" : "sell",
      "i" : "MINAUSD-PERP",
      "m" : "4611686018429348306"
    }, {
      "d" : "1756450902720642405",
      "t" : 1756450902720,
      "tn" : 1756450902720642405,
      "q" : "271",
      "p" : "0.18436",
      "s" : "sell",
      "i" : "MINAUSD-PERP",
      "m" : "4611686018429348305"
    }, {
      "d" : "1756450902720641941",
      "t" : 1756450902720,
      "tn" : 1756450902720641941,
      "q" : "271",
      "p" : "0.18440",
      "s" : "sell",
      "i" : "MINAUSD-PERP",
      "m" : "4611686018429348304"
    }, {
      "d" : "1756450902720638470",
      "t" : 1756450902720,
      "tn" : 1756450902720638470,
      "q" : "271",
      "p" : "0.18444",
      "s" : "sell",
      "i" : "MINAUSD-PERP",
      "m" : "4611686018429348303"
    }, {
      "d" : "1756450902720636200",
      "t" : 1756450902720,
      "tn" : 1756450902720636200,
      "q" : "271",
      "p" : "0.18448",
      "s" : "sell",
      "i" : "MINAUSD-PERP",
      "m" : "4611686018429348302"
    }, {
      "d" : "1756450892201061627",
      "t" : 1756450892201,
      "tn" : 1756450892201061627,
      "q" : "270",
      "p" : "0.18492",
      "s" : "sell",
      "i" : "MINAUSD-PERP",
      "m" : "4611686018429348301"
    }, {
      "d" : "1756450892201059788",
      "t" : 1756450892201,
      "tn" : 1756450892201059788,
      "q" : "270",
      "p" : "0.18496",
      "s" : "sell",
      "i" : "MINAUSD-PERP",
      "m" : "4611686018429348300"
    }, {
      "d" : "1756450892201057917",
      "t" : 1756450892201,
      "tn" : 1756450892201057917,
      "q" : "270",
      "p" : "0.18500",
      "s" : "sell",
      "i" : "MINAUSD-PERP",
      "m" : "4611686018429348299"
    }, {
      "d" : "1756449458056598516",
      "t" : 1756449458056,
      "tn" : 1756449458056598516,
      "q" : "1074",
      "p" : "0.18502",
      "s" : "buy",
      "i" : "MINAUSD-PERP",
      "m" : "4611686018429348298"
    }, {
      "d" : "1756434301545534170",
      "t" : 1756434301545,
      "tn" : 1756434301545534170,
      "q" : "267",
      "p" : "0.18596",
      "s" : "sell",
      "i" : "MINAUSD-PERP",
      "m" : "4611686018429348297"
    }, {
      "d" : "1756426395858104571",
      "t" : 1756426395858,
      "tn" : 1756426395858104571,
      "q" : "1",
      "p" : "0.18803",
      "s" : "sell",
      "i" : "MINAUSD-PERP",
      "m" : "4611686018429348296"
    }, {
      "d" : "1756426395858102603",
      "t" : 1756426395858,
      "tn" : 1756426395858102603,
      "q" : "1",
      "p" : "0.18804",
      "s" : "sell",
      "i" : "MINAUSD-PERP",
      "m" : "4611686018429348295"
    }, {
      "d" : "1756400358993126633",
      "t" : 1756400358993,
      "tn" : 1756400358993126633,
      "q" : "1096",
      "p" : "0.18225",
      "s" : "sell",
      "i" : "MINAUSD-PERP",
      "m" : "4611686018429348294"
    }, {
      "d" : "1756398705504701634",
      "t" : 1756398705504,
      "tn" : 1756398705504701634,
      "q" : "1",
      "p" : "0.18441",
      "s" : "buy",
      "i" : "MINAUSD-PERP",
      "m" : "4611686018429348293"
    }, {
      "d" : "1756396463012451466",
      "t" : 1756396463012,
      "tn" : 1756396463012451466,
      "q" : "1086",
      "p" : "0.18405",
      "s" : "sell",
      "i" : "MINAUSD-PERP",
      "m" : "4611686018429348292"
    }, {
      "d" : "1756394825381513099",
      "t" : 1756394825381,
      "tn" : 1756394825381513099,
      "q" : "1",
      "p" : "0.18642",
      "s" : "sell",
      "i" : "MINAUSD-PERP",
      "m" : "4611686018429348291"
    }, {
      "d" : "1756394825381510651",
      "t" : 1756394825381,
      "tn" : 1756394825381510651,
      "q" : "1",
      "p" : "0.18644",
      "s" : "sell",
      "i" : "MINAUSD-PERP",
      "m" : "4611686018429348290"
    }, {
      "d" : "1756392909981700684",
      "t" : 1756392909981,
      "tn" : 1756392909981700684,
      "q" : "1073",
      "p" : "0.18630",
      "s" : "buy",
      "i" : "MINAUSD-PERP",
      "m" : "4611686018429348289"
    }, {
      "d" : "1756392909981698856",
      "t" : 1756392909981,
      "tn" : 1756392909981698856,
      "q" : "1",
      "p" : "0.18626",
      "s" : "buy",
      "i" : "MINAUSD-PERP",
      "m" : "4611686018429348288"
    }, {
      "d" : "1756392909981696767",
      "t" : 1756392909981,
      "tn" : 1756392909981696767,
      "q" : "1",
      "p" : "0.18611",
      "s" : "buy",
      "i" : "MINAUSD-PERP",
      "m" : "4611686018429348287"
    }, {
      "d" : "1756392333250407045",
      "t" : 1756392333250,
      "tn" : 1756392333250407044,
      "q" : "1",
      "p" : "0.18512",
      "s" : "sell",
      "i" : "MINAUSD-PERP",
      "m" : "4611686018429348286"
    }, {
      "d" : "1756392333250407044",
      "t" : 1756392333250,
      "tn" : 1756392333250407044,
      "q" : "1",
      "p" : "0.18512",
      "s" : "sell",
      "i" : "MINAUSD-PERP",
      "m" : "4611686018429348286"
    }, {
      "d" : "1756391418041337841",
      "t" : 1756391418041,
      "tn" : 1756391418041337841,
      "q" : "1",
      "p" : "0.18642",
      "s" : "sell",
      "i" : "MINAUSD-PERP",
      "m" : "4611686018429348285"
    }, {
      "d" : "1756391418041336134",
      "t" : 1756391418041,
      "tn" : 1756391418041336134,
      "q" : "1",
      "p" : "0.18644",
      "s" : "sell",
      "i" : "MINAUSD-PERP",
      "m" : "4611686018429348284"
    }, {
      "d" : "1756391417870669287",
      "t" : 1756391417870,
      "tn" : 1756391417870669287,
      "q" : "1070",
      "p" : "0.18648",
      "s" : "sell",
      "i" : "MINAUSD-PERP",
      "m" : "4611686018429348283"
    }, {
      "d" : "1756391417870667871",
      "t" : 1756391417870,
      "tn" : 1756391417870667871,
      "q" : "1",
      "p" : "0.18673",
      "s" : "sell",
      "i" : "MINAUSD-PERP",
      "m" : "4611686018429348282"
    }, {
      "d" : "1756391417870665547",
      "t" : 1756391417870,
      "tn" : 1756391417870665547,
      "q" : "1",
      "p" : "0.18674",
      "s" : "sell",
      "i" : "MINAUSD-PERP",
      "m" : "4611686018429348281"
    }, {
      "d" : "1756391322243318207",
      "t" : 1756391322243,
      "tn" : 1756391322243318207,
      "q" : "1",
      "p" : "0.18743",
      "s" : "sell",
      "i" : "MINAUSD-PERP",
      "m" : "4611686018429348280"
    }, {
      "d" : "1756391322243315676",
      "t" : 1756391322243,
      "tn" : 1756391322243315676,
      "q" : "1",
      "p" : "0.18744",
      "s" : "sell",
      "i" : "MINAUSD-PERP",
      "m" : "4611686018429348279"
    }, {
      "d" : "1756391232838577538",
      "t" : 1756391232838,
      "tn" : 1756391232838577538,
      "q" : "1",
      "p" : "0.18703",
      "s" : "sell",
      "i" : "MINAUSD-PERP",
      "m" : "4611686018429348278"
    }, {
      "d" : "1756391232838574971",
      "t" : 1756391232838,
      "tn" : 1756391232838574971,
      "q" : "1",
      "p" : "0.18704",
      "s" : "sell",
      "i" : "MINAUSD-PERP",
      "m" : "4611686018429348277"
    }, {
      "d" : "1756391119053925203",
      "t" : 1756391119053,
      "tn" : 1756391119053925203,
      "q" : "1070",
      "p" : "0.18675",
      "s" : "sell",
      "i" : "MINAUSD-PERP",
      "m" : "4611686018429348276"
    }, {
      "d" : "1756391119050154359",
      "t" : 1756391119050,
      "tn" : 1756391119050154359,
      "q" : "1",
      "p" : "0.18693",
      "s" : "sell",
      "i" : "MINAUSD-PERP",
      "m" : "4611686018429348275"
    }, {
      "d" : "1756391119050152219",
      "t" : 1756391119050,
      "tn" : 1756391119050152219,
      "q" : "1",
      "p" : "0.18694",
      "s" : "sell",
      "i" : "MINAUSD-PERP",
      "m" : "4611686018429348274"
    }, {
      "d" : "1756391084951776858",
      "t" : 1756391084951,
      "tn" : 1756391084951776858,
      "q" : "1",
      "p" : "0.18793",
      "s" : "sell",
      "i" : "MINAUSD-PERP",
      "m" : "4611686018429348273"
    }, {
      "d" : "1756391084951774553",
      "t" : 1756391084951,
      "tn" : 1756391084951774553,
      "q" : "1",
      "p" : "0.18794",
      "s" : "sell",
      "i" : "MINAUSD-PERP",
      "m" : "4611686018429348272"
    }, {
      "d" : "1756391037199251993",
      "t" : 1756391037199,
      "tn" : 1756391037199251993,
      "q" : "1",
      "p" : "0.18793",
      "s" : "sell",
      "i" : "MINAUSD-PERP",
      "m" : "4611686018429348271"
    }, {
      "d" : "1756391037199250249",
      "t" : 1756391037199,
      "tn" : 1756391037199250249,
      "q" : "1",
      "p" : "0.18794",
      "s" : "sell",
      "i" : "MINAUSD-PERP",
      "m" : "4611686018429348270"
    }, {
      "d" : "1756391031988705840",
      "t" : 1756391031988,
      "tn" : 1756391031988705840,
      "q" : "1",
      "p" : "0.18853",
      "s" : "sell",
      "i" : "MINAUSD-PERP",
      "m" : "4611686018429348269"
    }, {
      "d" : "1756391031988703166",
      "t" : 1756391031988,
      "tn" : 1756391031988703166,
      "q" : "1",
      "p" : "0.18854",
      "s" : "sell",
      "i" : "MINAUSD-PERP",
      "m" : "4611686018429348268"
    }, {
      "d" : "1756391011849149454",
      "t" : 1756391011849,
      "tn" : 1756391011849149454,
      "q" : "1",
      "p" : "0.18843",
      "s" : "sell",
      "i" : "MINAUSD-PERP",
      "m" : "4611686018429348267"
    }, {
      "d" : "1756391011849146653",
      "t" : 1756391011849,
      "tn" : 1756391011849146653,
      "q" : "1",
      "p" : "0.18844",
      "s" : "sell",
      "i" : "MINAUSD-PERP",
      "m" : "4611686018429348266"
    }, {
      "d" : "1756390991381519841",
      "t" : 1756390991381,
      "tn" : 1756390991381519841,
      "q" : "1",
      "p" : "0.18893",
      "s" : "sell",
      "i" : "MINAUSD-PERP",
      "m" : "4611686018429348265"
    }, {
      "d" : "1756390991381517934",
      "t" : 1756390991381,
      "tn" : 1756390991381517934,
      "q" : "1",
      "p" : "0.18894",
      "s" : "sell",
      "i" : "MINAUSD-PERP",
      "m" : "4611686018429348264"
    }, {
      "d" : "1756390989834697730",
      "t" : 1756390989834,
      "tn" : 1756390989834697730,
      "q" : "1",
      "p" : "0.18873",
      "s" : "sell",
      "i" : "MINAUSD-PERP",
      "m" : "4611686018429348263"
    }, {
      "d" : "1756390989834695347",
      "t" : 1756390989834,
      "tn" : 1756390989834695347,
      "q" : "1",
      "p" : "0.18874",
      "s" : "sell",
      "i" : "MINAUSD-PERP",
      "m" : "4611686018429348262"
    }, {
      "d" : "1756390956684075810",
      "t" : 1756390956684,
      "tn" : 1756390956684075810,
      "q" : "1",
      "p" : "0.18803",
      "s" : "sell",
      "i" : "MINAUSD-PERP",
      "m" : "4611686018429348261"
    }, {
      "d" : "1756390956684073535",
      "t" : 1756390956684,
      "tn" : 1756390956684073535,
      "q" : "1",
      "p" : "0.18804",
      "s" : "sell",
      "i" : "MINAUSD-PERP",
      "m" : "4611686018429348260"
    }, {
      "d" : "1756390929660830423",
      "t" : 1756390929660,
      "tn" : 1756390929660830423,
      "q" : "1",
      "p" : "0.18792",
      "s" : "sell",
      "i" : "MINAUSD-PERP",
      "m" : "4611686018429348259"
    }, {
      "d" : "1756390929660828329",
      "t" : 1756390929660,
      "tn" : 1756390929660828329,
      "q" : "1",
      "p" : "0.18793",
      "s" : "sell",
      "i" : "MINAUSD-PERP",
      "m" : "4611686018429348258"
    }, {
      "d" : "1756390927141723173",
      "t" : 1756390927141,
      "tn" : 1756390927141723173,
      "q" : "1",
      "p" : "0.18822",
      "s" : "sell",
      "i" : "MINAUSD-PERP",
      "m" : "4611686018429348257"
    }, {
      "d" : "1756390927141720765",
      "t" : 1756390927141,
      "tn" : 1756390927141720765,
      "q" : "1",
      "p" : "0.18823",
      "s" : "sell",
      "i" : "MINAUSD-PERP",
      "m" : "4611686018429348256"
    }, {
      "d" : "1756390913421372275",
      "t" : 1756390913421,
      "tn" : 1756390913421372275,
      "q" : "1",
      "p" : "0.18803",
      "s" : "sell",
      "i" : "MINAUSD-PERP",
      "m" : "4611686018429348255"
    }, {
      "d" : "1756390913421370534",
      "t" : 1756390913421,
      "tn" : 1756390913421370534,
      "q" : "1",
      "p" : "0.18804",
      "s" : "sell",
      "i" : "MINAUSD-PERP",
      "m" : "4611686018429348254"
    }, {
      "d" : "1756390888280987091",
      "t" : 1756390888280,
      "tn" : 1756390888280987090,
      "q" : "1",
      "p" : "0.18794",
      "s" : "sell",
      "i" : "MINAUSD-PERP",
      "m" : "4611686018429348253"
    }, {
      "d" : "1756390888280987090",
      "t" : 1756390888280,
      "tn" : 1756390888280987090,
      "q" : "1",
      "p" : "0.18794",
      "s" : "sell",
      "i" : "MINAUSD-PERP",
      "m" : "4611686018429348253"
    }, {
      "d" : "1756390885094968578",
      "t" : 1756390885094,
      "tn" : 1756390885094968577,
      "q" : "1",
      "p" : "0.18804",
      "s" : "sell",
      "i" : "MINAUSD-PERP",
      "m" : "4611686018429348252"
    }, {
      "d" : "1756390885094968577",
      "t" : 1756390885094,
      "tn" : 1756390885094968577,
      "q" : "1",
      "p" : "0.18804",
      "s" : "sell",
      "i" : "MINAUSD-PERP",
      "m" : "4611686018429348252"
    }, {
      "d" : "1756389888029542990",
      "t" : 1756389888029,
      "tn" : 1756389888029542989,
      "q" : "1",
      "p" : "0.18714",
      "s" : "sell",
      "i" : "MINAUSD-PERP",
      "m" : "4611686018429348251"
    }, {
      "d" : "1756389888029542989",
      "t" : 1756389888029,
      "tn" : 1756389888029542989,
      "q" : "1",
      "p" : "0.18714",
      "s" : "sell",
      "i" : "MINAUSD-PERP",
      "m" : "4611686018429348251"
    }, {
      "d" : "1756389853048870508",
      "t" : 1756389853048,
      "tn" : 1756389853048870507,
      "q" : "1",
      "p" : "0.18734",
      "s" : "sell",
      "i" : "MINAUSD-PERP",
      "m" : "4611686018429348250"
    }, {
      "d" : "1756389853048870507",
      "t" : 1756389853048,
      "tn" : 1756389853048870507,
      "q" : "1",
      "p" : "0.18734",
      "s" : "sell",
      "i" : "MINAUSD-PERP",
      "m" : "4611686018429348250"
    }, {
      "d" : "1756389830536960325",
      "t" : 1756389830536,
      "tn" : 1756389830536960324,
      "q" : "1",
      "p" : "0.18774",
      "s" : "sell",
      "i" : "MINAUSD-PERP",
      "m" : "4611686018429348249"
    }, {
      "d" : "1756389830536960324",
      "t" : 1756389830536,
      "tn" : 1756389830536960324,
      "q" : "1",
      "p" : "0.18774",
      "s" : "sell",
      "i" : "MINAUSD-PERP",
      "m" : "4611686018429348249"
    }, {
      "d" : "1756389130225263153",
      "t" : 1756389130225,
      "tn" : 1756389130225263153,
      "q" : "1",
      "p" : "0.18234",
      "s" : "sell",
      "i" : "MINAUSD-PERP",
      "m" : "4611686018429348248"
    }, {
      "d" : "1756389105525084200",
      "t" : 1756389105525,
      "tn" : 1756389105525084200,
      "q" : "1",
      "p" : "0.18234",
      "s" : "sell",
      "i" : "MINAUSD-PERP",
      "m" : "4611686018429348247"
    }, {
      "d" : "1756389057733451633",
      "t" : 1756389057733,
      "tn" : 1756389057733451633,
      "q" : "1",
      "p" : "0.18224",
      "s" : "sell",
      "i" : "MINAUSD-PERP",
      "m" : "4611686018429348246"
    }, {
      "d" : "1756389041170422106",
      "t" : 1756389041170,
      "tn" : 1756389041170422106,
      "q" : "1",
      "p" : "0.18214",
      "s" : "sell",
      "i" : "MINAUSD-PERP",
      "m" : "4611686018429348245"
    }, {
      "d" : "1756389037402325520",
      "t" : 1756389037402,
      "tn" : 1756389037402325520,
      "q" : "1",
      "p" : "0.18224",
      "s" : "sell",
      "i" : "MINAUSD-PERP",
      "m" : "4611686018429348244"
    }, {
      "d" : "1756388957857262170",
      "t" : 1756388957857,
      "tn" : 1756388957857262170,
      "q" : "1",
      "p" : "0.18234",
      "s" : "sell",
      "i" : "MINAUSD-PERP",
      "m" : "4611686018429348243"
    }, {
      "d" : "1756388944178832590",
      "t" : 1756388944178,
      "tn" : 1756388944178832590,
      "q" : "1",
      "p" : "0.18224",
      "s" : "sell",
      "i" : "MINAUSD-PERP",
      "m" : "4611686018429348242"
    }, {
      "d" : "1756388866925066906",
      "t" : 1756388866925,
      "tn" : 1756388866925066906,
      "q" : "1",
      "p" : "0.18234",
      "s" : "sell",
      "i" : "MINAUSD-PERP",
      "m" : "4611686018429348241"
    }, {
      "d" : "1756388853004948310",
      "t" : 1756388853004,
      "tn" : 1756388853004948310,
      "q" : "1",
      "p" : "0.18224",
      "s" : "sell",
      "i" : "MINAUSD-PERP",
      "m" : "4611686018429348240"
    }, {
      "d" : "1756388846092301758",
      "t" : 1756388846092,
      "tn" : 1756388846092301758,
      "q" : "1",
      "p" : "0.18234",
      "s" : "sell",
      "i" : "MINAUSD-PERP",
      "m" : "4611686018429348239"
    }, {
      "d" : "1756388822956776731",
      "t" : 1756388822956,
      "tn" : 1756388822956776731,
      "q" : "1",
      "p" : "0.18224",
      "s" : "sell",
      "i" : "MINAUSD-PERP",
      "m" : "4611686018429348238"
    }, {
      "d" : "1756388817595136076",
      "t" : 1756388817595,
      "tn" : 1756388817595136076,
      "q" : "1",
      "p" : "0.18234",
      "s" : "sell",
      "i" : "MINAUSD-PERP",
      "m" : "4611686018429348237"
    }, {
      "d" : "1756388790147529442",
      "t" : 1756388790147,
      "tn" : 1756388790147529442,
      "q" : "1",
      "p" : "0.18234",
      "s" : "sell",
      "i" : "MINAUSD-PERP",
      "m" : "4611686018429348236"
    }, {
      "d" : "1756388769224468026",
      "t" : 1756388769224,
      "tn" : 1756388769224468026,
      "q" : "1",
      "p" : "0.18224",
      "s" : "sell",
      "i" : "MINAUSD-PERP",
      "m" : "4611686018429348235"
    }, {
      "d" : "1756388765828067279",
      "t" : 1756388765828,
      "tn" : 1756388765828067279,
      "q" : "1",
      "p" : "0.18214",
      "s" : "sell",
      "i" : "MINAUSD-PERP",
      "m" : "4611686018429348234"
    }, {
      "d" : "1756388761444817184",
      "t" : 1756388761444,
      "tn" : 1756388761444817184,
      "q" : "1",
      "p" : "0.18204",
      "s" : "sell",
      "i" : "MINAUSD-PERP",
      "m" : "4611686018429348233"
    }, {
      "d" : "1756388758076202181",
      "t" : 1756388758076,
      "tn" : 1756388758076202181,
      "q" : "1",
      "p" : "0.18214",
      "s" : "sell",
      "i" : "MINAUSD-PERP",
      "m" : "4611686018429348232"
    }, {
      "d" : "1756388753598681126",
      "t" : 1756388753598,
      "tn" : 1756388753598681126,
      "q" : "1",
      "p" : "0.18224",
      "s" : "sell",
      "i" : "MINAUSD-PERP",
      "m" : "4611686018429348231"
    }, {
      "d" : "1756388569303311893",
      "t" : 1756388569303,
      "tn" : 1756388569303311893,
      "q" : "1",
      "p" : "0.18284",
      "s" : "sell",
      "i" : "MINAUSD-PERP",
      "m" : "4611686018429348230"
    }, {
      "d" : "1756388522093379192",
      "t" : 1756388522093,
      "tn" : 1756388522093379192,
      "q" : "1",
      "p" : "0.18224",
      "s" : "sell",
      "i" : "MINAUSD-PERP",
      "m" : "4611686018429348229"
    }, {
      "d" : "1756388515510878927",
      "t" : 1756388515510,
      "tn" : 1756388515510878927,
      "q" : "1",
      "p" : "0.18234",
      "s" : "sell",
      "i" : "MINAUSD-PERP",
      "m" : "4611686018429348228"
    }, {
      "d" : "1756387886852425786",
      "t" : 1756387886852,
      "tn" : 1756387886852425786,
      "q" : "1",
      "p" : "0.18304",
      "s" : "sell",
      "i" : "MINAUSD-PERP",
      "m" : "4611686018429348227"
    }, {
      "d" : "1756387385495159780",
      "t" : 1756387385495,
      "tn" : 1756387385495159779,
      "q" : "1",
      "p" : "0.18294",
      "s" : "sell",
      "i" : "MINAUSD-PERP",
      "m" : "4611686018429348226"
    }, {
      "d" : "1756387385495159779",
      "t" : 1756387385495,
      "tn" : 1756387385495159779,
      "q" : "1",
      "p" : "0.18294",
      "s" : "sell",
      "i" : "MINAUSD-PERP",
      "m" : "4611686018429348226"
    }, {
      "d" : "1756387366192180235",
      "t" : 1756387366192,
      "tn" : 1756387366192180234,
      "q" : "1",
      "p" : "0.18304",
      "s" : "sell",
      "i" : "MINAUSD-PERP",
      "m" : "4611686018429348225"
    }, {
      "d" : "1756387366192180234",
      "t" : 1756387366192,
      "tn" : 1756387366192180234,
      "q" : "1",
      "p" : "0.18304",
      "s" : "sell",
      "i" : "MINAUSD-PERP",
      "m" : "4611686018429348225"
    }, {
      "d" : "1756387335200582401",
      "t" : 1756387335200,
      "tn" : 1756387335200582400,
      "q" : "1",
      "p" : "0.18294",
      "s" : "sell",
      "i" : "MINAUSD-PERP",
      "m" : "4611686018429348224"
    }, {
      "d" : "1756387335200582400",
      "t" : 1756387335200,
      "tn" : 1756387335200582400,
      "q" : "1",
      "p" : "0.18294",
      "s" : "sell",
      "i" : "MINAUSD-PERP",
      "m" : "4611686018429348224"
    }, {
      "d" : "1756387321023850085",
      "t" : 1756387321023,
      "tn" : 1756387321023850084,
      "q" : "1",
      "p" : "0.18304",
      "s" : "sell",
      "i" : "MINAUSD-PERP",
      "m" : "4611686018429348223"
    }, {
      "d" : "1756387321023850084",
      "t" : 1756387321023,
      "tn" : 1756387321023850084,
      "q" : "1",
      "p" : "0.18304",
      "s" : "sell",
      "i" : "MINAUSD-PERP",
      "m" : "4611686018429348223"
    }, {
      "d" : "1756387255430952241",
      "t" : 1756387255430,
      "tn" : 1756387255430952240,
      "q" : "1",
      "p" : "0.18294",
      "s" : "sell",
      "i" : "MINAUSD-PERP",
      "m" : "4611686018429348222"
    }, {
      "d" : "1756387255430952240",
      "t" : 1756387255430,
      "tn" : 1756387255430952240,
      "q" : "1",
      "p" : "0.18294",
      "s" : "sell",
      "i" : "MINAUSD-PERP",
      "m" : "4611686018429348222"
    }, {
      "d" : "1756387219091541714",
      "t" : 1756387219091,
      "tn" : 1756387219091541713,
      "q" : "1",
      "p" : "0.18284",
      "s" : "sell",
      "i" : "MINAUSD-PERP",
      "m" : "4611686018429348221"
    }, {
      "d" : "1756387219091541713",
      "t" : 1756387219091,
      "tn" : 1756387219091541713,
      "q" : "1",
      "p" : "0.18284",
      "s" : "sell",
      "i" : "MINAUSD-PERP",
      "m" : "4611686018429348221"
    }, {
      "d" : "1756386675543352409",
      "t" : 1756386675543,
      "tn" : 1756386675543352408,
      "q" : "1",
      "p" : "0.18234",
      "s" : "sell",
      "i" : "MINAUSD-PERP",
      "m" : "4611686018429348220"
    }, {
      "d" : "1756386675543352408",
      "t" : 1756386675543,
      "tn" : 1756386675543352408,
      "q" : "1",
      "p" : "0.18234",
      "s" : "sell",
      "i" : "MINAUSD-PERP",
      "m" : "4611686018429348220"
    }, {
      "d" : "1756386584466066927",
      "t" : 1756386584466,
      "tn" : 1756386584466066926,
      "q" : "1",
      "p" : "0.18224",
      "s" : "sell",
      "i" : "MINAUSD-PERP",
      "m" : "4611686018429348219"
    }, {
      "d" : "1756386584466066926",
      "t" : 1756386584466,
      "tn" : 1756386584466066926,
      "q" : "1",
      "p" : "0.18224",
      "s" : "sell",
      "i" : "MINAUSD-PERP",
      "m" : "4611686018429348219"
    }, {
      "d" : "1756386415706417301",
      "t" : 1756386415706,
      "tn" : 1756386415706417300,
      "q" : "1",
      "p" : "0.18234",
      "s" : "sell",
      "i" : "MINAUSD-PERP",
      "m" : "4611686018429348218"
    }, {
      "d" : "1756386415706417300",
      "t" : 1756386415706,
      "tn" : 1756386415706417300,
      "q" : "1",
      "p" : "0.18234",
      "s" : "sell",
      "i" : "MINAUSD-PERP",
      "m" : "4611686018429348218"
    }, {
      "d" : "1756386381454300861",
      "t" : 1756386381454,
      "tn" : 1756386381454300860,
      "q" : "1",
      "p" : "0.18224",
      "s" : "sell",
      "i" : "MINAUSD-PERP",
      "m" : "4611686018429348217"
    }, {
      "d" : "1756386381454300860",
      "t" : 1756386381454,
      "tn" : 1756386381454300860,
      "q" : "1",
      "p" : "0.18224",
      "s" : "sell",
      "i" : "MINAUSD-PERP",
      "m" : "4611686018429348217"
    }, {
      "d" : "1756386336499314781",
      "t" : 1756386336499,
      "tn" : 1756386336499314780,
      "q" : "1",
      "p" : "0.18234",
      "s" : "sell",
      "i" : "MINAUSD-PERP",
      "m" : "4611686018429348216"
    }, {
      "d" : "1756386336499314780",
      "t" : 1756386336499,
      "tn" : 1756386336499314780,
      "q" : "1",
      "p" : "0.18234",
      "s" : "sell",
      "i" : "MINAUSD-PERP",
      "m" : "4611686018429348216"
    }, {
      "d" : "1756386146405341818",
      "t" : 1756386146405,
      "tn" : 1756386146405341817,
      "q" : "1",
      "p" : "0.18214",
      "s" : "sell",
      "i" : "MINAUSD-PERP",
      "m" : "4611686018429348215"
    }, {
      "d" : "1756386146405341817",
      "t" : 1756386146405,
      "tn" : 1756386146405341817,
      "q" : "1",
      "p" : "0.18214",
      "s" : "sell",
      "i" : "MINAUSD-PERP",
      "m" : "4611686018429348215"
    }, {
      "d" : "1756386110573577272",
      "t" : 1756386110573,
      "tn" : 1756386110573577271,
      "q" : "1",
      "p" : "0.18204",
      "s" : "sell",
      "i" : "MINAUSD-PERP",
      "m" : "4611686018429348214"
    }, {
      "d" : "1756386110573577271",
      "t" : 1756386110573,
      "tn" : 1756386110573577271,
      "q" : "1",
      "p" : "0.18204",
      "s" : "sell",
      "i" : "MINAUSD-PERP",
      "m" : "4611686018429348214"
    }, {
      "d" : "1756386105676890188",
      "t" : 1756386105676,
      "tn" : 1756386105676890187,
      "q" : "1",
      "p" : "0.18214",
      "s" : "sell",
      "i" : "MINAUSD-PERP",
      "m" : "4611686018429348213"
    }, {
      "d" : "1756386105676890187",
      "t" : 1756386105676,
      "tn" : 1756386105676890187,
      "q" : "1",
      "p" : "0.18214",
      "s" : "sell",
      "i" : "MINAUSD-PERP",
      "m" : "4611686018429348213"
    }, {
      "d" : "1756386048658275950",
      "t" : 1756386048658,
      "tn" : 1756386048658275949,
      "q" : "1",
      "p" : "0.18224",
      "s" : "sell",
      "i" : "MINAUSD-PERP",
      "m" : "4611686018429348212"
    }, {
      "d" : "1756386048658275949",
      "t" : 1756386048658,
      "tn" : 1756386048658275949,
      "q" : "1",
      "p" : "0.18224",
      "s" : "sell",
      "i" : "MINAUSD-PERP",
      "m" : "4611686018429348212"
    }, {
      "d" : "1756385959057169698",
      "t" : 1756385959057,
      "tn" : 1756385959057169697,
      "q" : "1",
      "p" : "0.18224",
      "s" : "sell",
      "i" : "MINAUSD-PERP",
      "m" : "4611686018429348211"
    }, {
      "d" : "1756385959057169697",
      "t" : 1756385959057,
      "tn" : 1756385959057169697,
      "q" : "1",
      "p" : "0.18224",
      "s" : "sell",
      "i" : "MINAUSD-PERP",
      "m" : "4611686018429348211"
    }, {
      "d" : "1756385881869481032",
      "t" : 1756385881869,
      "tn" : 1756385881869481032,
      "q" : "1",
      "p" : "0.18215",
      "s" : "sell",
      "i" : "MINAUSD-PERP",
      "m" : "4611686018429348210"
    }, {
      "d" : "1756385780763198556",
      "t" : 1756385780763,
      "tn" : 1756385780763198556,
      "q" : "1",
      "p" : "0.18235",
      "s" : "sell",
      "i" : "MINAUSD-PERP",
      "m" : "4611686018429348209"
    }, {
      "d" : "1756385670618387040",
      "t" : 1756385670618,
      "tn" : 1756385670618387040,
      "q" : "1",
      "p" : "0.18225",
      "s" : "sell",
      "i" : "MINAUSD-PERP",
      "m" : "4611686018429348208"
    }, {
      "d" : "1756385598322907462",
      "t" : 1756385598322,
      "tn" : 1756385598322907462,
      "q" : "1",
      "p" : "0.18235",
      "s" : "sell",
      "i" : "MINAUSD-PERP",
      "m" : "4611686018429348207"
    }, {
      "d" : "1756385579170894174",
      "t" : 1756385579170,
      "tn" : 1756385579170894174,
      "q" : "1",
      "p" : "0.18245",
      "s" : "sell",
      "i" : "MINAUSD-PERP",
      "m" : "4611686018429348206"
    }, {
      "d" : "1756385577683641419",
      "t" : 1756385577683,
      "tn" : 1756385577683641419,
      "q" : "1",
      "p" : "0.18255",
      "s" : "sell",
      "i" : "MINAUSD-PERP",
      "m" : "4611686018429348205"
    }, {
      "d" : "1756385530927352950",
      "t" : 1756385530927,
      "tn" : 1756385530927352950,
      "q" : "1",
      "p" : "0.18275",
      "s" : "sell",
      "i" : "MINAUSD-PERP",
      "m" : "4611686018429348204"
    }, {
      "d" : "1756385435101815881",
      "t" : 1756385435101,
      "tn" : 1756385435101815881,
      "q" : "1",
      "p" : "0.18255",
      "s" : "sell",
      "i" : "MINAUSD-PERP",
      "m" : "4611686018429348203"
    }, {
      "d" : "1756385394135532705",
      "t" : 1756385394135,
      "tn" : 1756385394135532705,
      "q" : "1",
      "p" : "0.18265",
      "s" : "sell",
      "i" : "MINAUSD-PERP",
      "m" : "4611686018429348202"
    }, {
      "d" : "1756385329158032431",
      "t" : 1756385329158,
      "tn" : 1756385329158032431,
      "q" : "1",
      "p" : "0.18255",
      "s" : "sell",
      "i" : "MINAUSD-PERP",
      "m" : "4611686018429348201"
    }, {
      "d" : "1756385285204314466",
      "t" : 1756385285204,
      "tn" : 1756385285204314466,
      "q" : "1",
      "p" : "0.18245",
      "s" : "sell",
      "i" : "MINAUSD-PERP",
      "m" : "4611686018429348200"
    }, {
      "d" : "1756385226205031892",
      "t" : 1756385226205,
      "tn" : 1756385226205031892,
      "q" : "1",
      "p" : "0.18255",
      "s" : "sell",
      "i" : "MINAUSD-PERP",
      "m" : "4611686018429348199"
    }, {
      "d" : "1756385197628798398",
      "t" : 1756385197628,
      "tn" : 1756385197628798398,
      "q" : "1",
      "p" : "0.18265",
      "s" : "sell",
      "i" : "MINAUSD-PERP",
      "m" : "4611686018429348198"
    }, {
      "d" : "1756385185760281834",
      "t" : 1756385185760,
      "tn" : 1756385185760281834,
      "q" : "1",
      "p" : "0.18255",
      "s" : "sell",
      "i" : "MINAUSD-PERP",
      "m" : "4611686018429348197"
    }, {
      "d" : "1756385134962173114",
      "t" : 1756385134962,
      "tn" : 1756385134962173114,
      "q" : "1",
      "p" : "0.18265",
      "s" : "sell",
      "i" : "MINAUSD-PERP",
      "m" : "4611686018429348196"
    }, {
      "d" : "1756385132112369795",
      "t" : 1756385132112,
      "tn" : 1756385132112369795,
      "q" : "1",
      "p" : "0.18276",
      "s" : "sell",
      "i" : "MINAUSD-PERP",
      "m" : "4611686018429348195"
    }, {
      "d" : "1756385103885505336",
      "t" : 1756385103885,
      "tn" : 1756385103885505336,
      "q" : "1",
      "p" : "0.18286",
      "s" : "sell",
      "i" : "MINAUSD-PERP",
      "m" : "4611686018429348194"
    }, {
      "d" : "1756385100101824144",
      "t" : 1756385100101,
      "tn" : 1756385100101824144,
      "q" : "1",
      "p" : "0.18284",
      "s" : "sell",
      "i" : "MINAUSD-PERP",
      "m" : "4611686018429348193"
    }, {
      "d" : "1756385021220695709",
      "t" : 1756385021220,
      "tn" : 1756385021220695709,
      "q" : "1",
      "p" : "0.18296",
      "s" : "sell",
      "i" : "MINAUSD-PERP",
      "m" : "4611686018429348192"
    }, {
      "d" : "1756384981348090194",
      "t" : 1756384981348,
      "tn" : 1756384981348090194,
      "q" : "1",
      "p" : "0.18276",
      "s" : "sell",
      "i" : "MINAUSD-PERP",
      "m" : "4611686018429348191"
    }, {
      "d" : "1756384949608885863",
      "t" : 1756384949608,
      "tn" : 1756384949608885863,
      "q" : "1",
      "p" : "0.18296",
      "s" : "sell",
      "i" : "MINAUSD-PERP",
      "m" : "4611686018429348190"
    }, {
      "d" : "1756384920242676215",
      "t" : 1756384920242,
      "tn" : 1756384920242676215,
      "q" : "1",
      "p" : "0.18276",
      "s" : "sell",
      "i" : "MINAUSD-PERP",
      "m" : "4611686018429348189"
    }, {
      "d" : "1756384900056640253",
      "t" : 1756384900056,
      "tn" : 1756384900056640253,
      "q" : "1",
      "p" : "0.18286",
      "s" : "sell",
      "i" : "MINAUSD-PERP",
      "m" : "4611686018429348188"
    } ]
  }
}