{
  "id" : -1,
  "method" : "public/get-trades",
  "code" : 0,
  "result" : {
    "data" : [ {
      "d" : "1756458181776227316",
      "t" : 1756458181776,
      "tn" : 1756458181776227316,
      "q" : "199.0",
      "p" : "0.17782",
      "s" : "sell",
      "i" : "MINA_USD",
      "m" : "4611686018430030055"
    }, {
      "d" : "1756458181564158364",
      "t" : 1756458181564,
      "tn" : 1756458181564158364,
      "q" : "280.0",
      "p" : "0.17782",
      "s" : "sell",
      "i" : "MINA_USD",
      "m" : "4611686018430030054"
    }, {
      "d" : "1756458181531996214",
      "t" : 1756458181531,
      "tn" : 1756458181531996214,
      "q" : "281.0",
      "p" : "0.17782",
      "s" : "sell",
      "i" : "MINA_USD",
      "m" : "4611686018430030053"
    }, {
      "d" : "1756455075753929535",
      "t" : 1756455075753,
      "tn" : 1756455075753929535,
      "q" : "275.0",
      "p" : "0.18143",
      "s" : "sell",
      "i" : "MINA_USD",
      "m" : "4611686018430030052"
    }, {
      "d" : "1756455073866868015",
      "t" : 1756455073866,
      "tn" : 1756455073866868015,
      "q" : "190.0",
      "p" : "0.18143",
      "s" : "sell",
      "i" : "MINA_USD",
      "m" : "4611686018430030051"
    }, {
      "d" : "1756455073782716940",
      "t" : 1756455073782,
      "tn" : 1756455073782716940,
      "q" : "276.0",
      "p" : "0.18143",
      "s" : "sell",
      "i" : "MINA_USD",
      "m" : "4611686018430030050"
    }, {
      "d" : "1756455073782095975",
      "t" : 1756455073782,
      "tn" : 1756455073782095975,
      "q" : "275.0",
      "p" : "0.18143",
      "s" : "sell",
      "i" : "MINA_USD",
      "m" : "4611686018430030049"
    }, {
      "d" : "1756455073781445075",
      "t" : 1756455073781,
      "tn" : 1756455073781445075,
      "q" : "551.0",
      "p" : "0.18143",
      "s" : "sell",
      "i" : "MINA_USD",
      "m" : "4611686018430030048"
    }, {
      "d" : "1756455073780269603",
      "t" : 1756455073780,
      "tn" : 1756455073780269603,
      "q" : "633.0",
      "p" : "0.18143",
      "s" : "sell",
      "i" : "MINA_USD",
      "m" : "4611686018430030047"
    }, {
      "d" : "1756454615891666274",
      "t" : 1756454615891,
      "tn" : 1756454615891666274,
      "q" : "274.0",
      "p" : "0.18246",
      "s" : "sell",
      "i" : "MINA_USD",
      "m" : "4611686018430030046"
    }, {
      "d" : "1756452166536660236",
      "t" : 1756452166536,
      "tn" : 1756452166536660235,
      "q" : "1029.1",
      "p" : "0.18317",
      "s" : "buy",
      "i" : "MINA_USD",
      "m" : "4611686018430030045"
    }, {
      "d" : "1756452166536660235",
      "t" : 1756452166536,
      "tn" : 1756452166536660235,
      "q" : "181.2",
      "p" : "0.18317",
      "s" : "buy",
      "i" : "MINA_USD",
      "m" : "4611686018430030045"
    }, {
      "d" : "1756450902722279139",
      "t" : 1756450902722,
      "tn" : 1756450902722279139,
      "q" : "813.0",
      "p" : "0.18465",
      "s" : "sell",
      "i" : "MINA_USD",
      "m" : "4611686018430030044"
    }, {
      "d" : "1756450902721841886",
      "t" : 1756450902721,
      "tn" : 1756450902721841886,
      "q" : "271.0",
      "p" : "0.18465",
      "s" : "sell",
      "i" : "MINA_USD",
      "m" : "4611686018430030043"
    }, {
      "d" : "1756450901110370570",
      "t" : 1756450901110,
      "tn" : 1756450901110370570,
      "q" : "85.2",
      "p" : "0.18465",
      "s" : "sell",
      "i" : "MINA_USD",
      "m" : "4611686018430030042"
    }, {
      "d" : "1756450892202894406",
      "t" : 1756450892202,
      "tn" : 1756450892202894406,
      "q" : "540.0",
      "p" : "0.18515",
      "s" : "sell",
      "i" : "MINA_USD",
      "m" : "4611686018430030041"
    }, {
      "d" : "1756450892202201726",
      "t" : 1756450892202,
      "tn" : 1756450892202201726,
      "q" : "270.0",
      "p" : "0.18515",
      "s" : "sell",
      "i" : "MINA_USD",
      "m" : "4611686018430030040"
    }, {
      "d" : "1756448546569630429",
      "t" : 1756448546569,
      "tn" : 1756448546569630429,
      "q" : "508.0",
      "p" : "0.18486",
      "s" : "buy",
      "i" : "MINA_USD",
      "m" : "4611686018430030039"
    }, {
      "d" : "1756445918504877802",
      "t" : 1756445918504,
      "tn" : 1756445918504877802,
      "q" : "879.2",
      "p" : "0.18522",
      "s" : "sell",
      "i" : "MINA_USD",
      "m" : "4611686018430030038"
    }, {
      "d" : "1756440756511721070",
      "t" : 1756440756511,
      "tn" : 1756440756511721070,
      "q" : "200.6",
      "p" : "0.18510",
      "s" : "buy",
      "i" : "MINA_USD",
      "m" : "4611686018430030037"
    }, {
      "d" : "1756439069170148561",
      "t" : 1756439069170,
      "tn" : 1756439069170148561,
      "q" : "1090.0",
      "p" : "0.18681",
      "s" : "buy",
      "i" : "MINA_USD",
      "m" : "4611686018430030036"
    }, {
      "d" : "1756434321563035614",
      "t" : 1756434321563,
      "tn" : 1756434321563035614,
      "q" : "517.9",
      "p" : "0.18609",
      "s" : "sell",
      "i" : "MINA_USD",
      "m" : "4611686018430030035"
    }, {
      "d" : "1756434301547030341",
      "t" : 1756434301547,
      "tn" : 1756434301547030341,
      "q" : "266.9",
      "p" : "0.18609",
      "s" : "sell",
      "i" : "MINA_USD",
      "m" : "4611686018430030034"
    }, {
      "d" : "1756433092615025463",
      "t" : 1756433092615,
      "tn" : 1756433092615025463,
      "q" : "1030.0",
      "p" : "0.18529",
      "s" : "buy",
      "i" : "MINA_USD",
      "m" : "4611686018430030033"
    }, {
      "d" : "1756431056557229775",
      "t" : 1756431056557,
      "tn" : 1756431056557229775,
      "q" : "373.8",
      "p" : "0.18497",
      "s" : "buy",
      "i" : "MINA_USD",
      "m" : "4611686018430030032"
    }, {
      "d" : "1756418708906342867",
      "t" : 1756418708906,
      "tn" : 1756418708906342867,
      "q" : "3687.7",
      "p" : "0.18609",
      "s" : "buy",
      "i" : "MINA_USD",
      "m" : "4611686018430030031"
    }, {
      "d" : "1756418706747437053",
      "t" : 1756418706747,
      "tn" : 1756418706747437053,
      "q" : "719.3",
      "p" : "0.18608",
      "s" : "sell",
      "i" : "MINA_USD",
      "m" : "4611686018430030030"
    }, {
      "d" : "1756418706740728777",
      "t" : 1756418706740,
      "tn" : 1756418706740728777,
      "q" : "345.0",
      "p" : "0.18608",
      "s" : "sell",
      "i" : "MINA_USD",
      "m" : "4611686018430030029"
    }, {
      "d" : "1756418706739063898",
      "t" : 1756418706739,
      "tn" : 1756418706739063898,
      "q" : "180.0",
      "p" : "0.18608",
      "s" : "sell",
      "i" : "MINA_USD",
      "m" : "4611686018430030028"
    }, {
      "d" : "1756418706730876248",
      "t" : 1756418706730,
      "tn" : 1756418706730876248,
      "q" : "2687.0",
      "p" : "0.18608",
      "s" : "sell",
      "i" : "MINA_USD",
      "m" : "4611686018430030027"
    }, {
      "d" : "1756418706728243583",
      "t" : 1756418706728,
      "tn" : 1756418706728243583,
      "q" : "37.4",
      "p" : "0.18608",
      "s" : "sell",
      "i" : "MINA_USD",
      "m" : "4611686018430030026"
    }, {
      "d" : "1756418706719389513",
      "t" : 1756418706719,
      "tn" : 1756418706719389512,
      "q" : "2455.0",
      "p" : "0.18608",
      "s" : "buy",
      "i" : "MINA_USD",
      "m" : "4611686018430030025"
    }, {
      "d" : "1756418706719389512",
      "t" : 1756418706719,
      "tn" : 1756418706719389512,
      "q" : "16.3",
      "p" : "0.18608",
      "s" : "buy",
      "i" : "MINA_USD",
      "m" : "4611686018430030025"
    }, {
      "d" : "1756418056276188464",
      "t" : 1756418056276,
      "tn" : 1756418056276188464,
      "q" : "513.5",
      "p" : "0.18589",
      "s" : "buy",
      "i" : "MINA_USD",
      "m" : "4611686018430030024"
    }, {
      "d" : "1756417944731510234",
      "t" : 1756417944731,
      "tn" : 1756417944731510234,
      "q" : "4298.8",
      "p" : "0.18588",
      "s" : "buy",
      "i" : "MINA_USD",
      "m" : "4611686018430030023"
    }, {
      "d" : "1756417943331329585",
      "t" : 1756417943331,
      "tn" : 1756417943331329585,
      "q" : "1582.2",
      "p" : "0.18588",
      "s" : "sell",
      "i" : "MINA_USD",
      "m" : "4611686018430030022"
    }, {
      "d" : "1756417943328875713",
      "t" : 1756417943328,
      "tn" : 1756417943328875713,
      "q" : "188.4",
      "p" : "0.18588",
      "s" : "sell",
      "i" : "MINA_USD",
      "m" : "4611686018430030021"
    }, {
      "d" : "1756417943323188809",
      "t" : 1756417943323,
      "tn" : 1756417943323188809,
      "q" : "4669.4",
      "p" : "0.18588",
      "s" : "buy",
      "i" : "MINA_USD",
      "m" : "4611686018430030020"
    }, {
      "d" : "1756417939199820637",
      "t" : 1756417939199,
      "tn" : 1756417939199820637,
      "q" : "2408.1",
      "p" : "0.18566",
      "s" : "sell",
      "i" : "MINA_USD",
      "m" : "4611686018430030019"
    }, {
      "d" : "1756417939197204711",
      "t" : 1756417939197,
      "tn" : 1756417939197204711,
      "q" : "78.2",
      "p" : "0.18566",
      "s" : "buy",
      "i" : "MINA_USD",
      "m" : "4611686018430030018"
    }, {
      "d" : "1756415812660965760",
      "t" : 1756415812660,
      "tn" : 1756415812660965760,
      "q" : "721.7",
      "p" : "0.18377",
      "s" : "buy",
      "i" : "MINA_USD",
      "m" : "4611686018430030017"
    }, {
      "d" : "1756414555947432771",
      "t" : 1756414555947,
      "tn" : 1756414555947432771,
      "q" : "420.9",
      "p" : "0.18264",
      "s" : "sell",
      "i" : "MINA_USD",
      "m" : "4611686018430030016"
    }, {
      "d" : "1756414221224132963",
      "t" : 1756414221224,
      "tn" : 1756414221224132963,
      "q" : "354.7",
      "p" : "0.18305",
      "s" : "buy",
      "i" : "MINA_USD",
      "m" : "4611686018430030015"
    }, {
      "d" : "1756401136173008158",
      "t" : 1756401136173,
      "tn" : 1756401136173008158,
      "q" : "54.0",
      "p" : "0.18256",
      "s" : "buy",
      "i" : "MINA_USD",
      "m" : "4611686018430030014"
    }, {
      "d" : "1756400358994162610",
      "t" : 1756400358994,
      "tn" : 1756400358994162610,
      "q" : "5.3",
      "p" : "0.18233",
      "s" : "sell",
      "i" : "MINA_USD",
      "m" : "4611686018430030013"
    }, {
      "d" : "1756400358994160793",
      "t" : 1756400358994,
      "tn" : 1756400358994160793,
      "q" : "478.9",
      "p" : "0.18234",
      "s" : "sell",
      "i" : "MINA_USD",
      "m" : "4611686018430030012"
    }, {
      "d" : "1756400358994157349",
      "t" : 1756400358994,
      "tn" : 1756400358994157349,
      "q" : "611.8",
      "p" : "0.18235",
      "s" : "sell",
      "i" : "MINA_USD",
      "m" : "4611686018430030011"
    }, {
      "d" : "1756398226350989334",
      "t" : 1756398226350,
      "tn" : 1756398226350989334,
      "q" : "586.3",
      "p" : "0.18559",
      "s" : "buy",
      "i" : "MINA_USD",
      "m" : "4611686018430030010"
    }, {
      "d" : "1756396468551132464",
      "t" : 1756396468551,
      "tn" : 1756396468551132464,
      "q" : "2801.2",
      "p" : "0.18409",
      "s" : "sell",
      "i" : "MINA_USD",
      "m" : "4611686018430030009"
    }, {
      "d" : "1756396463013662427",
      "t" : 1756396463013,
      "tn" : 1756396463013662427,
      "q" : "1085.8",
      "p" : "0.18409",
      "s" : "sell",
      "i" : "MINA_USD",
      "m" : "4611686018430030008"
    }, {
      "d" : "1756395073710882138",
      "t" : 1756395073710,
      "tn" : 1756395073710882138,
      "q" : "790.2",
      "p" : "0.18671",
      "s" : "buy",
      "i" : "MINA_USD",
      "m" : "4611686018430030007"
    }, {
      "d" : "1756392909982641318",
      "t" : 1756392909982,
      "tn" : 1756392909982641318,
      "q" : "1072.9",
      "p" : "0.18620",
      "s" : "buy",
      "i" : "MINA_USD",
      "m" : "4611686018430030006"
    }, {
      "d" : "1756392909981788108",
      "t" : 1756392909981,
      "tn" : 1756392909981788108,
      "q" : "1069.8",
      "p" : "0.18612",
      "s" : "buy",
      "i" : "MINA_USD",
      "m" : "4611686018430030005"
    }, {
      "d" : "1756392096750157324",
      "t" : 1756392096750,
      "tn" : 1756392096750157324,
      "q" : "603.2",
      "p" : "0.18478",
      "s" : "sell",
      "i" : "MINA_USD",
      "m" : "4611686018430030004"
    }, {
      "d" : "1756391421387128616",
      "t" : 1756391421387,
      "tn" : 1756391421387128616,
      "q" : "2462.8",
      "p" : "0.18587",
      "s" : "sell",
      "i" : "MINA_USD",
      "m" : "4611686018430030003"
    }, {
      "d" : "1756391421387000161",
      "t" : 1756391421387,
      "tn" : 1756391421387000161,
      "q" : "238.0",
      "p" : "0.18587",
      "s" : "sell",
      "i" : "MINA_USD",
      "m" : "4611686018430030002"
    }, {
      "d" : "1756391119061612007",
      "t" : 1756391119061,
      "tn" : 1756391119061612007,
      "q" : "1069.7",
      "p" : "0.18652",
      "s" : "sell",
      "i" : "MINA_USD",
      "m" : "4611686018430030001"
    }, {
      "d" : "1756390502440924806",
      "t" : 1756390502440,
      "tn" : 1756390502440924806,
      "q" : "94.8",
      "p" : "0.18663",
      "s" : "buy",
      "i" : "MINA_USD",
      "m" : "4611686018430030000"
    }, {
      "d" : "1756390502419981442",
      "t" : 1756390502419,
      "tn" : 1756390502419981442,
      "q" : "1900.5",
      "p" : "0.18663",
      "s" : "buy",
      "i" : "MINA_USD",
      "m" : "4611686018430029999"
    }, {
      "d" : "1756389852422261275",
      "t" : 1756389852422,
      "tn" : 1756389852422261275,
      "q" : "879.6",
      "p" : "0.18808",
      "s" : "buy",
      "i" : "MINA_USD",
      "m" : "4611686018430029998"
    }, {
      "d" : "1756389614999991420",
      "t" : 1756389614999,
      "tn" : 1756389614999991420,
      "q" : "143.0",
      "p" : "0.18416",
      "s" : "buy",
      "i" : "MINA_USD",
      "m" : "4611686018430029997"
    }, {
      "d" : "1756385092102089365",
      "t" : 1756385092102,
      "tn" : 1756385092102089365,
      "q" : "1397.1",
      "p" : "0.18319",
      "s" : "buy",
      "i" : "MINA_USD",
      "m" : "4611686018430029996"
    }, {
      "d" : "1756385088908995675",
      "t" : 1756385088908,
      "tn" : 1756385088908995675,
      "q" : "2520.5",
      "p" : "0.18291",
      "s" : "buy",
      "i" : "MINA_USD",
      "m" : "4611686018430029995"
    }, {
      "d" : "1756384295356280391",
      "t" : 1756384295356,
      "tn" : 1756384295356280391,
      "q" : "4077.5",
      "p" : "0.18242",
      "s" : "buy",
      "i" : "MINA_USD",
      "m" : "4611686018430029994"
    }, {
      "d" : "1756384295356278179",
      "t" : 1756384295356,
      "tn" : 1756384295356278179,
      "q" : "827.4",
      "p" : "0.18240",
      "s" : "buy",
      "i" : "MINA_USD",
      "m" : "4611686018430029993"
    }, {
      "d" : "1756384289647716707",
      "t" : 1756384289647,
      "tn" : 1756384289647716707,
      "q" : "827.9",
      "p" : "0.18205",
      "s" : "buy",
      "i" : "MINA_USD",
      "m" : "4611686018430029992"
    }, {
      "d" : "1756384214921309648",
      "t" : 1756384214921,
      "tn" : 1756384214921309648,
      "q" : "1314.0",
      "p" : "0.18255",
      "s" : "buy",
      "i" : "MINA_USD",
      "m" : "4611686018430029991"
    }, {
      "d" : "1756379580443174793",
      "t" : 1756379580443,
      "tn" : 1756379580443174793,
      "q" : "1010.6",
      "p" : "0.18115",
      "s" : "sell",
      "i" : "MINA_USD",
      "m" : "4611686018430029990"
    } ]
  }
}