{
  "id" : -1,
  "method" : "public/get-trades",
  "code" : 0,
  "result" : {
    "data" : [ {
      "d" : "1756461731981407718",
      "t" : 1756461731981,
      "tn" : 1756461731981407718,
      "q" : "0.0008",
      "p" : "1539.71",
      "s" : "buy",
      "i" : "MKR_USDT",
      "m" : "4611686018430765947"
    }, {
      "d" : "1756461278791407018",
      "t" : 1756461278791,
      "tn" : 1756461278791407018,
      "q" : "0.0007",
      "p" : "1542.07",
      "s" : "buy",
      "i" : "MKR_USDT",
      "m" : "4611686018430765946"
    }, {
      "d" : "1756460958142664652",
      "t" : 1756460958142,
      "tn" : 1756460958142664652,
      "q" : "0.0008",
      "p" : "1540.70",
      "s" : "buy",
      "i" : "MKR_USDT",
      "m" : "4611686018430765945"
    }, {
      "d" : "1756460958073426841",
      "t" : 1756460958073,
      "tn" : 1756460958073426841,
      "q" : "0.0008",
      "p" : "1540.62",
      "s" : "buy",
      "i" : "MKR_USDT",
      "m" : "4611686018430765944"
    }, {
      "d" : "1756460958019195114",
      "t" : 1756460958019,
      "tn" : 1756460958019195114,
      "q" : "0.0008",
      "p" : "1540.63",
      "s" : "buy",
      "i" : "MKR_USDT",
      "m" : "4611686018430765943"
    }, {
      "d" : "1756460957935835396",
      "t" : 1756460957935,
      "tn" : 1756460957935835396,
      "q" : "0.0008",
      "p" : "1538.68",
      "s" : "buy",
      "i" : "MKR_USDT",
      "m" : "4611686018430765942"
    }, {
      "d" : "1756460952984787333",
      "t" : 1756460952984,
      "tn" : 1756460952984787333,
      "q" : "0.0008",
      "p" : "1539.03",
      "s" : "buy",
      "i" : "MKR_USDT",
      "m" : "4611686018430765941"
    }, {
      "d" : "1756460653587661388",
      "t" : 1756460653587,
      "tn" : 1756460653587661388,
      "q" : "0.0007",
      "p" : "1531.41",
      "s" : "sell",
      "i" : "MKR_USDT",
      "m" : "4611686018430765940"
    }, {
      "d" : "1756459566305245165",
      "t" : 1756459566305,
      "tn" : 1756459566305245165,
      "q" : "0.0008",
      "p" : "1531.12",
      "s" : "sell",
      "i" : "MKR_USDT",
      "m" : "4611686018430765939"
    }, {
      "d" : "1756459566147824019",
      "t" : 1756459566147,
      "tn" : 1756459566147824019,
      "q" : "0.0008",
      "p" : "1531.72",
      "s" : "sell",
      "i" : "MKR_USDT",
      "m" : "4611686018430765938"
    }, {
      "d" : "1756459392726786548",
      "t" : 1756459392726,
      "tn" : 1756459392726786548,
      "q" : "0.0008",
      "p" : "1534.27",
      "s" : "sell",
      "i" : "MKR_USDT",
      "m" : "4611686018430765937"
    }, {
      "d" : "1756459284154258788",
      "t" : 1756459284154,
      "tn" : 1756459284154258788,
      "q" : "0.0008",
      "p" : "1536.40",
      "s" : "buy",
      "i" : "MKR_USDT",
      "m" : "4611686018430765936"
    }, {
      "d" : "1756459277776635324",
      "t" : 1756459277776,
      "tn" : 1756459277776635324,
      "q" : "0.0008",
      "p" : "1536.32",
      "s" : "sell",
      "i" : "MKR_USDT",
      "m" : "4611686018430765935"
    }, {
      "d" : "1756459234496661916",
      "t" : 1756459234496,
      "tn" : 1756459234496661916,
      "q" : "0.0008",
      "p" : "1537.25",
      "s" : "sell",
      "i" : "MKR_USDT",
      "m" : "4611686018430765934"
    }, {
      "d" : "1756459234494849258",
      "t" : 1756459234494,
      "tn" : 1756459234494849258,
      "q" : "0.0008",
      "p" : "1537.26",
      "s" : "buy",
      "i" : "MKR_USDT",
      "m" : "4611686018430765933"
    }, {
      "d" : "1756459116887434465",
      "t" : 1756459116887,
      "tn" : 1756459116887434465,
      "q" : "0.0008",
      "p" : "1531.88",
      "s" : "buy",
      "i" : "MKR_USDT",
      "m" : "4611686018430765932"
    }, {
      "d" : "1756459116822137604",
      "t" : 1756459116822,
      "tn" : 1756459116822137604,
      "q" : "0.0008",
      "p" : "1531.96",
      "s" : "buy",
      "i" : "MKR_USDT",
      "m" : "4611686018430765931"
    }, {
      "d" : "1756459116741941375",
      "t" : 1756459116741,
      "tn" : 1756459116741941375,
      "q" : "0.0008",
      "p" : "1532.05",
      "s" : "buy",
      "i" : "MKR_USDT",
      "m" : "4611686018430765930"
    }, {
      "d" : "1756459116526508113",
      "t" : 1756459116526,
      "tn" : 1756459116526508113,
      "q" : "0.0008",
      "p" : "1532.05",
      "s" : "buy",
      "i" : "MKR_USDT",
      "m" : "4611686018430765929"
    }, {
      "d" : "1756459116387993097",
      "t" : 1756459116387,
      "tn" : 1756459116387993097,
      "q" : "0.0008",
      "p" : "1532.05",
      "s" : "buy",
      "i" : "MKR_USDT",
      "m" : "4611686018430765928"
    }, {
      "d" : "1756459115980068610",
      "t" : 1756459115980,
      "tn" : 1756459115980068610,
      "q" : "0.0008",
      "p" : "1532.08",
      "s" : "buy",
      "i" : "MKR_USDT",
      "m" : "4611686018430765927"
    }, {
      "d" : "1756459115874798662",
      "t" : 1756459115874,
      "tn" : 1756459115874798662,
      "q" : "0.0008",
      "p" : "1532.09",
      "s" : "buy",
      "i" : "MKR_USDT",
      "m" : "4611686018430765926"
    }, {
      "d" : "1756459115529084012",
      "t" : 1756459115529,
      "tn" : 1756459115529084012,
      "q" : "0.0008",
      "p" : "1532.10",
      "s" : "buy",
      "i" : "MKR_USDT",
      "m" : "4611686018430765925"
    }, {
      "d" : "1756459115387851727",
      "t" : 1756459115387,
      "tn" : 1756459115387851727,
      "q" : "0.0008",
      "p" : "1532.10",
      "s" : "buy",
      "i" : "MKR_USDT",
      "m" : "4611686018430765924"
    }, {
      "d" : "1756458923324169347",
      "t" : 1756458923324,
      "tn" : 1756458923324169347,
      "q" : "0.0008",
      "p" : "1527.00",
      "s" : "buy",
      "i" : "MKR_USDT",
      "m" : "4611686018430765923"
    }, {
      "d" : "1756458909123172963",
      "t" : 1756458909123,
      "tn" : 1756458909123172963,
      "q" : "0.0008",
      "p" : "1526.41",
      "s" : "buy",
      "i" : "MKR_USDT",
      "m" : "4611686018430765922"
    }, {
      "d" : "1756458664290102806",
      "t" : 1756458664290,
      "tn" : 1756458664290102806,
      "q" : "0.0008",
      "p" : "1524.90",
      "s" : "buy",
      "i" : "MKR_USDT",
      "m" : "4611686018430765921"
    }, {
      "d" : "1756458514440928648",
      "t" : 1756458514440,
      "tn" : 1756458514440928648,
      "q" : "0.0008",
      "p" : "1523.98",
      "s" : "buy",
      "i" : "MKR_USDT",
      "m" : "4611686018430765920"
    }, {
      "d" : "1756458514208385885",
      "t" : 1756458514208,
      "tn" : 1756458514208385885,
      "q" : "0.0008",
      "p" : "1523.98",
      "s" : "buy",
      "i" : "MKR_USDT",
      "m" : "4611686018430765919"
    }, {
      "d" : "1756458317524670789",
      "t" : 1756458317524,
      "tn" : 1756458317524670788,
      "q" : "0.3577",
      "p" : "1525.45",
      "s" : "buy",
      "i" : "MKR_USDT",
      "m" : "4611686018430765918"
    }, {
      "d" : "1756458317524670788",
      "t" : 1756458317524,
      "tn" : 1756458317524670788,
      "q" : "0.0597",
      "p" : "1525.45",
      "s" : "buy",
      "i" : "MKR_USDT",
      "m" : "4611686018430765918"
    }, {
      "d" : "1756458313998403948",
      "t" : 1756458313998,
      "tn" : 1756458313998403948,
      "q" : "0.0008",
      "p" : "1524.72",
      "s" : "sell",
      "i" : "MKR_USDT",
      "m" : "4611686018430765917"
    }, {
      "d" : "1756458169325036979",
      "t" : 1756458169325,
      "tn" : 1756458169325036979,
      "q" : "0.0008",
      "p" : "1522.48",
      "s" : "sell",
      "i" : "MKR_USDT",
      "m" : "4611686018430765916"
    }, {
      "d" : "1756458038658903469",
      "t" : 1756458038658,
      "tn" : 1756458038658903469,
      "q" : "0.0008",
      "p" : "1522.42",
      "s" : "buy",
      "i" : "MKR_USDT",
      "m" : "4611686018430765915"
    }, {
      "d" : "1756457890964554590",
      "t" : 1756457890964,
      "tn" : 1756457890964554590,
      "q" : "0.0008",
      "p" : "1524.60",
      "s" : "buy",
      "i" : "MKR_USDT",
      "m" : "4611686018430765914"
    }, {
      "d" : "1756457890958056340",
      "t" : 1756457890958,
      "tn" : 1756457890958056340,
      "q" : "0.0155",
      "p" : "1524.38",
      "s" : "buy",
      "i" : "MKR_USDT",
      "m" : "4611686018430765913"
    }, {
      "d" : "1756457890825322036",
      "t" : 1756457890825,
      "tn" : 1756457890825322036,
      "q" : "0.0008",
      "p" : "1523.97",
      "s" : "buy",
      "i" : "MKR_USDT",
      "m" : "4611686018430765912"
    }, {
      "d" : "1756457734060107270",
      "t" : 1756457734060,
      "tn" : 1756457734060107270,
      "q" : "0.0008",
      "p" : "1522.31",
      "s" : "buy",
      "i" : "MKR_USDT",
      "m" : "4611686018430765911"
    }, {
      "d" : "1756457702306496522",
      "t" : 1756457702306,
      "tn" : 1756457702306496522,
      "q" : "0.0008",
      "p" : "1521.61",
      "s" : "buy",
      "i" : "MKR_USDT",
      "m" : "4611686018430765910"
    }, {
      "d" : "1756457702166226798",
      "t" : 1756457702166,
      "tn" : 1756457702166226798,
      "q" : "0.0008",
      "p" : "1521.23",
      "s" : "buy",
      "i" : "MKR_USDT",
      "m" : "4611686018430765909"
    }, {
      "d" : "1756457646941245590",
      "t" : 1756457646941,
      "tn" : 1756457646941245589,
      "q" : "0.0237",
      "p" : "1520.24",
      "s" : "buy",
      "i" : "MKR_USDT",
      "m" : "4611686018430765908"
    }, {
      "d" : "1756457646941245589",
      "t" : 1756457646941,
      "tn" : 1756457646941245589,
      "q" : "0.3719",
      "p" : "1520.24",
      "s" : "buy",
      "i" : "MKR_USDT",
      "m" : "4611686018430765908"
    }, {
      "d" : "1756457640369279168",
      "t" : 1756457640369,
      "tn" : 1756457640369279168,
      "q" : "0.0008",
      "p" : "1519.91",
      "s" : "buy",
      "i" : "MKR_USDT",
      "m" : "4611686018430765907"
    }, {
      "d" : "1756457598694143489",
      "t" : 1756457598694,
      "tn" : 1756457598694143489,
      "q" : "0.2468",
      "p" : "1517.70",
      "s" : "buy",
      "i" : "MKR_USDT",
      "m" : "4611686018430765906"
    }, {
      "d" : "1756457598693682503",
      "t" : 1756457598693,
      "tn" : 1756457598693682503,
      "q" : "0.1005",
      "p" : "1517.70",
      "s" : "buy",
      "i" : "MKR_USDT",
      "m" : "4611686018430765905"
    }, {
      "d" : "1756457598693679154",
      "t" : 1756457598693,
      "tn" : 1756457598693679154,
      "q" : "0.0823",
      "p" : "1517.69",
      "s" : "buy",
      "i" : "MKR_USDT",
      "m" : "4611686018430765904"
    }, {
      "d" : "1756457556529181146",
      "t" : 1756457556529,
      "tn" : 1756457556529181146,
      "q" : "0.0008",
      "p" : "1517.38",
      "s" : "buy",
      "i" : "MKR_USDT",
      "m" : "4611686018430765903"
    }, {
      "d" : "1756457556494935176",
      "t" : 1756457556494,
      "tn" : 1756457556494935176,
      "q" : "0.0008",
      "p" : "1517.38",
      "s" : "buy",
      "i" : "MKR_USDT",
      "m" : "4611686018430765902"
    }, {
      "d" : "1756457556344707769",
      "t" : 1756457556344,
      "tn" : 1756457556344707769,
      "q" : "0.0008",
      "p" : "1517.38",
      "s" : "buy",
      "i" : "MKR_USDT",
      "m" : "4611686018430765901"
    }, {
      "d" : "1756457556334808983",
      "t" : 1756457556334,
      "tn" : 1756457556334808983,
      "q" : "0.0008",
      "p" : "1517.38",
      "s" : "buy",
      "i" : "MKR_USDT",
      "m" : "4611686018430765900"
    }, {
      "d" : "1756457556118740374",
      "t" : 1756457556118,
      "tn" : 1756457556118740374,
      "q" : "0.0008",
      "p" : "1517.38",
      "s" : "buy",
      "i" : "MKR_USDT",
      "m" : "4611686018430765899"
    }, {
      "d" : "1756457556103723178",
      "t" : 1756457556103,
      "tn" : 1756457556103723178,
      "q" : "0.0008",
      "p" : "1517.38",
      "s" : "buy",
      "i" : "MKR_USDT",
      "m" : "4611686018430765898"
    }, {
      "d" : "1756457556088731425",
      "t" : 1756457556088,
      "tn" : 1756457556088731425,
      "q" : "0.0008",
      "p" : "1517.38",
      "s" : "buy",
      "i" : "MKR_USDT",
      "m" : "4611686018430765897"
    }, {
      "d" : "1756457556043662420",
      "t" : 1756457556043,
      "tn" : 1756457556043662420,
      "q" : "0.0008",
      "p" : "1517.38",
      "s" : "buy",
      "i" : "MKR_USDT",
      "m" : "4611686018430765896"
    }, {
      "d" : "1756457556018714331",
      "t" : 1756457556018,
      "tn" : 1756457556018714331,
      "q" : "0.0008",
      "p" : "1517.38",
      "s" : "buy",
      "i" : "MKR_USDT",
      "m" : "4611686018430765895"
    }, {
      "d" : "1756457555983545620",
      "t" : 1756457555983,
      "tn" : 1756457555983545620,
      "q" : "0.0008",
      "p" : "1517.38",
      "s" : "buy",
      "i" : "MKR_USDT",
      "m" : "4611686018430765894"
    }, {
      "d" : "1756457555958702058",
      "t" : 1756457555958,
      "tn" : 1756457555958702058,
      "q" : "0.0008",
      "p" : "1517.38",
      "s" : "buy",
      "i" : "MKR_USDT",
      "m" : "4611686018430765893"
    }, {
      "d" : "1756457555838390719",
      "t" : 1756457555838,
      "tn" : 1756457555838390719,
      "q" : "0.0008",
      "p" : "1517.38",
      "s" : "buy",
      "i" : "MKR_USDT",
      "m" : "4611686018430765892"
    }, {
      "d" : "1756457555813198563",
      "t" : 1756457555813,
      "tn" : 1756457555813198563,
      "q" : "0.0008",
      "p" : "1517.38",
      "s" : "buy",
      "i" : "MKR_USDT",
      "m" : "4611686018430765891"
    }, {
      "d" : "1756457555793213655",
      "t" : 1756457555793,
      "tn" : 1756457555793213655,
      "q" : "0.0008",
      "p" : "1517.38",
      "s" : "buy",
      "i" : "MKR_USDT",
      "m" : "4611686018430765890"
    }, {
      "d" : "1756457555748117493",
      "t" : 1756457555748,
      "tn" : 1756457555748117493,
      "q" : "0.0008",
      "p" : "1517.38",
      "s" : "buy",
      "i" : "MKR_USDT",
      "m" : "4611686018430765889"
    }, {
      "d" : "1756457555542551240",
      "t" : 1756457555542,
      "tn" : 1756457555542551240,
      "q" : "0.0008",
      "p" : "1517.38",
      "s" : "buy",
      "i" : "MKR_USDT",
      "m" : "4611686018430765888"
    }, {
      "d" : "1756457555526809166",
      "t" : 1756457555526,
      "tn" : 1756457555526809166,
      "q" : "0.0008",
      "p" : "1517.39",
      "s" : "buy",
      "i" : "MKR_USDT",
      "m" : "4611686018430765887"
    }, {
      "d" : "1756457555307860044",
      "t" : 1756457555307,
      "tn" : 1756457555307860044,
      "q" : "0.0008",
      "p" : "1517.40",
      "s" : "buy",
      "i" : "MKR_USDT",
      "m" : "4611686018430765886"
    }, {
      "d" : "1756457534805360112",
      "t" : 1756457534805,
      "tn" : 1756457534805360112,
      "q" : "0.0008",
      "p" : "1517.38",
      "s" : "buy",
      "i" : "MKR_USDT",
      "m" : "4611686018430765885"
    }, {
      "d" : "1756456659586603142",
      "t" : 1756456659586,
      "tn" : 1756456659586603142,
      "q" : "0.0008",
      "p" : "1519.60",
      "s" : "buy",
      "i" : "MKR_USDT",
      "m" : "4611686018430765884"
    }, {
      "d" : "1756456659531520711",
      "t" : 1756456659531,
      "tn" : 1756456659531520711,
      "q" : "0.0008",
      "p" : "1519.59",
      "s" : "buy",
      "i" : "MKR_USDT",
      "m" : "4611686018430765883"
    }, {
      "d" : "1756456659401126191",
      "t" : 1756456659401,
      "tn" : 1756456659401126191,
      "q" : "0.0008",
      "p" : "1519.63",
      "s" : "buy",
      "i" : "MKR_USDT",
      "m" : "4611686018430765882"
    }, {
      "d" : "1756456659361029925",
      "t" : 1756456659361,
      "tn" : 1756456659361029925,
      "q" : "0.0008",
      "p" : "1519.63",
      "s" : "buy",
      "i" : "MKR_USDT",
      "m" : "4611686018430765881"
    }, {
      "d" : "1756456659180452586",
      "t" : 1756456659180,
      "tn" : 1756456659180452586,
      "q" : "0.0008",
      "p" : "1519.37",
      "s" : "buy",
      "i" : "MKR_USDT",
      "m" : "4611686018430765880"
    }, {
      "d" : "1756456659115303328",
      "t" : 1756456659115,
      "tn" : 1756456659115303328,
      "q" : "0.0008",
      "p" : "1519.36",
      "s" : "buy",
      "i" : "MKR_USDT",
      "m" : "4611686018430765879"
    }, {
      "d" : "1756456659064698197",
      "t" : 1756456659064,
      "tn" : 1756456659064698197,
      "q" : "0.0008",
      "p" : "1519.35",
      "s" : "buy",
      "i" : "MKR_USDT",
      "m" : "4611686018430765878"
    }, {
      "d" : "1756456658859334082",
      "t" : 1756456658859,
      "tn" : 1756456658859334082,
      "q" : "0.0008",
      "p" : "1519.34",
      "s" : "buy",
      "i" : "MKR_USDT",
      "m" : "4611686018430765877"
    }, {
      "d" : "1756456658698994679",
      "t" : 1756456658698,
      "tn" : 1756456658698994679,
      "q" : "0.0008",
      "p" : "1519.34",
      "s" : "buy",
      "i" : "MKR_USDT",
      "m" : "4611686018430765876"
    }, {
      "d" : "1756456658629010219",
      "t" : 1756456658629,
      "tn" : 1756456658629010219,
      "q" : "0.0008",
      "p" : "1519.34",
      "s" : "buy",
      "i" : "MKR_USDT",
      "m" : "4611686018430765875"
    }, {
      "d" : "1756456658608914834",
      "t" : 1756456658608,
      "tn" : 1756456658608914834,
      "q" : "0.0008",
      "p" : "1519.31",
      "s" : "buy",
      "i" : "MKR_USDT",
      "m" : "4611686018430765874"
    }, {
      "d" : "1756456658583868192",
      "t" : 1756456658583,
      "tn" : 1756456658583868192,
      "q" : "0.0008",
      "p" : "1519.30",
      "s" : "buy",
      "i" : "MKR_USDT",
      "m" : "4611686018430765873"
    }, {
      "d" : "1756456658558862790",
      "t" : 1756456658558,
      "tn" : 1756456658558862790,
      "q" : "0.0008",
      "p" : "1519.30",
      "s" : "buy",
      "i" : "MKR_USDT",
      "m" : "4611686018430765872"
    }, {
      "d" : "1756456658528776361",
      "t" : 1756456658528,
      "tn" : 1756456658528776361,
      "q" : "0.0008",
      "p" : "1519.30",
      "s" : "buy",
      "i" : "MKR_USDT",
      "m" : "4611686018430765871"
    }, {
      "d" : "1756456658418455842",
      "t" : 1756456658418,
      "tn" : 1756456658418455842,
      "q" : "0.0008",
      "p" : "1519.29",
      "s" : "buy",
      "i" : "MKR_USDT",
      "m" : "4611686018430765870"
    }, {
      "d" : "1756456658408470904",
      "t" : 1756456658408,
      "tn" : 1756456658408470904,
      "q" : "0.0008",
      "p" : "1519.30",
      "s" : "buy",
      "i" : "MKR_USDT",
      "m" : "4611686018430765869"
    }, {
      "d" : "1756456658398423197",
      "t" : 1756456658398,
      "tn" : 1756456658398423197,
      "q" : "0.0008",
      "p" : "1519.30",
      "s" : "buy",
      "i" : "MKR_USDT",
      "m" : "4611686018430765868"
    }, {
      "d" : "1756456658368409031",
      "t" : 1756456658368,
      "tn" : 1756456658368409031,
      "q" : "0.0008",
      "p" : "1519.29",
      "s" : "buy",
      "i" : "MKR_USDT",
      "m" : "4611686018430765867"
    }, {
      "d" : "1756456658358404751",
      "t" : 1756456658358,
      "tn" : 1756456658358404751,
      "q" : "0.0008",
      "p" : "1519.29",
      "s" : "buy",
      "i" : "MKR_USDT",
      "m" : "4611686018430765866"
    }, {
      "d" : "1756456658313358278",
      "t" : 1756456658313,
      "tn" : 1756456658313358278,
      "q" : "0.0008",
      "p" : "1519.28",
      "s" : "buy",
      "i" : "MKR_USDT",
      "m" : "4611686018430765865"
    }, {
      "d" : "1756456658293424370",
      "t" : 1756456658293,
      "tn" : 1756456658293424370,
      "q" : "0.0008",
      "p" : "1519.28",
      "s" : "buy",
      "i" : "MKR_USDT",
      "m" : "4611686018430765864"
    }, {
      "d" : "1756456534550369379",
      "t" : 1756456534550,
      "tn" : 1756456534550369379,
      "q" : "0.1089",
      "p" : "1516.28",
      "s" : "buy",
      "i" : "MKR_USDT",
      "m" : "4611686018430765863"
    }, {
      "d" : "1756456534547672739",
      "t" : 1756456534547,
      "tn" : 1756456534547672739,
      "q" : "1.9280",
      "p" : "1516.28",
      "s" : "buy",
      "i" : "MKR_USDT",
      "m" : "4611686018430765862"
    }, {
      "d" : "1756456534543469597",
      "t" : 1756456534543,
      "tn" : 1756456534543469597,
      "q" : "0.0594",
      "p" : "1516.28",
      "s" : "buy",
      "i" : "MKR_USDT",
      "m" : "4611686018430765861"
    }, {
      "d" : "1756456534543463336",
      "t" : 1756456534543,
      "tn" : 1756456534543463336,
      "q" : "0.0594",
      "p" : "1516.28",
      "s" : "buy",
      "i" : "MKR_USDT",
      "m" : "4611686018430765860"
    }, {
      "d" : "1756456534543143606",
      "t" : 1756456534543,
      "tn" : 1756456534543143606,
      "q" : "1.5815",
      "p" : "1516.28",
      "s" : "buy",
      "i" : "MKR_USDT",
      "m" : "4611686018430765859"
    }, {
      "d" : "1756456534542743287",
      "t" : 1756456534542,
      "tn" : 1756456534542743287,
      "q" : "2.0794",
      "p" : "1516.28",
      "s" : "buy",
      "i" : "MKR_USDT",
      "m" : "4611686018430765858"
    }, {
      "d" : "1756456534540861288",
      "t" : 1756456534540,
      "tn" : 1756456534540861288,
      "q" : "2.5602",
      "p" : "1516.28",
      "s" : "buy",
      "i" : "MKR_USDT",
      "m" : "4611686018430765857"
    }, {
      "d" : "1756456534540433148",
      "t" : 1756456534540,
      "tn" : 1756456534540433148,
      "q" : "2.5623",
      "p" : "1516.28",
      "s" : "buy",
      "i" : "MKR_USDT",
      "m" : "4611686018430765856"
    }, {
      "d" : "1756456534534275188",
      "t" : 1756456534534,
      "tn" : 1756456534534275188,
      "q" : "0.5719",
      "p" : "1516.28",
      "s" : "sell",
      "i" : "MKR_USDT",
      "m" : "4611686018430765855"
    }, {
      "d" : "1756456534534272344",
      "t" : 1756456534534,
      "tn" : 1756456534534272344,
      "q" : "0.4503",
      "p" : "1516.62",
      "s" : "sell",
      "i" : "MKR_USDT",
      "m" : "4611686018430765854"
    }, {
      "d" : "1756456534534269761",
      "t" : 1756456534534,
      "tn" : 1756456534534269761,
      "q" : "0.4416",
      "p" : "1518.19",
      "s" : "sell",
      "i" : "MKR_USDT",
      "m" : "4611686018430765853"
    }, {
      "d" : "1756456534534267243",
      "t" : 1756456534534,
      "tn" : 1756456534534267243,
      "q" : "0.4468",
      "p" : "1518.82",
      "s" : "sell",
      "i" : "MKR_USDT",
      "m" : "4611686018430765852"
    }, {
      "d" : "1756456534534264812",
      "t" : 1756456534534,
      "tn" : 1756456534534264812,
      "q" : "1.2953",
      "p" : "1518.85",
      "s" : "sell",
      "i" : "MKR_USDT",
      "m" : "4611686018430765851"
    }, {
      "d" : "1756456372322421181",
      "t" : 1756456372322,
      "tn" : 1756456372322421181,
      "q" : "0.0008",
      "p" : "1525.96",
      "s" : "sell",
      "i" : "MKR_USDT",
      "m" : "4611686018430765850"
    }, {
      "d" : "1756456372172394825",
      "t" : 1756456372172,
      "tn" : 1756456372172394825,
      "q" : "0.0008",
      "p" : "1525.96",
      "s" : "sell",
      "i" : "MKR_USDT",
      "m" : "4611686018430765849"
    }, {
      "d" : "1756456371736215941",
      "t" : 1756456371736,
      "tn" : 1756456371736215941,
      "q" : "0.0008",
      "p" : "1525.95",
      "s" : "sell",
      "i" : "MKR_USDT",
      "m" : "4611686018430765848"
    }, {
      "d" : "1756456371620903974",
      "t" : 1756456371620,
      "tn" : 1756456371620903974,
      "q" : "0.0008",
      "p" : "1525.95",
      "s" : "sell",
      "i" : "MKR_USDT",
      "m" : "4611686018430765847"
    }, {
      "d" : "1756456371525703617",
      "t" : 1756456371525,
      "tn" : 1756456371525703617,
      "q" : "0.0008",
      "p" : "1525.94",
      "s" : "sell",
      "i" : "MKR_USDT",
      "m" : "4611686018430765846"
    }, {
      "d" : "1756456371285346141",
      "t" : 1756456371285,
      "tn" : 1756456371285346141,
      "q" : "0.0008",
      "p" : "1525.94",
      "s" : "sell",
      "i" : "MKR_USDT",
      "m" : "4611686018430765845"
    }, {
      "d" : "1756456371130202106",
      "t" : 1756456371130,
      "tn" : 1756456371130202106,
      "q" : "0.0008",
      "p" : "1525.94",
      "s" : "sell",
      "i" : "MKR_USDT",
      "m" : "4611686018430765844"
    }, {
      "d" : "1756456371074555952",
      "t" : 1756456371074,
      "tn" : 1756456371074555952,
      "q" : "0.0008",
      "p" : "1525.94",
      "s" : "sell",
      "i" : "MKR_USDT",
      "m" : "4611686018430765843"
    }, {
      "d" : "1756456370988001445",
      "t" : 1756456370988,
      "tn" : 1756456370988001445,
      "q" : "0.0008",
      "p" : "1525.94",
      "s" : "sell",
      "i" : "MKR_USDT",
      "m" : "4611686018430765842"
    }, {
      "d" : "1756456366335995724",
      "t" : 1756456366335,
      "tn" : 1756456366335995724,
      "q" : "0.0008",
      "p" : "1527.05",
      "s" : "sell",
      "i" : "MKR_USDT",
      "m" : "4611686018430765841"
    }, {
      "d" : "1756456322051743716",
      "t" : 1756456322051,
      "tn" : 1756456322051743716,
      "q" : "0.0008",
      "p" : "1529.76",
      "s" : "sell",
      "i" : "MKR_USDT",
      "m" : "4611686018430765840"
    }, {
      "d" : "1756456316203653592",
      "t" : 1756456316203,
      "tn" : 1756456316203653592,
      "q" : "0.0008",
      "p" : "1530.25",
      "s" : "sell",
      "i" : "MKR_USDT",
      "m" : "4611686018430765839"
    }, {
      "d" : "1756456316097874771",
      "t" : 1756456316097,
      "tn" : 1756456316097874771,
      "q" : "0.0008",
      "p" : "1530.25",
      "s" : "sell",
      "i" : "MKR_USDT",
      "m" : "4611686018430765838"
    }, {
      "d" : "1756456308111904512",
      "t" : 1756456308111,
      "tn" : 1756456308111904512,
      "q" : "0.0008",
      "p" : "1528.85",
      "s" : "sell",
      "i" : "MKR_USDT",
      "m" : "4611686018430765837"
    }, {
      "d" : "1756456308101731309",
      "t" : 1756456308101,
      "tn" : 1756456308101731309,
      "q" : "0.0008",
      "p" : "1528.85",
      "s" : "sell",
      "i" : "MKR_USDT",
      "m" : "4611686018430765836"
    }, {
      "d" : "1756456308086150064",
      "t" : 1756456308086,
      "tn" : 1756456308086150064,
      "q" : "0.0008",
      "p" : "1528.84",
      "s" : "sell",
      "i" : "MKR_USDT",
      "m" : "4611686018430765835"
    }, {
      "d" : "1756456307895664501",
      "t" : 1756456307895,
      "tn" : 1756456307895664501,
      "q" : "0.0008",
      "p" : "1528.70",
      "s" : "sell",
      "i" : "MKR_USDT",
      "m" : "4611686018430765834"
    }, {
      "d" : "1756456307830584090",
      "t" : 1756456307830,
      "tn" : 1756456307830584090,
      "q" : "0.0008",
      "p" : "1528.69",
      "s" : "sell",
      "i" : "MKR_USDT",
      "m" : "4611686018430765833"
    }, {
      "d" : "1756456307565167984",
      "t" : 1756456307565,
      "tn" : 1756456307565167984,
      "q" : "0.0008",
      "p" : "1528.69",
      "s" : "sell",
      "i" : "MKR_USDT",
      "m" : "4611686018430765832"
    }, {
      "d" : "1756456298063419267",
      "t" : 1756456298063,
      "tn" : 1756456298063419267,
      "q" : "0.0608",
      "p" : "1525.84",
      "s" : "sell",
      "i" : "MKR_USDT",
      "m" : "4611686018430765831"
    }, {
      "d" : "1756456298062805481",
      "t" : 1756456298062,
      "tn" : 1756456298062805481,
      "q" : "0.3821",
      "p" : "1525.84",
      "s" : "sell",
      "i" : "MKR_USDT",
      "m" : "4611686018430765830"
    }, {
      "d" : "1756456298062804287",
      "t" : 1756456298062,
      "tn" : 1756456298062804287,
      "q" : "0.3458",
      "p" : "1525.86",
      "s" : "sell",
      "i" : "MKR_USDT",
      "m" : "4611686018430765829"
    }, {
      "d" : "1756456298062802014",
      "t" : 1756456298062,
      "tn" : 1756456298062802014,
      "q" : "0.0608",
      "p" : "1525.90",
      "s" : "sell",
      "i" : "MKR_USDT",
      "m" : "4611686018430765828"
    }, {
      "d" : "1756456298059879170",
      "t" : 1756456298059,
      "tn" : 1756456298059879170,
      "q" : "0.0986",
      "p" : "1525.86",
      "s" : "sell",
      "i" : "MKR_USDT",
      "m" : "4611686018430765827"
    }, {
      "d" : "1756456298059877604",
      "t" : 1756456298059,
      "tn" : 1756456298059877604,
      "q" : "0.4174",
      "p" : "1525.88",
      "s" : "sell",
      "i" : "MKR_USDT",
      "m" : "4611686018430765826"
    }, {
      "d" : "1756456294637889436",
      "t" : 1756456294637,
      "tn" : 1756456294637889436,
      "q" : "0.0008",
      "p" : "1530.20",
      "s" : "sell",
      "i" : "MKR_USDT",
      "m" : "4611686018430765825"
    }, {
      "d" : "1756456294622938774",
      "t" : 1756456294622,
      "tn" : 1756456294622938774,
      "q" : "0.0008",
      "p" : "1530.59",
      "s" : "sell",
      "i" : "MKR_USDT",
      "m" : "4611686018430765824"
    }, {
      "d" : "1756456251053935953",
      "t" : 1756456251053,
      "tn" : 1756456251053935953,
      "q" : "0.0008",
      "p" : "1531.13",
      "s" : "sell",
      "i" : "MKR_USDT",
      "m" : "4611686018430765823"
    }, {
      "d" : "1756456251038914335",
      "t" : 1756456251038,
      "tn" : 1756456251038914335,
      "q" : "0.0008",
      "p" : "1531.18",
      "s" : "sell",
      "i" : "MKR_USDT",
      "m" : "4611686018430765822"
    }, {
      "d" : "1756456251033943532",
      "t" : 1756456251033,
      "tn" : 1756456251033943532,
      "q" : "0.0008",
      "p" : "1531.26",
      "s" : "sell",
      "i" : "MKR_USDT",
      "m" : "4611686018430765821"
    }, {
      "d" : "1756456251018918740",
      "t" : 1756456251018,
      "tn" : 1756456251018918740,
      "q" : "0.0008",
      "p" : "1531.26",
      "s" : "sell",
      "i" : "MKR_USDT",
      "m" : "4611686018430765820"
    }, {
      "d" : "1756456250998901588",
      "t" : 1756456250998,
      "tn" : 1756456250998901588,
      "q" : "0.0008",
      "p" : "1531.49",
      "s" : "sell",
      "i" : "MKR_USDT",
      "m" : "4611686018430765819"
    }, {
      "d" : "1756456250958839169",
      "t" : 1756456250958,
      "tn" : 1756456250958839169,
      "q" : "0.0008",
      "p" : "1531.56",
      "s" : "sell",
      "i" : "MKR_USDT",
      "m" : "4611686018430765818"
    }, {
      "d" : "1756456250947928814",
      "t" : 1756456250947,
      "tn" : 1756456250947928814,
      "q" : "0.0008",
      "p" : "1531.57",
      "s" : "sell",
      "i" : "MKR_USDT",
      "m" : "4611686018430765817"
    }, {
      "d" : "1756456250942883167",
      "t" : 1756456250942,
      "tn" : 1756456250942883167,
      "q" : "0.0008",
      "p" : "1531.56",
      "s" : "sell",
      "i" : "MKR_USDT",
      "m" : "4611686018430765816"
    }, {
      "d" : "1756456250873749039",
      "t" : 1756456250873,
      "tn" : 1756456250873749039,
      "q" : "0.0008",
      "p" : "1532.29",
      "s" : "sell",
      "i" : "MKR_USDT",
      "m" : "4611686018430765815"
    }, {
      "d" : "1756456250838768352",
      "t" : 1756456250838,
      "tn" : 1756456250838768352,
      "q" : "0.0008",
      "p" : "1532.41",
      "s" : "sell",
      "i" : "MKR_USDT",
      "m" : "4611686018430765814"
    }, {
      "d" : "1756456250773604187",
      "t" : 1756456250773,
      "tn" : 1756456250773604187,
      "q" : "0.0008",
      "p" : "1532.57",
      "s" : "sell",
      "i" : "MKR_USDT",
      "m" : "4611686018430765813"
    }, {
      "d" : "1756456244866910606",
      "t" : 1756456244866,
      "tn" : 1756456244866910606,
      "q" : "0.0008",
      "p" : "1532.75",
      "s" : "sell",
      "i" : "MKR_USDT",
      "m" : "4611686018430765812"
    }, {
      "d" : "1756456021323430302",
      "t" : 1756456021323,
      "tn" : 1756456021323430302,
      "q" : "0.0008",
      "p" : "1532.22",
      "s" : "buy",
      "i" : "MKR_USDT",
      "m" : "4611686018430765811"
    }, {
      "d" : "1756456021268446336",
      "t" : 1756456021268,
      "tn" : 1756456021268446336,
      "q" : "0.0008",
      "p" : "1532.22",
      "s" : "buy",
      "i" : "MKR_USDT",
      "m" : "4611686018430765810"
    }, {
      "d" : "1756456021243402249",
      "t" : 1756456021243,
      "tn" : 1756456021243402249,
      "q" : "0.0008",
      "p" : "1532.22",
      "s" : "buy",
      "i" : "MKR_USDT",
      "m" : "4611686018430765809"
    }, {
      "d" : "1756456021228358429",
      "t" : 1756456021228,
      "tn" : 1756456021228358429,
      "q" : "0.0008",
      "p" : "1532.22",
      "s" : "buy",
      "i" : "MKR_USDT",
      "m" : "4611686018430765808"
    }, {
      "d" : "1756456021173341810",
      "t" : 1756456021173,
      "tn" : 1756456021173341810,
      "q" : "0.0008",
      "p" : "1532.22",
      "s" : "buy",
      "i" : "MKR_USDT",
      "m" : "4611686018430765807"
    }, {
      "d" : "1756456020862153342",
      "t" : 1756456020862,
      "tn" : 1756456020862153342,
      "q" : "0.0008",
      "p" : "1532.22",
      "s" : "buy",
      "i" : "MKR_USDT",
      "m" : "4611686018430765806"
    }, {
      "d" : "1756456020817011659",
      "t" : 1756456020817,
      "tn" : 1756456020817011659,
      "q" : "0.0008",
      "p" : "1532.22",
      "s" : "buy",
      "i" : "MKR_USDT",
      "m" : "4611686018430765805"
    }, {
      "d" : "1756456020791880783",
      "t" : 1756456020791,
      "tn" : 1756456020791880783,
      "q" : "0.0008",
      "p" : "1532.22",
      "s" : "buy",
      "i" : "MKR_USDT",
      "m" : "4611686018430765804"
    }, {
      "d" : "1756456020776896852",
      "t" : 1756456020776,
      "tn" : 1756456020776896852,
      "q" : "0.0008",
      "p" : "1532.22",
      "s" : "buy",
      "i" : "MKR_USDT",
      "m" : "4611686018430765803"
    }, {
      "d" : "1756455997553607745",
      "t" : 1756455997553,
      "tn" : 1756455997553607745,
      "q" : "0.0008",
      "p" : "1531.95",
      "s" : "buy",
      "i" : "MKR_USDT",
      "m" : "4611686018430765802"
    }, {
      "d" : "1756455997533615487",
      "t" : 1756455997533,
      "tn" : 1756455997533615487,
      "q" : "0.0008",
      "p" : "1531.94",
      "s" : "buy",
      "i" : "MKR_USDT",
      "m" : "4611686018430765801"
    }, {
      "d" : "1756455997413256912",
      "t" : 1756455997413,
      "tn" : 1756455997413256912,
      "q" : "0.0008",
      "p" : "1531.94",
      "s" : "buy",
      "i" : "MKR_USDT",
      "m" : "4611686018430765800"
    } ]
  }
}