{
  "id" : -1,
  "method" : "public/get-trades",
  "code" : 0,
  "result" : {
    "data" : [ {
      "d" : "1756461731981370784",
      "t" : 1756461731981,
      "tn" : 1756461731981370784,
      "q" : "0.0008",
      "p" : "1539.94",
      "s" : "buy",
      "i" : "MKR_USD",
      "m" : "4611686018430521839"
    }, {
      "d" : "1756461278791932312",
      "t" : 1756461278791,
      "tn" : 1756461278791932312,
      "q" : "0.0076",
      "p" : "1542.10",
      "s" : "buy",
      "i" : "MKR_USD",
      "m" : "4611686018430521838"
    }, {
      "d" : "1756461240760041669",
      "t" : 1756461240760,
      "tn" : 1756461240760041669,
      "q" : "0.0008",
      "p" : "1541.13",
      "s" : "sell",
      "i" : "MKR_USD",
      "m" : "4611686018430521837"
    }, {
      "d" : "1756461176754442176",
      "t" : 1756461176754,
      "tn" : 1756461176754442176,
      "q" : "0.0008",
      "p" : "1540.11",
      "s" : "sell",
      "i" : "MKR_USD",
      "m" : "4611686018430521836"
    }, {
      "d" : "1756461110975865792",
      "t" : 1756461110975,
      "tn" : 1756461110975865792,
      "q" : "0.0008",
      "p" : "1538.86",
      "s" : "sell",
      "i" : "MKR_USD",
      "m" : "4611686018430521835"
    }, {
      "d" : "1756461110744831877",
      "t" : 1756461110744,
      "tn" : 1756461110744831877,
      "q" : "0.0008",
      "p" : "1539.08",
      "s" : "sell",
      "i" : "MKR_USD",
      "m" : "4611686018430521834"
    }, {
      "d" : "1756461110734825929",
      "t" : 1756461110734,
      "tn" : 1756461110734825929,
      "q" : "0.0008",
      "p" : "1539.08",
      "s" : "sell",
      "i" : "MKR_USD",
      "m" : "4611686018430521833"
    }, {
      "d" : "1756461110694742835",
      "t" : 1756461110694,
      "tn" : 1756461110694742835,
      "q" : "0.0008",
      "p" : "1539.08",
      "s" : "sell",
      "i" : "MKR_USD",
      "m" : "4611686018430521832"
    }, {
      "d" : "1756461110684772496",
      "t" : 1756461110684,
      "tn" : 1756461110684772496,
      "q" : "0.0008",
      "p" : "1539.08",
      "s" : "sell",
      "i" : "MKR_USD",
      "m" : "4611686018430521831"
    }, {
      "d" : "1756461110674210084",
      "t" : 1756461110674,
      "tn" : 1756461110674210084,
      "q" : "0.0008",
      "p" : "1539.08",
      "s" : "sell",
      "i" : "MKR_USD",
      "m" : "4611686018430521830"
    }, {
      "d" : "1756461110053820558",
      "t" : 1756461110053,
      "tn" : 1756461110053820558,
      "q" : "0.0008",
      "p" : "1539.08",
      "s" : "sell",
      "i" : "MKR_USD",
      "m" : "4611686018430521829"
    }, {
      "d" : "1756461109998634094",
      "t" : 1756461109998,
      "tn" : 1756461109998634094,
      "q" : "0.0008",
      "p" : "1539.09",
      "s" : "sell",
      "i" : "MKR_USD",
      "m" : "4611686018430521828"
    }, {
      "d" : "1756461109988646408",
      "t" : 1756461109988,
      "tn" : 1756461109988646408,
      "q" : "0.0008",
      "p" : "1539.09",
      "s" : "sell",
      "i" : "MKR_USD",
      "m" : "4611686018430521827"
    }, {
      "d" : "1756461109808509088",
      "t" : 1756461109808,
      "tn" : 1756461109808509088,
      "q" : "0.0008",
      "p" : "1539.09",
      "s" : "sell",
      "i" : "MKR_USD",
      "m" : "4611686018430521826"
    }, {
      "d" : "1756461109803521908",
      "t" : 1756461109803,
      "tn" : 1756461109803521908,
      "q" : "0.0008",
      "p" : "1539.10",
      "s" : "sell",
      "i" : "MKR_USD",
      "m" : "4611686018430521825"
    }, {
      "d" : "1756461109527416479",
      "t" : 1756461109527,
      "tn" : 1756461109527416479,
      "q" : "0.0008",
      "p" : "1539.10",
      "s" : "sell",
      "i" : "MKR_USD",
      "m" : "4611686018430521824"
    }, {
      "d" : "1756461109487850425",
      "t" : 1756461109487,
      "tn" : 1756461109487850425,
      "q" : "0.0008",
      "p" : "1539.10",
      "s" : "sell",
      "i" : "MKR_USD",
      "m" : "4611686018430521823"
    }, {
      "d" : "1756461109096910246",
      "t" : 1756461109096,
      "tn" : 1756461109096910246,
      "q" : "0.0008",
      "p" : "1539.11",
      "s" : "sell",
      "i" : "MKR_USD",
      "m" : "4611686018430521822"
    }, {
      "d" : "1756461108595470480",
      "t" : 1756461108595,
      "tn" : 1756461108595470480,
      "q" : "0.0008",
      "p" : "1539.11",
      "s" : "sell",
      "i" : "MKR_USD",
      "m" : "4611686018430521821"
    }, {
      "d" : "1756461108585459364",
      "t" : 1756461108585,
      "tn" : 1756461108585459364,
      "q" : "0.0008",
      "p" : "1539.12",
      "s" : "sell",
      "i" : "MKR_USD",
      "m" : "4611686018430521820"
    }, {
      "d" : "1756461108565427472",
      "t" : 1756461108565,
      "tn" : 1756461108565427472,
      "q" : "0.0008",
      "p" : "1539.12",
      "s" : "sell",
      "i" : "MKR_USD",
      "m" : "4611686018430521819"
    }, {
      "d" : "1756461108530451587",
      "t" : 1756461108530,
      "tn" : 1756461108530451587,
      "q" : "0.0008",
      "p" : "1539.12",
      "s" : "sell",
      "i" : "MKR_USD",
      "m" : "4611686018430521818"
    }, {
      "d" : "1756461107523538652",
      "t" : 1756461107523,
      "tn" : 1756461107523538652,
      "q" : "0.0008",
      "p" : "1539.13",
      "s" : "sell",
      "i" : "MKR_USD",
      "m" : "4611686018430521817"
    }, {
      "d" : "1756461107443434029",
      "t" : 1756461107443,
      "tn" : 1756461107443434029,
      "q" : "0.0008",
      "p" : "1539.14",
      "s" : "sell",
      "i" : "MKR_USD",
      "m" : "4611686018430521816"
    }, {
      "d" : "1756461107122985412",
      "t" : 1756461107122,
      "tn" : 1756461107122985412,
      "q" : "0.0008",
      "p" : "1539.14",
      "s" : "sell",
      "i" : "MKR_USD",
      "m" : "4611686018430521815"
    }, {
      "d" : "1756461107107984864",
      "t" : 1756461107107,
      "tn" : 1756461107107984864,
      "q" : "0.0008",
      "p" : "1539.15",
      "s" : "sell",
      "i" : "MKR_USD",
      "m" : "4611686018430521814"
    }, {
      "d" : "1756461107017913345",
      "t" : 1756461107017,
      "tn" : 1756461107017913345,
      "q" : "0.0008",
      "p" : "1539.15",
      "s" : "sell",
      "i" : "MKR_USD",
      "m" : "4611686018430521813"
    }, {
      "d" : "1756461106992789554",
      "t" : 1756461106992,
      "tn" : 1756461106992789554,
      "q" : "0.0008",
      "p" : "1539.10",
      "s" : "sell",
      "i" : "MKR_USD",
      "m" : "4611686018430521812"
    }, {
      "d" : "1756461106688008710",
      "t" : 1756461106688,
      "tn" : 1756461106688008710,
      "q" : "0.0008",
      "p" : "1539.10",
      "s" : "sell",
      "i" : "MKR_USD",
      "m" : "4611686018430521811"
    }, {
      "d" : "1756461106291279325",
      "t" : 1756461106291,
      "tn" : 1756461106291279325,
      "q" : "0.0008",
      "p" : "1539.10",
      "s" : "sell",
      "i" : "MKR_USD",
      "m" : "4611686018430521810"
    }, {
      "d" : "1756461106086175937",
      "t" : 1756461106086,
      "tn" : 1756461106086175937,
      "q" : "0.0008",
      "p" : "1539.09",
      "s" : "sell",
      "i" : "MKR_USD",
      "m" : "4611686018430521809"
    }, {
      "d" : "1756461106041103104",
      "t" : 1756461106041,
      "tn" : 1756461106041103104,
      "q" : "0.0008",
      "p" : "1539.10",
      "s" : "sell",
      "i" : "MKR_USD",
      "m" : "4611686018430521808"
    }, {
      "d" : "1756461106031198210",
      "t" : 1756461106031,
      "tn" : 1756461106031198210,
      "q" : "0.0008",
      "p" : "1539.10",
      "s" : "sell",
      "i" : "MKR_USD",
      "m" : "4611686018430521807"
    }, {
      "d" : "1756461106010914147",
      "t" : 1756461106010,
      "tn" : 1756461106010914147,
      "q" : "0.0008",
      "p" : "1539.09",
      "s" : "sell",
      "i" : "MKR_USD",
      "m" : "4611686018430521806"
    }, {
      "d" : "1756461106001009946",
      "t" : 1756461106001,
      "tn" : 1756461106001009946,
      "q" : "0.0008",
      "p" : "1539.09",
      "s" : "sell",
      "i" : "MKR_USD",
      "m" : "4611686018430521805"
    }, {
      "d" : "1756461105990886542",
      "t" : 1756461105990,
      "tn" : 1756461105990886542,
      "q" : "0.0008",
      "p" : "1539.09",
      "s" : "sell",
      "i" : "MKR_USD",
      "m" : "4611686018430521804"
    }, {
      "d" : "1756461105800683333",
      "t" : 1756461105800,
      "tn" : 1756461105800683333,
      "q" : "0.0008",
      "p" : "1539.09",
      "s" : "sell",
      "i" : "MKR_USD",
      "m" : "4611686018430521803"
    }, {
      "d" : "1756461105787803199",
      "t" : 1756461105787,
      "tn" : 1756461105787803199,
      "q" : "0.0008",
      "p" : "1539.08",
      "s" : "sell",
      "i" : "MKR_USD",
      "m" : "4611686018430521802"
    }, {
      "d" : "1756461105359199121",
      "t" : 1756461105359,
      "tn" : 1756461105359199121,
      "q" : "0.0008",
      "p" : "1539.08",
      "s" : "sell",
      "i" : "MKR_USD",
      "m" : "4611686018430521801"
    }, {
      "d" : "1756461104908703602",
      "t" : 1756461104908,
      "tn" : 1756461104908703602,
      "q" : "0.0008",
      "p" : "1539.09",
      "s" : "sell",
      "i" : "MKR_USD",
      "m" : "4611686018430521800"
    }, {
      "d" : "1756461104777738309",
      "t" : 1756461104777,
      "tn" : 1756461104777738309,
      "q" : "0.0008",
      "p" : "1539.09",
      "s" : "sell",
      "i" : "MKR_USD",
      "m" : "4611686018430521799"
    }, {
      "d" : "1756461104762741398",
      "t" : 1756461104762,
      "tn" : 1756461104762741398,
      "q" : "0.0008",
      "p" : "1539.10",
      "s" : "sell",
      "i" : "MKR_USD",
      "m" : "4611686018430521798"
    }, {
      "d" : "1756461104742884838",
      "t" : 1756461104742,
      "tn" : 1756461104742884838,
      "q" : "0.0008",
      "p" : "1539.10",
      "s" : "sell",
      "i" : "MKR_USD",
      "m" : "4611686018430521797"
    }, {
      "d" : "1756461104667592669",
      "t" : 1756461104667,
      "tn" : 1756461104667592669,
      "q" : "0.0008",
      "p" : "1539.10",
      "s" : "sell",
      "i" : "MKR_USD",
      "m" : "4611686018430521796"
    }, {
      "d" : "1756461104662629984",
      "t" : 1756461104662,
      "tn" : 1756461104662629984,
      "q" : "0.0008",
      "p" : "1539.10",
      "s" : "sell",
      "i" : "MKR_USD",
      "m" : "4611686018430521795"
    }, {
      "d" : "1756461104637429174",
      "t" : 1756461104637,
      "tn" : 1756461104637429174,
      "q" : "0.0008",
      "p" : "1539.10",
      "s" : "sell",
      "i" : "MKR_USD",
      "m" : "4611686018430521794"
    }, {
      "d" : "1756461104612395634",
      "t" : 1756461104612,
      "tn" : 1756461104612395634,
      "q" : "0.0008",
      "p" : "1539.10",
      "s" : "sell",
      "i" : "MKR_USD",
      "m" : "4611686018430521793"
    }, {
      "d" : "1756461104607410010",
      "t" : 1756461104607,
      "tn" : 1756461104607410010,
      "q" : "0.0008",
      "p" : "1539.09",
      "s" : "sell",
      "i" : "MKR_USD",
      "m" : "4611686018430521792"
    }, {
      "d" : "1756461104587377266",
      "t" : 1756461104587,
      "tn" : 1756461104587377266,
      "q" : "0.0008",
      "p" : "1539.09",
      "s" : "sell",
      "i" : "MKR_USD",
      "m" : "4611686018430521791"
    }, {
      "d" : "1756461104532368931",
      "t" : 1756461104532,
      "tn" : 1756461104532368931,
      "q" : "0.0008",
      "p" : "1539.09",
      "s" : "sell",
      "i" : "MKR_USD",
      "m" : "4611686018430521790"
    }, {
      "d" : "1756461104488189507",
      "t" : 1756461104488,
      "tn" : 1756461104488189507,
      "q" : "0.0008",
      "p" : "1539.09",
      "s" : "sell",
      "i" : "MKR_USD",
      "m" : "4611686018430521789"
    }, {
      "d" : "1756461103996439935",
      "t" : 1756461103996,
      "tn" : 1756461103996439935,
      "q" : "0.0008",
      "p" : "1539.09",
      "s" : "sell",
      "i" : "MKR_USD",
      "m" : "4611686018430521788"
    }, {
      "d" : "1756461103986407520",
      "t" : 1756461103986,
      "tn" : 1756461103986407520,
      "q" : "0.0008",
      "p" : "1539.10",
      "s" : "sell",
      "i" : "MKR_USD",
      "m" : "4611686018430521787"
    }, {
      "d" : "1756461103755049115",
      "t" : 1756461103755,
      "tn" : 1756461103755049115,
      "q" : "0.0008",
      "p" : "1539.10",
      "s" : "sell",
      "i" : "MKR_USD",
      "m" : "4611686018430521786"
    }, {
      "d" : "1756461103745269063",
      "t" : 1756461103745,
      "tn" : 1756461103745269063,
      "q" : "0.0008",
      "p" : "1539.11",
      "s" : "sell",
      "i" : "MKR_USD",
      "m" : "4611686018430521785"
    }, {
      "d" : "1756460958074315456",
      "t" : 1756460958074,
      "tn" : 1756460958074315456,
      "q" : "0.0507",
      "p" : "1541.69",
      "s" : "buy",
      "i" : "MKR_USD",
      "m" : "4611686018430521784"
    }, {
      "d" : "1756460958074313882",
      "t" : 1756460958074,
      "tn" : 1756460958074313882,
      "q" : "0.0008",
      "p" : "1540.85",
      "s" : "buy",
      "i" : "MKR_USD",
      "m" : "4611686018430521783"
    }, {
      "d" : "1756460958004018602",
      "t" : 1756460958004,
      "tn" : 1756460958004018602,
      "q" : "0.0008",
      "p" : "1540.86",
      "s" : "buy",
      "i" : "MKR_USD",
      "m" : "4611686018430521782"
    }, {
      "d" : "1756460957937188372",
      "t" : 1756460957937,
      "tn" : 1756460957937188372,
      "q" : "0.0008",
      "p" : "1538.91",
      "s" : "buy",
      "i" : "MKR_USD",
      "m" : "4611686018430521781"
    }, {
      "d" : "1756460952984796974",
      "t" : 1756460952984,
      "tn" : 1756460952984796974,
      "q" : "0.0008",
      "p" : "1539.26",
      "s" : "buy",
      "i" : "MKR_USD",
      "m" : "4611686018430521780"
    }, {
      "d" : "1756460952802559275",
      "t" : 1756460952802,
      "tn" : 1756460952802559275,
      "q" : "0.0008",
      "p" : "1537.88",
      "s" : "buy",
      "i" : "MKR_USD",
      "m" : "4611686018430521779"
    }, {
      "d" : "1756459816264440802",
      "t" : 1756459816264,
      "tn" : 1756459816264440802,
      "q" : "0.0008",
      "p" : "1532.73",
      "s" : "sell",
      "i" : "MKR_USD",
      "m" : "4611686018430521778"
    }, {
      "d" : "1756459745588454204",
      "t" : 1756459745588,
      "tn" : 1756459745588454204,
      "q" : "0.0008",
      "p" : "1531.22",
      "s" : "sell",
      "i" : "MKR_USD",
      "m" : "4611686018430521777"
    }, {
      "d" : "1756459745528425013",
      "t" : 1756459745528,
      "tn" : 1756459745528425013,
      "q" : "0.0008",
      "p" : "1531.22",
      "s" : "sell",
      "i" : "MKR_USD",
      "m" : "4611686018430521776"
    }, {
      "d" : "1756459745348109579",
      "t" : 1756459745348,
      "tn" : 1756459745348109579,
      "q" : "0.0008",
      "p" : "1531.23",
      "s" : "sell",
      "i" : "MKR_USD",
      "m" : "4611686018430521775"
    }, {
      "d" : "1756459745253017704",
      "t" : 1756459745253,
      "tn" : 1756459745253017704,
      "q" : "0.0008",
      "p" : "1531.25",
      "s" : "sell",
      "i" : "MKR_USD",
      "m" : "4611686018430521774"
    }, {
      "d" : "1756459744992585294",
      "t" : 1756459744992,
      "tn" : 1756459744992585294,
      "q" : "0.0008",
      "p" : "1531.26",
      "s" : "sell",
      "i" : "MKR_USD",
      "m" : "4611686018430521773"
    }, {
      "d" : "1756459744907515811",
      "t" : 1756459744907,
      "tn" : 1756459744907515811,
      "q" : "0.0008",
      "p" : "1531.26",
      "s" : "sell",
      "i" : "MKR_USD",
      "m" : "4611686018430521772"
    }, {
      "d" : "1756459668794605514",
      "t" : 1756459668794,
      "tn" : 1756459668794605514,
      "q" : "0.0008",
      "p" : "1530.76",
      "s" : "sell",
      "i" : "MKR_USD",
      "m" : "4611686018430521771"
    }, {
      "d" : "1756459566305260072",
      "t" : 1756459566305,
      "tn" : 1756459566305260072,
      "q" : "0.0008",
      "p" : "1531.56",
      "s" : "sell",
      "i" : "MKR_USD",
      "m" : "4611686018430521770"
    }, {
      "d" : "1756459566147828695",
      "t" : 1756459566147,
      "tn" : 1756459566147828695,
      "q" : "0.0008",
      "p" : "1531.95",
      "s" : "sell",
      "i" : "MKR_USD",
      "m" : "4611686018430521769"
    }, {
      "d" : "1756459392726812365",
      "t" : 1756459392726,
      "tn" : 1756459392726812365,
      "q" : "0.0008",
      "p" : "1534.51",
      "s" : "sell",
      "i" : "MKR_USD",
      "m" : "4611686018430521768"
    }, {
      "d" : "1756459284154294874",
      "t" : 1756459284154,
      "tn" : 1756459284154294874,
      "q" : "0.0008",
      "p" : "1536.63",
      "s" : "buy",
      "i" : "MKR_USD",
      "m" : "4611686018430521767"
    }, {
      "d" : "1756459277776630982",
      "t" : 1756459277776,
      "tn" : 1756459277776630982,
      "q" : "0.0008",
      "p" : "1536.55",
      "s" : "sell",
      "i" : "MKR_USD",
      "m" : "4611686018430521766"
    }, {
      "d" : "1756459234496786610",
      "t" : 1756459234496,
      "tn" : 1756459234496786610,
      "q" : "0.0008",
      "p" : "1537.48",
      "s" : "sell",
      "i" : "MKR_USD",
      "m" : "4611686018430521765"
    }, {
      "d" : "1756459234494812776",
      "t" : 1756459234494,
      "tn" : 1756459234494812776,
      "q" : "0.0008",
      "p" : "1537.49",
      "s" : "buy",
      "i" : "MKR_USD",
      "m" : "4611686018430521764"
    }, {
      "d" : "1756459004974893115",
      "t" : 1756459004974,
      "tn" : 1756459004974893115,
      "q" : "0.0008",
      "p" : "1529.49",
      "s" : "sell",
      "i" : "MKR_USD",
      "m" : "4611686018430521763"
    }, {
      "d" : "1756458923324087688",
      "t" : 1756458923324,
      "tn" : 1756458923324087688,
      "q" : "0.0008",
      "p" : "1527.22",
      "s" : "buy",
      "i" : "MKR_USD",
      "m" : "4611686018430521762"
    }, {
      "d" : "1756458909447251378",
      "t" : 1756458909447,
      "tn" : 1756458909447251378,
      "q" : "0.0008",
      "p" : "1527.11",
      "s" : "buy",
      "i" : "MKR_USD",
      "m" : "4611686018430521761"
    }, {
      "d" : "1756458909123134836",
      "t" : 1756458909123,
      "tn" : 1756458909123134836,
      "q" : "0.0008",
      "p" : "1526.64",
      "s" : "buy",
      "i" : "MKR_USD",
      "m" : "4611686018430521760"
    }, {
      "d" : "1756458664290153817",
      "t" : 1756458664290,
      "tn" : 1756458664290153817,
      "q" : "0.0008",
      "p" : "1525.13",
      "s" : "buy",
      "i" : "MKR_USD",
      "m" : "4611686018430521759"
    }, {
      "d" : "1756458514440961025",
      "t" : 1756458514440,
      "tn" : 1756458514440961025,
      "q" : "0.0008",
      "p" : "1524.21",
      "s" : "buy",
      "i" : "MKR_USD",
      "m" : "4611686018430521758"
    }, {
      "d" : "1756458514208291513",
      "t" : 1756458514208,
      "tn" : 1756458514208291513,
      "q" : "0.0008",
      "p" : "1524.21",
      "s" : "buy",
      "i" : "MKR_USD",
      "m" : "4611686018430521757"
    }, {
      "d" : "1756458313998407528",
      "t" : 1756458313998,
      "tn" : 1756458313998407528,
      "q" : "0.0008",
      "p" : "1524.95",
      "s" : "sell",
      "i" : "MKR_USD",
      "m" : "4611686018430521756"
    }, {
      "d" : "1756458260472475918",
      "t" : 1756458260472,
      "tn" : 1756458260472475918,
      "q" : "0.0008",
      "p" : "1524.96",
      "s" : "sell",
      "i" : "MKR_USD",
      "m" : "4611686018430521755"
    }, {
      "d" : "1756458169574344923",
      "t" : 1756458169574,
      "tn" : 1756458169574344923,
      "q" : "0.0008",
      "p" : "1523.16",
      "s" : "sell",
      "i" : "MKR_USD",
      "m" : "4611686018430521754"
    }, {
      "d" : "1756458169554378449",
      "t" : 1756458169554,
      "tn" : 1756458169554378449,
      "q" : "0.0008",
      "p" : "1523.16",
      "s" : "sell",
      "i" : "MKR_USD",
      "m" : "4611686018430521753"
    }, {
      "d" : "1756458169324917040",
      "t" : 1756458169324,
      "tn" : 1756458169324917040,
      "q" : "0.0008",
      "p" : "1522.71",
      "s" : "sell",
      "i" : "MKR_USD",
      "m" : "4611686018430521752"
    }, {
      "d" : "1756458147022350577",
      "t" : 1756458147022,
      "tn" : 1756458147022350577,
      "q" : "0.0008",
      "p" : "1524.48",
      "s" : "sell",
      "i" : "MKR_USD",
      "m" : "4611686018430521751"
    }, {
      "d" : "1756458038658800267",
      "t" : 1756458038658,
      "tn" : 1756458038658800267,
      "q" : "0.0008",
      "p" : "1522.65",
      "s" : "buy",
      "i" : "MKR_USD",
      "m" : "4611686018430521750"
    }, {
      "d" : "1756458034916862188",
      "t" : 1756458034916,
      "tn" : 1756458034916862188,
      "q" : "0.0008",
      "p" : "1524.94",
      "s" : "sell",
      "i" : "MKR_USD",
      "m" : "4611686018430521749"
    }, {
      "d" : "1756458018727038497",
      "t" : 1756458018727,
      "tn" : 1756458018727038497,
      "q" : "0.0008",
      "p" : "1525.52",
      "s" : "sell",
      "i" : "MKR_USD",
      "m" : "4611686018430521748"
    }, {
      "d" : "1756458017930334241",
      "t" : 1756458017930,
      "tn" : 1756458017930334241,
      "q" : "0.0008",
      "p" : "1525.53",
      "s" : "sell",
      "i" : "MKR_USD",
      "m" : "4611686018430521747"
    }, {
      "d" : "1756458007696028941",
      "t" : 1756458007696,
      "tn" : 1756458007696028933,
      "q" : "0.0126",
      "p" : "1525.75",
      "s" : "sell",
      "i" : "MKR_USD",
      "m" : "4611686018430521746"
    }, {
      "d" : "1756458007696028940",
      "t" : 1756458007696,
      "tn" : 1756458007696028933,
      "q" : "0.0126",
      "p" : "1525.75",
      "s" : "sell",
      "i" : "MKR_USD",
      "m" : "4611686018430521746"
    }, {
      "d" : "1756458007696028939",
      "t" : 1756458007696,
      "tn" : 1756458007696028933,
      "q" : "0.0126",
      "p" : "1525.75",
      "s" : "sell",
      "i" : "MKR_USD",
      "m" : "4611686018430521746"
    }, {
      "d" : "1756458007696028938",
      "t" : 1756458007696,
      "tn" : 1756458007696028933,
      "q" : "0.0126",
      "p" : "1525.75",
      "s" : "sell",
      "i" : "MKR_USD",
      "m" : "4611686018430521746"
    }, {
      "d" : "1756458007696028937",
      "t" : 1756458007696,
      "tn" : 1756458007696028933,
      "q" : "0.0126",
      "p" : "1525.75",
      "s" : "sell",
      "i" : "MKR_USD",
      "m" : "4611686018430521746"
    }, {
      "d" : "1756458007696028936",
      "t" : 1756458007696,
      "tn" : 1756458007696028933,
      "q" : "0.0126",
      "p" : "1525.75",
      "s" : "sell",
      "i" : "MKR_USD",
      "m" : "4611686018430521746"
    }, {
      "d" : "1756458007696028935",
      "t" : 1756458007696,
      "tn" : 1756458007696028933,
      "q" : "0.0126",
      "p" : "1525.75",
      "s" : "sell",
      "i" : "MKR_USD",
      "m" : "4611686018430521746"
    }, {
      "d" : "1756458007696028934",
      "t" : 1756458007696,
      "tn" : 1756458007696028933,
      "q" : "0.0126",
      "p" : "1525.75",
      "s" : "sell",
      "i" : "MKR_USD",
      "m" : "4611686018430521746"
    }, {
      "d" : "1756458007696028933",
      "t" : 1756458007696,
      "tn" : 1756458007696028933,
      "q" : "0.0039",
      "p" : "1525.75",
      "s" : "sell",
      "i" : "MKR_USD",
      "m" : "4611686018430521746"
    }, {
      "d" : "1756458007693999873",
      "t" : 1756458007693,
      "tn" : 1756458007693999871,
      "q" : "0.0087",
      "p" : "1525.75",
      "s" : "sell",
      "i" : "MKR_USD",
      "m" : "4611686018430521745"
    }, {
      "d" : "1756458007693999872",
      "t" : 1756458007693,
      "tn" : 1756458007693999871,
      "q" : "0.0126",
      "p" : "1525.75",
      "s" : "sell",
      "i" : "MKR_USD",
      "m" : "4611686018430521745"
    }, {
      "d" : "1756458007693999871",
      "t" : 1756458007693,
      "tn" : 1756458007693999871,
      "q" : "0.0126",
      "p" : "1525.75",
      "s" : "sell",
      "i" : "MKR_USD",
      "m" : "4611686018430521745"
    }, {
      "d" : "1756458005744969057",
      "t" : 1756458005744,
      "tn" : 1756458005744969049,
      "q" : "0.0126",
      "p" : "1525.75",
      "s" : "sell",
      "i" : "MKR_USD",
      "m" : "4611686018430521744"
    }, {
      "d" : "1756458005744969056",
      "t" : 1756458005744,
      "tn" : 1756458005744969049,
      "q" : "0.0126",
      "p" : "1525.75",
      "s" : "sell",
      "i" : "MKR_USD",
      "m" : "4611686018430521744"
    }, {
      "d" : "1756458005744969055",
      "t" : 1756458005744,
      "tn" : 1756458005744969049,
      "q" : "0.0126",
      "p" : "1525.75",
      "s" : "sell",
      "i" : "MKR_USD",
      "m" : "4611686018430521744"
    }, {
      "d" : "1756458005744969054",
      "t" : 1756458005744,
      "tn" : 1756458005744969049,
      "q" : "0.0126",
      "p" : "1525.75",
      "s" : "sell",
      "i" : "MKR_USD",
      "m" : "4611686018430521744"
    }, {
      "d" : "1756458005744969053",
      "t" : 1756458005744,
      "tn" : 1756458005744969049,
      "q" : "0.0126",
      "p" : "1525.75",
      "s" : "sell",
      "i" : "MKR_USD",
      "m" : "4611686018430521744"
    }, {
      "d" : "1756458005744969052",
      "t" : 1756458005744,
      "tn" : 1756458005744969049,
      "q" : "0.0126",
      "p" : "1525.75",
      "s" : "sell",
      "i" : "MKR_USD",
      "m" : "4611686018430521744"
    }, {
      "d" : "1756458005744969051",
      "t" : 1756458005744,
      "tn" : 1756458005744969049,
      "q" : "0.0126",
      "p" : "1525.75",
      "s" : "sell",
      "i" : "MKR_USD",
      "m" : "4611686018430521744"
    }, {
      "d" : "1756458005744969050",
      "t" : 1756458005744,
      "tn" : 1756458005744969049,
      "q" : "0.0126",
      "p" : "1525.75",
      "s" : "sell",
      "i" : "MKR_USD",
      "m" : "4611686018430521744"
    }, {
      "d" : "1756458005744969049",
      "t" : 1756458005744,
      "tn" : 1756458005744969049,
      "q" : "0.0118",
      "p" : "1525.75",
      "s" : "sell",
      "i" : "MKR_USD",
      "m" : "4611686018430521744"
    }, {
      "d" : "1756458005742028541",
      "t" : 1756458005742,
      "tn" : 1756458005742028541,
      "q" : "0.0008",
      "p" : "1525.03",
      "s" : "buy",
      "i" : "MKR_USD",
      "m" : "4611686018430521743"
    }, {
      "d" : "1756457989732189346",
      "t" : 1756457989732,
      "tn" : 1756457989732189346,
      "q" : "0.0008",
      "p" : "1525.75",
      "s" : "sell",
      "i" : "MKR_USD",
      "m" : "4611686018430521742"
    }, {
      "d" : "1756457989019102771",
      "t" : 1756457989019,
      "tn" : 1756457989019102771,
      "q" : "0.0008",
      "p" : "1525.76",
      "s" : "sell",
      "i" : "MKR_USD",
      "m" : "4611686018430521741"
    }, {
      "d" : "1756457975285131566",
      "t" : 1756457975285,
      "tn" : 1756457975285131566,
      "q" : "0.0008",
      "p" : "1524.22",
      "s" : "buy",
      "i" : "MKR_USD",
      "m" : "4611686018430521740"
    }, {
      "d" : "1756457972529936114",
      "t" : 1756457972529,
      "tn" : 1756457972529936114,
      "q" : "0.0008",
      "p" : "1524.34",
      "s" : "sell",
      "i" : "MKR_USD",
      "m" : "4611686018430521739"
    }, {
      "d" : "1756457972489709390",
      "t" : 1756457972489,
      "tn" : 1756457972489709390,
      "q" : "0.0008",
      "p" : "1524.34",
      "s" : "sell",
      "i" : "MKR_USD",
      "m" : "4611686018430521738"
    }, {
      "d" : "1756457972414666449",
      "t" : 1756457972414,
      "tn" : 1756457972414666449,
      "q" : "0.0008",
      "p" : "1524.33",
      "s" : "sell",
      "i" : "MKR_USD",
      "m" : "4611686018430521737"
    }, {
      "d" : "1756457972369625575",
      "t" : 1756457972369,
      "tn" : 1756457972369625575,
      "q" : "0.0008",
      "p" : "1524.32",
      "s" : "sell",
      "i" : "MKR_USD",
      "m" : "4611686018430521736"
    }, {
      "d" : "1756457972319636560",
      "t" : 1756457972319,
      "tn" : 1756457972319636560,
      "q" : "0.0008",
      "p" : "1524.31",
      "s" : "sell",
      "i" : "MKR_USD",
      "m" : "4611686018430521735"
    }, {
      "d" : "1756457972269634195",
      "t" : 1756457972269,
      "tn" : 1756457972269634195,
      "q" : "0.0008",
      "p" : "1524.30",
      "s" : "sell",
      "i" : "MKR_USD",
      "m" : "4611686018430521734"
    }, {
      "d" : "1756457890959424390",
      "t" : 1756457890959,
      "tn" : 1756457890959424390,
      "q" : "0.0008",
      "p" : "1524.93",
      "s" : "buy",
      "i" : "MKR_USD",
      "m" : "4611686018430521733"
    }, {
      "d" : "1756457890825395884",
      "t" : 1756457890825,
      "tn" : 1756457890825395884,
      "q" : "0.0008",
      "p" : "1524.20",
      "s" : "buy",
      "i" : "MKR_USD",
      "m" : "4611686018430521732"
    }, {
      "d" : "1756457734059990794",
      "t" : 1756457734059,
      "tn" : 1756457734059990794,
      "q" : "0.0008",
      "p" : "1522.53",
      "s" : "buy",
      "i" : "MKR_USD",
      "m" : "4611686018430521731"
    }, {
      "d" : "1756457702244093009",
      "t" : 1756457702244,
      "tn" : 1756457702244093009,
      "q" : "0.1830",
      "p" : "1521.74",
      "s" : "buy",
      "i" : "MKR_USD",
      "m" : "4611686018430521730"
    }, {
      "d" : "1756457702168566787",
      "t" : 1756457702168,
      "tn" : 1756457702168566787,
      "q" : "0.0001",
      "p" : "1521.64",
      "s" : "buy",
      "i" : "MKR_USD",
      "m" : "4611686018430521729"
    }, {
      "d" : "1756457702168089419",
      "t" : 1756457702168,
      "tn" : 1756457702168089419,
      "q" : "0.1019",
      "p" : "1521.64",
      "s" : "buy",
      "i" : "MKR_USD",
      "m" : "4611686018430521728"
    }, {
      "d" : "1756457702166222360",
      "t" : 1756457702166,
      "tn" : 1756457702166222360,
      "q" : "0.1392",
      "p" : "1521.63",
      "s" : "buy",
      "i" : "MKR_USD",
      "m" : "4611686018430521727"
    }, {
      "d" : "1756457702166220210",
      "t" : 1756457702166,
      "tn" : 1756457702166220210,
      "q" : "0.0008",
      "p" : "1521.45",
      "s" : "buy",
      "i" : "MKR_USD",
      "m" : "4611686018430521726"
    }, {
      "d" : "1756457702166217848",
      "t" : 1756457702166,
      "tn" : 1756457702166217848,
      "q" : "0.1232",
      "p" : "1521.23",
      "s" : "buy",
      "i" : "MKR_USD",
      "m" : "4611686018430521725"
    }, {
      "d" : "1756457641018465097",
      "t" : 1756457641018,
      "tn" : 1756457641018465097,
      "q" : "0.0008",
      "p" : "1521.27",
      "s" : "sell",
      "i" : "MKR_USD",
      "m" : "4611686018430521724"
    }, {
      "d" : "1756457641008364022",
      "t" : 1756457641008,
      "tn" : 1756457641008364022,
      "q" : "0.0008",
      "p" : "1521.27",
      "s" : "sell",
      "i" : "MKR_USD",
      "m" : "4611686018430521723"
    }, {
      "d" : "1756457640616816581",
      "t" : 1756457640616,
      "tn" : 1756457640616816581,
      "q" : "0.0008",
      "p" : "1521.28",
      "s" : "sell",
      "i" : "MKR_USD",
      "m" : "4611686018430521722"
    }, {
      "d" : "1756457556529228662",
      "t" : 1756457556529,
      "tn" : 1756457556529228662,
      "q" : "0.0008",
      "p" : "1519.69",
      "s" : "sell",
      "i" : "MKR_USD",
      "m" : "4611686018430521721"
    }, {
      "d" : "1756457556494118180",
      "t" : 1756457556494,
      "tn" : 1756457556494118180,
      "q" : "0.0008",
      "p" : "1519.69",
      "s" : "sell",
      "i" : "MKR_USD",
      "m" : "4611686018430521720"
    }, {
      "d" : "1756457556343969805",
      "t" : 1756457556343,
      "tn" : 1756457556343969805,
      "q" : "0.0008",
      "p" : "1519.69",
      "s" : "sell",
      "i" : "MKR_USD",
      "m" : "4611686018430521719"
    }, {
      "d" : "1756457556333959884",
      "t" : 1756457556333,
      "tn" : 1756457556333959884,
      "q" : "0.0008",
      "p" : "1519.69",
      "s" : "sell",
      "i" : "MKR_USD",
      "m" : "4611686018430521718"
    }, {
      "d" : "1756457556117928744",
      "t" : 1756457556117,
      "tn" : 1756457556117928744,
      "q" : "0.0008",
      "p" : "1519.69",
      "s" : "sell",
      "i" : "MKR_USD",
      "m" : "4611686018430521717"
    }, {
      "d" : "1756457556102955070",
      "t" : 1756457556102,
      "tn" : 1756457556102955070,
      "q" : "0.0008",
      "p" : "1519.69",
      "s" : "sell",
      "i" : "MKR_USD",
      "m" : "4611686018430521716"
    }, {
      "d" : "1756457556087945142",
      "t" : 1756457556087,
      "tn" : 1756457556087945142,
      "q" : "0.0008",
      "p" : "1519.69",
      "s" : "sell",
      "i" : "MKR_USD",
      "m" : "4611686018430521715"
    }, {
      "d" : "1756457556042886617",
      "t" : 1756457556042,
      "tn" : 1756457556042886617,
      "q" : "0.0008",
      "p" : "1519.69",
      "s" : "sell",
      "i" : "MKR_USD",
      "m" : "4611686018430521714"
    }, {
      "d" : "1756457556017921809",
      "t" : 1756457556017,
      "tn" : 1756457556017921809,
      "q" : "0.0008",
      "p" : "1519.47",
      "s" : "sell",
      "i" : "MKR_USD",
      "m" : "4611686018430521713"
    }, {
      "d" : "1756457555982790538",
      "t" : 1756457555982,
      "tn" : 1756457555982790538,
      "q" : "0.0008",
      "p" : "1519.47",
      "s" : "sell",
      "i" : "MKR_USD",
      "m" : "4611686018430521712"
    }, {
      "d" : "1756457555957841591",
      "t" : 1756457555957,
      "tn" : 1756457555957841591,
      "q" : "0.0008",
      "p" : "1519.36",
      "s" : "sell",
      "i" : "MKR_USD",
      "m" : "4611686018430521711"
    }, {
      "d" : "1756457555837416558",
      "t" : 1756457555837,
      "tn" : 1756457555837416558,
      "q" : "0.0008",
      "p" : "1519.35",
      "s" : "sell",
      "i" : "MKR_USD",
      "m" : "4611686018430521710"
    }, {
      "d" : "1756457555812379191",
      "t" : 1756457555812,
      "tn" : 1756457555812379191,
      "q" : "0.0008",
      "p" : "1519.35",
      "s" : "sell",
      "i" : "MKR_USD",
      "m" : "4611686018430521709"
    }, {
      "d" : "1756457555792359700",
      "t" : 1756457555792,
      "tn" : 1756457555792359700,
      "q" : "0.0008",
      "p" : "1519.12",
      "s" : "sell",
      "i" : "MKR_USD",
      "m" : "4611686018430521708"
    } ]
  }
}