{
  "id" : -1,
  "method" : "public/get-trades",
  "code" : 0,
  "result" : {
    "data" : [ {
      "d" : "1756461678586897517",
      "t" : 1756461678586,
      "tn" : 1756461678586897517,
      "q" : "0.001",
      "p" : "1538.25",
      "s" : "sell",
      "i" : "MKRUSD-PERP",
      "m" : "4611686018430628235"
    }, {
      "d" : "1756461635676156734",
      "t" : 1756461635676,
      "tn" : 1756461635676156734,
      "q" : "0.020",
      "p" : "1536.92",
      "s" : "sell",
      "i" : "MKRUSD-PERP",
      "m" : "4611686018430628234"
    }, {
      "d" : "1756461593746282701",
      "t" : 1756461593746,
      "tn" : 1756461593746282701,
      "q" : "0.001",
      "p" : "1539.90",
      "s" : "sell",
      "i" : "MKRUSD-PERP",
      "m" : "4611686018430628233"
    }, {
      "d" : "1756461593673907898",
      "t" : 1756461593673,
      "tn" : 1756461593673907898,
      "q" : "0.001",
      "p" : "1540.05",
      "s" : "sell",
      "i" : "MKRUSD-PERP",
      "m" : "4611686018430628232"
    }, {
      "d" : "1756461557087541315",
      "t" : 1756461557087,
      "tn" : 1756461557087541315,
      "q" : "0.001",
      "p" : "1541.40",
      "s" : "sell",
      "i" : "MKRUSD-PERP",
      "m" : "4611686018430628231"
    }, {
      "d" : "1756461554423386581",
      "t" : 1756461554423,
      "tn" : 1756461554423386581,
      "q" : "0.001",
      "p" : "1542.15",
      "s" : "sell",
      "i" : "MKRUSD-PERP",
      "m" : "4611686018430628230"
    }, {
      "d" : "1756461529541223998",
      "t" : 1756461529541,
      "tn" : 1756461529541223998,
      "q" : "0.001",
      "p" : "1541.70",
      "s" : "sell",
      "i" : "MKRUSD-PERP",
      "m" : "4611686018430628229"
    }, {
      "d" : "1756461529540673345",
      "t" : 1756461529540,
      "tn" : 1756461529540673345,
      "q" : "0.001",
      "p" : "1541.74",
      "s" : "sell",
      "i" : "MKRUSD-PERP",
      "m" : "4611686018430628228"
    }, {
      "d" : "1756461527341403549",
      "t" : 1756461527341,
      "tn" : 1756461527341403549,
      "q" : "0.001",
      "p" : "1541.95",
      "s" : "sell",
      "i" : "MKRUSD-PERP",
      "m" : "4611686018430628227"
    }, {
      "d" : "1756461526188853827",
      "t" : 1756461526188,
      "tn" : 1756461526188853827,
      "q" : "0.001",
      "p" : "1542.37",
      "s" : "sell",
      "i" : "MKRUSD-PERP",
      "m" : "4611686018430628226"
    }, {
      "d" : "1756461487998581668",
      "t" : 1756461487998,
      "tn" : 1756461487998581668,
      "q" : "0.001",
      "p" : "1543.39",
      "s" : "sell",
      "i" : "MKRUSD-PERP",
      "m" : "4611686018430628225"
    }, {
      "d" : "1756461399095837377",
      "t" : 1756461399095,
      "tn" : 1756461399095837377,
      "q" : "0.009",
      "p" : "1541.73",
      "s" : "sell",
      "i" : "MKRUSD-PERP",
      "m" : "4611686018430628224"
    }, {
      "d" : "1756461399095835824",
      "t" : 1756461399095,
      "tn" : 1756461399095835824,
      "q" : "0.001",
      "p" : "1542.31",
      "s" : "sell",
      "i" : "MKRUSD-PERP",
      "m" : "4611686018430628223"
    }, {
      "d" : "1756461189679581958",
      "t" : 1756461189679,
      "tn" : 1756461189679581958,
      "q" : "0.001",
      "p" : "1540.94",
      "s" : "sell",
      "i" : "MKRUSD-PERP",
      "m" : "4611686018430628222"
    }, {
      "d" : "1756461189567594391",
      "t" : 1756461189567,
      "tn" : 1756461189567594391,
      "q" : "0.001",
      "p" : "1540.94",
      "s" : "sell",
      "i" : "MKRUSD-PERP",
      "m" : "4611686018430628221"
    }, {
      "d" : "1756461187942576375",
      "t" : 1756461187942,
      "tn" : 1756461187942576375,
      "q" : "0.001",
      "p" : "1541.09",
      "s" : "sell",
      "i" : "MKRUSD-PERP",
      "m" : "4611686018430628220"
    }, {
      "d" : "1756461182158357539",
      "t" : 1756461182158,
      "tn" : 1756461182158357539,
      "q" : "0.001",
      "p" : "1540.64",
      "s" : "sell",
      "i" : "MKRUSD-PERP",
      "m" : "4611686018430628219"
    }, {
      "d" : "1756461182052674979",
      "t" : 1756461182052,
      "tn" : 1756461182052674979,
      "q" : "0.001",
      "p" : "1540.79",
      "s" : "sell",
      "i" : "MKRUSD-PERP",
      "m" : "4611686018430628218"
    }, {
      "d" : "1756461171512394851",
      "t" : 1756461171512,
      "tn" : 1756461171512394851,
      "q" : "0.001",
      "p" : "1538.84",
      "s" : "sell",
      "i" : "MKRUSD-PERP",
      "m" : "4611686018430628217"
    }, {
      "d" : "1756461158055479050",
      "t" : 1756461158055,
      "tn" : 1756461158055479050,
      "q" : "0.001",
      "p" : "1538.99",
      "s" : "sell",
      "i" : "MKRUSD-PERP",
      "m" : "4611686018430628216"
    }, {
      "d" : "1756461142939177127",
      "t" : 1756461142939,
      "tn" : 1756461142939177127,
      "q" : "0.007",
      "p" : "1537.93",
      "s" : "sell",
      "i" : "MKRUSD-PERP",
      "m" : "4611686018430628215"
    }, {
      "d" : "1756461142939175643",
      "t" : 1756461142939,
      "tn" : 1756461142939175643,
      "q" : "0.001",
      "p" : "1538.10",
      "s" : "sell",
      "i" : "MKRUSD-PERP",
      "m" : "4611686018430628214"
    }, {
      "d" : "1756461142939173054",
      "t" : 1756461142939,
      "tn" : 1756461142939173054,
      "q" : "0.001",
      "p" : "1539.29",
      "s" : "sell",
      "i" : "MKRUSD-PERP",
      "m" : "4611686018430628213"
    }, {
      "d" : "1756461098959790801",
      "t" : 1756461098959,
      "tn" : 1756461098959790801,
      "q" : "0.001",
      "p" : "1540.49",
      "s" : "sell",
      "i" : "MKRUSD-PERP",
      "m" : "4611686018430628212"
    }, {
      "d" : "1756460957938021431",
      "t" : 1756460957938,
      "tn" : 1756460957938021431,
      "q" : "0.001",
      "p" : "1540.56",
      "s" : "buy",
      "i" : "MKRUSD-PERP",
      "m" : "4611686018430628211"
    }, {
      "d" : "1756460957937017418",
      "t" : 1756460957937,
      "tn" : 1756460957937017418,
      "q" : "0.001",
      "p" : "1539.90",
      "s" : "buy",
      "i" : "MKRUSD-PERP",
      "m" : "4611686018430628210"
    }, {
      "d" : "1756460411200353689",
      "t" : 1756460411200,
      "tn" : 1756460411200353689,
      "q" : "0.001",
      "p" : "1532.95",
      "s" : "buy",
      "i" : "MKRUSD-PERP",
      "m" : "4611686018430628209"
    }, {
      "d" : "1756460409079855936",
      "t" : 1756460409079,
      "tn" : 1756460409079855936,
      "q" : "0.001",
      "p" : "1532.55",
      "s" : "buy",
      "i" : "MKRUSD-PERP",
      "m" : "4611686018430628208"
    }, {
      "d" : "1756460403232732052",
      "t" : 1756460403232,
      "tn" : 1756460403232732052,
      "q" : "0.001",
      "p" : "1531.86",
      "s" : "buy",
      "i" : "MKRUSD-PERP",
      "m" : "4611686018430628207"
    }, {
      "d" : "1756460402895129789",
      "t" : 1756460402895,
      "tn" : 1756460402895129789,
      "q" : "0.001",
      "p" : "1533.36",
      "s" : "sell",
      "i" : "MKRUSD-PERP",
      "m" : "4611686018430628206"
    }, {
      "d" : "1756460380411624650",
      "t" : 1756460380411,
      "tn" : 1756460380411624650,
      "q" : "0.001",
      "p" : "1533.55",
      "s" : "buy",
      "i" : "MKRUSD-PERP",
      "m" : "4611686018430628205"
    }, {
      "d" : "1756460380410974152",
      "t" : 1756460380410,
      "tn" : 1756460380410974152,
      "q" : "0.001",
      "p" : "1533.25",
      "s" : "buy",
      "i" : "MKRUSD-PERP",
      "m" : "4611686018430628204"
    }, {
      "d" : "1756460363782641724",
      "t" : 1756460363782,
      "tn" : 1756460363782641724,
      "q" : "0.001",
      "p" : "1532.55",
      "s" : "buy",
      "i" : "MKRUSD-PERP",
      "m" : "4611686018430628203"
    }, {
      "d" : "1756460362620513162",
      "t" : 1756460362620,
      "tn" : 1756460362620513162,
      "q" : "0.001",
      "p" : "1532.40",
      "s" : "buy",
      "i" : "MKRUSD-PERP",
      "m" : "4611686018430628202"
    }, {
      "d" : "1756460356293358474",
      "t" : 1756460356293,
      "tn" : 1756460356293358474,
      "q" : "0.001",
      "p" : "1533.45",
      "s" : "buy",
      "i" : "MKRUSD-PERP",
      "m" : "4611686018430628201"
    }, {
      "d" : "1756460312348739309",
      "t" : 1756460312348,
      "tn" : 1756460312348739309,
      "q" : "0.001",
      "p" : "1535.10",
      "s" : "buy",
      "i" : "MKRUSD-PERP",
      "m" : "4611686018430628200"
    }, {
      "d" : "1756460293424433898",
      "t" : 1756460293424,
      "tn" : 1756460293424433898,
      "q" : "0.001",
      "p" : "1536.15",
      "s" : "buy",
      "i" : "MKRUSD-PERP",
      "m" : "4611686018430628199"
    }, {
      "d" : "1756460291338479631",
      "t" : 1756460291338,
      "tn" : 1756460291338479631,
      "q" : "0.001",
      "p" : "1537.37",
      "s" : "buy",
      "i" : "MKRUSD-PERP",
      "m" : "4611686018430628198"
    }, {
      "d" : "1756460291278498521",
      "t" : 1756460291278,
      "tn" : 1756460291278498521,
      "q" : "0.001",
      "p" : "1537.05",
      "s" : "buy",
      "i" : "MKRUSD-PERP",
      "m" : "4611686018430628197"
    }, {
      "d" : "1756460289687025478",
      "t" : 1756460289687,
      "tn" : 1756460289687025478,
      "q" : "0.001",
      "p" : "1536.75",
      "s" : "buy",
      "i" : "MKRUSD-PERP",
      "m" : "4611686018430628196"
    }, {
      "d" : "1756460288917387651",
      "t" : 1756460288917,
      "tn" : 1756460288917387651,
      "q" : "0.001",
      "p" : "1536.45",
      "s" : "buy",
      "i" : "MKRUSD-PERP",
      "m" : "4611686018430628195"
    }, {
      "d" : "1756460283053370447",
      "t" : 1756460283053,
      "tn" : 1756460283053370447,
      "q" : "0.001",
      "p" : "1535.55",
      "s" : "buy",
      "i" : "MKRUSD-PERP",
      "m" : "4611686018430628194"
    }, {
      "d" : "1756460282700209416",
      "t" : 1756460282700,
      "tn" : 1756460282700209416,
      "q" : "0.001",
      "p" : "1536.20",
      "s" : "buy",
      "i" : "MKRUSD-PERP",
      "m" : "4611686018430628193"
    }, {
      "d" : "1756460282533191066",
      "t" : 1756460282533,
      "tn" : 1756460282533191066,
      "q" : "0.001",
      "p" : "1535.95",
      "s" : "buy",
      "i" : "MKRUSD-PERP",
      "m" : "4611686018430628192"
    }, {
      "d" : "1756460264857807869",
      "t" : 1756460264857,
      "tn" : 1756460264857807869,
      "q" : "0.001",
      "p" : "1535.40",
      "s" : "buy",
      "i" : "MKRUSD-PERP",
      "m" : "4611686018430628191"
    }, {
      "d" : "1756460258965165689",
      "t" : 1756460258965,
      "tn" : 1756460258965165689,
      "q" : "0.001",
      "p" : "1535.96",
      "s" : "buy",
      "i" : "MKRUSD-PERP",
      "m" : "4611686018430628190"
    }, {
      "d" : "1756460258890813167",
      "t" : 1756460258890,
      "tn" : 1756460258890813167,
      "q" : "0.001",
      "p" : "1535.17",
      "s" : "buy",
      "i" : "MKRUSD-PERP",
      "m" : "4611686018430628189"
    }, {
      "d" : "1756460258753148610",
      "t" : 1756460258753,
      "tn" : 1756460258753148610,
      "q" : "0.001",
      "p" : "1534.80",
      "s" : "buy",
      "i" : "MKRUSD-PERP",
      "m" : "4611686018430628188"
    }, {
      "d" : "1756460248840131795",
      "t" : 1756460248840,
      "tn" : 1756460248840131795,
      "q" : "0.001",
      "p" : "1535.64",
      "s" : "buy",
      "i" : "MKRUSD-PERP",
      "m" : "4611686018430628187"
    }, {
      "d" : "1756460248780759066",
      "t" : 1756460248780,
      "tn" : 1756460248780759066,
      "q" : "0.001",
      "p" : "1535.64",
      "s" : "buy",
      "i" : "MKRUSD-PERP",
      "m" : "4611686018430628186"
    }, {
      "d" : "1756460248780235467",
      "t" : 1756460248780,
      "tn" : 1756460248780235467,
      "q" : "0.001",
      "p" : "1535.53",
      "s" : "buy",
      "i" : "MKRUSD-PERP",
      "m" : "4611686018430628185"
    }, {
      "d" : "1756460247999610014",
      "t" : 1756460247999,
      "tn" : 1756460247999610014,
      "q" : "0.001",
      "p" : "1534.95",
      "s" : "buy",
      "i" : "MKRUSD-PERP",
      "m" : "4611686018430628184"
    }, {
      "d" : "1756460235765776544",
      "t" : 1756460235765,
      "tn" : 1756460235765776544,
      "q" : "0.001",
      "p" : "1535.55",
      "s" : "buy",
      "i" : "MKRUSD-PERP",
      "m" : "4611686018430628183"
    }, {
      "d" : "1756460235319657364",
      "t" : 1756460235319,
      "tn" : 1756460235319657364,
      "q" : "0.001",
      "p" : "1535.80",
      "s" : "buy",
      "i" : "MKRUSD-PERP",
      "m" : "4611686018430628182"
    }, {
      "d" : "1756460235165785848",
      "t" : 1756460235165,
      "tn" : 1756460235165785848,
      "q" : "0.001",
      "p" : "1535.62",
      "s" : "buy",
      "i" : "MKRUSD-PERP",
      "m" : "4611686018430628181"
    }, {
      "d" : "1756460235099496099",
      "t" : 1756460235099,
      "tn" : 1756460235099496099,
      "q" : "0.001",
      "p" : "1535.62",
      "s" : "buy",
      "i" : "MKRUSD-PERP",
      "m" : "4611686018430628180"
    }, {
      "d" : "1756460235098928134",
      "t" : 1756460235098,
      "tn" : 1756460235098928134,
      "q" : "0.001",
      "p" : "1535.52",
      "s" : "buy",
      "i" : "MKRUSD-PERP",
      "m" : "4611686018430628179"
    }, {
      "d" : "1756460232637178626",
      "t" : 1756460232637,
      "tn" : 1756460232637178626,
      "q" : "0.001",
      "p" : "1535.22",
      "s" : "buy",
      "i" : "MKRUSD-PERP",
      "m" : "4611686018430628178"
    }, {
      "d" : "1756460232499736751",
      "t" : 1756460232499,
      "tn" : 1756460232499736751,
      "q" : "0.001",
      "p" : "1534.62",
      "s" : "buy",
      "i" : "MKRUSD-PERP",
      "m" : "4611686018430628177"
    }, {
      "d" : "1756460231558385640",
      "t" : 1756460231558,
      "tn" : 1756460231558385640,
      "q" : "0.001",
      "p" : "1534.21",
      "s" : "buy",
      "i" : "MKRUSD-PERP",
      "m" : "4611686018430628176"
    }, {
      "d" : "1756460227746291020",
      "t" : 1756460227746,
      "tn" : 1756460227746291020,
      "q" : "0.001",
      "p" : "1533.60",
      "s" : "buy",
      "i" : "MKRUSD-PERP",
      "m" : "4611686018430628175"
    }, {
      "d" : "1756460224101317253",
      "t" : 1756460224101,
      "tn" : 1756460224101317253,
      "q" : "0.001",
      "p" : "1533.75",
      "s" : "buy",
      "i" : "MKRUSD-PERP",
      "m" : "4611686018430628174"
    }, {
      "d" : "1756460223503265625",
      "t" : 1756460223503,
      "tn" : 1756460223503265625,
      "q" : "0.001",
      "p" : "1534.30",
      "s" : "buy",
      "i" : "MKRUSD-PERP",
      "m" : "4611686018430628173"
    }, {
      "d" : "1756460223502729813",
      "t" : 1756460223502,
      "tn" : 1756460223502729813,
      "q" : "0.001",
      "p" : "1534.00",
      "s" : "buy",
      "i" : "MKRUSD-PERP",
      "m" : "4611686018430628172"
    }, {
      "d" : "1756460223029883913",
      "t" : 1756460223029,
      "tn" : 1756460223029883913,
      "q" : "0.001",
      "p" : "1533.45",
      "s" : "buy",
      "i" : "MKRUSD-PERP",
      "m" : "4611686018430628171"
    }, {
      "d" : "1756460213761224014",
      "t" : 1756460213761,
      "tn" : 1756460213761224014,
      "q" : "0.001",
      "p" : "1533.60",
      "s" : "buy",
      "i" : "MKRUSD-PERP",
      "m" : "4611686018430628170"
    }, {
      "d" : "1756460206117745672",
      "t" : 1756460206117,
      "tn" : 1756460206117745672,
      "q" : "0.001",
      "p" : "1533.90",
      "s" : "buy",
      "i" : "MKRUSD-PERP",
      "m" : "4611686018430628169"
    }, {
      "d" : "1756460188250297507",
      "t" : 1756460188250,
      "tn" : 1756460188250297507,
      "q" : "0.001",
      "p" : "1535.09",
      "s" : "buy",
      "i" : "MKRUSD-PERP",
      "m" : "4611686018430628168"
    }, {
      "d" : "1756460188249858423",
      "t" : 1756460188249,
      "tn" : 1756460188249858423,
      "q" : "0.001",
      "p" : "1534.98",
      "s" : "buy",
      "i" : "MKRUSD-PERP",
      "m" : "4611686018430628167"
    }, {
      "d" : "1756460186635895601",
      "t" : 1756460186635,
      "tn" : 1756460186635895601,
      "q" : "0.001",
      "p" : "1534.68",
      "s" : "buy",
      "i" : "MKRUSD-PERP",
      "m" : "4611686018430628166"
    }, {
      "d" : "1756460185551958620",
      "t" : 1756460185551,
      "tn" : 1756460185551958620,
      "q" : "0.001",
      "p" : "1534.57",
      "s" : "buy",
      "i" : "MKRUSD-PERP",
      "m" : "4611686018430628165"
    }, {
      "d" : "1756460185496862161",
      "t" : 1756460185496,
      "tn" : 1756460185496862161,
      "q" : "0.001",
      "p" : "1534.35",
      "s" : "buy",
      "i" : "MKRUSD-PERP",
      "m" : "4611686018430628164"
    }, {
      "d" : "1756460185442181202",
      "t" : 1756460185442,
      "tn" : 1756460185442181202,
      "q" : "0.001",
      "p" : "1534.35",
      "s" : "buy",
      "i" : "MKRUSD-PERP",
      "m" : "4611686018430628163"
    }, {
      "d" : "1756460185435819918",
      "t" : 1756460185435,
      "tn" : 1756460185435819918,
      "q" : "0.001",
      "p" : "1534.05",
      "s" : "buy",
      "i" : "MKRUSD-PERP",
      "m" : "4611686018430628162"
    }, {
      "d" : "1756460182496232406",
      "t" : 1756460182496,
      "tn" : 1756460182496232406,
      "q" : "0.001",
      "p" : "1532.85",
      "s" : "buy",
      "i" : "MKRUSD-PERP",
      "m" : "4611686018430628161"
    }, {
      "d" : "1756460106570670315",
      "t" : 1756460106570,
      "tn" : 1756460106570670315,
      "q" : "0.001",
      "p" : "1533.00",
      "s" : "buy",
      "i" : "MKRUSD-PERP",
      "m" : "4611686018430628160"
    }, {
      "d" : "1756460106480082355",
      "t" : 1756460106480,
      "tn" : 1756460106480082355,
      "q" : "0.001",
      "p" : "1533.23",
      "s" : "buy",
      "i" : "MKRUSD-PERP",
      "m" : "4611686018430628159"
    }, {
      "d" : "1756460106479678961",
      "t" : 1756460106479,
      "tn" : 1756460106479678961,
      "q" : "0.001",
      "p" : "1533.08",
      "s" : "buy",
      "i" : "MKRUSD-PERP",
      "m" : "4611686018430628158"
    }, {
      "d" : "1756460106067193605",
      "t" : 1756460106067,
      "tn" : 1756460106067193605,
      "q" : "0.001",
      "p" : "1532.70",
      "s" : "buy",
      "i" : "MKRUSD-PERP",
      "m" : "4611686018430628157"
    }, {
      "d" : "1756460102236270273",
      "t" : 1756460102236,
      "tn" : 1756460102236270273,
      "q" : "0.001",
      "p" : "1532.40",
      "s" : "buy",
      "i" : "MKRUSD-PERP",
      "m" : "4611686018430628156"
    }, {
      "d" : "1756460102116344180",
      "t" : 1756460102116,
      "tn" : 1756460102116344180,
      "q" : "0.001",
      "p" : "1532.41",
      "s" : "buy",
      "i" : "MKRUSD-PERP",
      "m" : "4611686018430628155"
    }, {
      "d" : "1756460102115880220",
      "t" : 1756460102115,
      "tn" : 1756460102115880220,
      "q" : "0.001",
      "p" : "1532.25",
      "s" : "buy",
      "i" : "MKRUSD-PERP",
      "m" : "4611686018430628154"
    }, {
      "d" : "1756460101998537979",
      "t" : 1756460101998,
      "tn" : 1756460101998537979,
      "q" : "0.001",
      "p" : "1531.90",
      "s" : "buy",
      "i" : "MKRUSD-PERP",
      "m" : "4611686018430628153"
    }, {
      "d" : "1756460101998536422",
      "t" : 1756460101998,
      "tn" : 1756460101998536422,
      "q" : "0.001",
      "p" : "1531.80",
      "s" : "buy",
      "i" : "MKRUSD-PERP",
      "m" : "4611686018430628152"
    }, {
      "d" : "1756460080382443934",
      "t" : 1756460080382,
      "tn" : 1756460080382443934,
      "q" : "0.001",
      "p" : "1530.30",
      "s" : "buy",
      "i" : "MKRUSD-PERP",
      "m" : "4611686018430628151"
    }, {
      "d" : "1756460080382442287",
      "t" : 1756460080382,
      "tn" : 1756460080382442287,
      "q" : "0.001",
      "p" : "1530.28",
      "s" : "buy",
      "i" : "MKRUSD-PERP",
      "m" : "4611686018430628150"
    }, {
      "d" : "1756460027290605585",
      "t" : 1756460027290,
      "tn" : 1756460027290605585,
      "q" : "0.001",
      "p" : "1529.96",
      "s" : "buy",
      "i" : "MKRUSD-PERP",
      "m" : "4611686018430628149"
    }, {
      "d" : "1756460021321456624",
      "t" : 1756460021321,
      "tn" : 1756460021321456624,
      "q" : "0.001",
      "p" : "1529.84",
      "s" : "buy",
      "i" : "MKRUSD-PERP",
      "m" : "4611686018430628148"
    }, {
      "d" : "1756459882746419465",
      "t" : 1756459882746,
      "tn" : 1756459882746419465,
      "q" : "0.001",
      "p" : "1530.33",
      "s" : "buy",
      "i" : "MKRUSD-PERP",
      "m" : "4611686018430628147"
    }, {
      "d" : "1756459871830780353",
      "t" : 1756459871830,
      "tn" : 1756459871830780352,
      "q" : "0.064",
      "p" : "1529.30",
      "s" : "buy",
      "i" : "MKRUSD-PERP",
      "m" : "4611686018430628146"
    }, {
      "d" : "1756459871830780352",
      "t" : 1756459871830,
      "tn" : 1756459871830780352,
      "q" : "0.001",
      "p" : "1529.30",
      "s" : "buy",
      "i" : "MKRUSD-PERP",
      "m" : "4611686018430628146"
    }, {
      "d" : "1756459861738862266",
      "t" : 1756459861738,
      "tn" : 1756459861738862266,
      "q" : "0.001",
      "p" : "1529.40",
      "s" : "sell",
      "i" : "MKRUSD-PERP",
      "m" : "4611686018430628145"
    }, {
      "d" : "1756459861627773808",
      "t" : 1756459861627,
      "tn" : 1756459861627773808,
      "q" : "0.001",
      "p" : "1529.70",
      "s" : "sell",
      "i" : "MKRUSD-PERP",
      "m" : "4611686018430628144"
    }, {
      "d" : "1756459861627364931",
      "t" : 1756459861627,
      "tn" : 1756459861627364931,
      "q" : "0.001",
      "p" : "1529.85",
      "s" : "sell",
      "i" : "MKRUSD-PERP",
      "m" : "4611686018430628143"
    }, {
      "d" : "1756459846968170333",
      "t" : 1756459846968,
      "tn" : 1756459846968170333,
      "q" : "0.001",
      "p" : "1529.49",
      "s" : "buy",
      "i" : "MKRUSD-PERP",
      "m" : "4611686018430628142"
    }, {
      "d" : "1756459846295574248",
      "t" : 1756459846295,
      "tn" : 1756459846295574248,
      "q" : "0.001",
      "p" : "1529.70",
      "s" : "sell",
      "i" : "MKRUSD-PERP",
      "m" : "4611686018430628141"
    }, {
      "d" : "1756459844858684693",
      "t" : 1756459844858,
      "tn" : 1756459844858684693,
      "q" : "0.001",
      "p" : "1530.10",
      "s" : "sell",
      "i" : "MKRUSD-PERP",
      "m" : "4611686018430628140"
    }, {
      "d" : "1756459844857684827",
      "t" : 1756459844857,
      "tn" : 1756459844857684827,
      "q" : "0.001",
      "p" : "1530.30",
      "s" : "sell",
      "i" : "MKRUSD-PERP",
      "m" : "4611686018430628139"
    }, {
      "d" : "1756459816259396916",
      "t" : 1756459816259,
      "tn" : 1756459816259396916,
      "q" : "0.001",
      "p" : "1531.65",
      "s" : "sell",
      "i" : "MKRUSD-PERP",
      "m" : "4611686018430628138"
    }, {
      "d" : "1756459809373966427",
      "t" : 1756459809373,
      "tn" : 1756459809373966427,
      "q" : "0.001",
      "p" : "1531.60",
      "s" : "buy",
      "i" : "MKRUSD-PERP",
      "m" : "4611686018430628137"
    }, {
      "d" : "1756459733424717707",
      "t" : 1756459733424,
      "tn" : 1756459733424717707,
      "q" : "0.001",
      "p" : "1529.70",
      "s" : "sell",
      "i" : "MKRUSD-PERP",
      "m" : "4611686018430628136"
    }, {
      "d" : "1756459733424309935",
      "t" : 1756459733424,
      "tn" : 1756459733424309935,
      "q" : "0.001",
      "p" : "1529.85",
      "s" : "sell",
      "i" : "MKRUSD-PERP",
      "m" : "4611686018430628135"
    }, {
      "d" : "1756459668779410939",
      "t" : 1756459668779,
      "tn" : 1756459668779410939,
      "q" : "0.001",
      "p" : "1529.85",
      "s" : "sell",
      "i" : "MKRUSD-PERP",
      "m" : "4611686018430628134"
    }, {
      "d" : "1756459603247351252",
      "t" : 1756459603247,
      "tn" : 1756459603247351252,
      "q" : "0.008",
      "p" : "1527.35",
      "s" : "sell",
      "i" : "MKRUSD-PERP",
      "m" : "4611686018430628133"
    }, {
      "d" : "1756459603247349787",
      "t" : 1756459603247,
      "tn" : 1756459603247349787,
      "q" : "0.001",
      "p" : "1529.10",
      "s" : "sell",
      "i" : "MKRUSD-PERP",
      "m" : "4611686018430628132"
    }, {
      "d" : "1756459603247347421",
      "t" : 1756459603247,
      "tn" : 1756459603247347421,
      "q" : "0.001",
      "p" : "1529.33",
      "s" : "sell",
      "i" : "MKRUSD-PERP",
      "m" : "4611686018430628131"
    }, {
      "d" : "1756459587391318836",
      "t" : 1756459587391,
      "tn" : 1756459587391318836,
      "q" : "0.001",
      "p" : "1531.75",
      "s" : "sell",
      "i" : "MKRUSD-PERP",
      "m" : "4611686018430628130"
    }, {
      "d" : "1756459571214192075",
      "t" : 1756459571214,
      "tn" : 1756459571214192075,
      "q" : "0.005",
      "p" : "1532.27",
      "s" : "sell",
      "i" : "MKRUSD-PERP",
      "m" : "4611686018430628129"
    }, {
      "d" : "1756458260472899102",
      "t" : 1756458260472,
      "tn" : 1756458260472899102,
      "q" : "0.001",
      "p" : "1524.86",
      "s" : "sell",
      "i" : "MKRUSD-PERP",
      "m" : "4611686018430628128"
    }, {
      "d" : "1756458125360684340",
      "t" : 1756458125360,
      "tn" : 1756458125360684340,
      "q" : "0.001",
      "p" : "1523.47",
      "s" : "sell",
      "i" : "MKRUSD-PERP",
      "m" : "4611686018430628127"
    }, {
      "d" : "1756458114070296551",
      "t" : 1756458114070,
      "tn" : 1756458114070296551,
      "q" : "0.001",
      "p" : "1522.59",
      "s" : "sell",
      "i" : "MKRUSD-PERP",
      "m" : "4611686018430628126"
    }, {
      "d" : "1756458113187539646",
      "t" : 1756458113187,
      "tn" : 1756458113187539646,
      "q" : "0.001",
      "p" : "1522.64",
      "s" : "sell",
      "i" : "MKRUSD-PERP",
      "m" : "4611686018430628125"
    }, {
      "d" : "1756458112986543767",
      "t" : 1756458112986,
      "tn" : 1756458112986543767,
      "q" : "0.001",
      "p" : "1522.94",
      "s" : "sell",
      "i" : "MKRUSD-PERP",
      "m" : "4611686018430628124"
    }, {
      "d" : "1756458112038532034",
      "t" : 1756458112038,
      "tn" : 1756458112038532034,
      "q" : "0.001",
      "p" : "1522.94",
      "s" : "sell",
      "i" : "MKRUSD-PERP",
      "m" : "4611686018430628123"
    }, {
      "d" : "1756458110616494788",
      "t" : 1756458110616,
      "tn" : 1756458110616494788,
      "q" : "0.001",
      "p" : "1523.24",
      "s" : "sell",
      "i" : "MKRUSD-PERP",
      "m" : "4611686018430628122"
    }, {
      "d" : "1756458105044119658",
      "t" : 1756458105044,
      "tn" : 1756458105044119658,
      "q" : "0.006",
      "p" : "1519.74",
      "s" : "sell",
      "i" : "MKRUSD-PERP",
      "m" : "4611686018430628121"
    }, {
      "d" : "1756458105044117438",
      "t" : 1756458105044,
      "tn" : 1756458105044117438,
      "q" : "0.001",
      "p" : "1522.05",
      "s" : "sell",
      "i" : "MKRUSD-PERP",
      "m" : "4611686018430628120"
    }, {
      "d" : "1756458105044114699",
      "t" : 1756458105044,
      "tn" : 1756458105044114699,
      "q" : "0.001",
      "p" : "1522.94",
      "s" : "sell",
      "i" : "MKRUSD-PERP",
      "m" : "4611686018430628119"
    }, {
      "d" : "1756457889911057800",
      "t" : 1756457889911,
      "tn" : 1756457889911057800,
      "q" : "0.001",
      "p" : "1525.36",
      "s" : "sell",
      "i" : "MKRUSD-PERP",
      "m" : "4611686018430628118"
    }, {
      "d" : "1756457888414245059",
      "t" : 1756457888414,
      "tn" : 1756457888414245059,
      "q" : "0.008",
      "p" : "1525.37",
      "s" : "buy",
      "i" : "MKRUSD-PERP",
      "m" : "4611686018430628117"
    }, {
      "d" : "1756457888413793446",
      "t" : 1756457888413,
      "tn" : 1756457888413793446,
      "q" : "0.001",
      "p" : "1525.30",
      "s" : "buy",
      "i" : "MKRUSD-PERP",
      "m" : "4611686018430628116"
    }, {
      "d" : "1756457888351964266",
      "t" : 1756457888351,
      "tn" : 1756457888351964266,
      "q" : "0.001",
      "p" : "1524.80",
      "s" : "buy",
      "i" : "MKRUSD-PERP",
      "m" : "4611686018430628115"
    }, {
      "d" : "1756457886366489965",
      "t" : 1756457886366,
      "tn" : 1756457886366489965,
      "q" : "0.001",
      "p" : "1524.15",
      "s" : "buy",
      "i" : "MKRUSD-PERP",
      "m" : "4611686018430628114"
    }, {
      "d" : "1756457886301829859",
      "t" : 1756457886301,
      "tn" : 1756457886301829859,
      "q" : "0.001",
      "p" : "1524.69",
      "s" : "buy",
      "i" : "MKRUSD-PERP",
      "m" : "4611686018430628113"
    }, {
      "d" : "1756457886301337924",
      "t" : 1756457886301,
      "tn" : 1756457886301337924,
      "q" : "0.001",
      "p" : "1524.58",
      "s" : "buy",
      "i" : "MKRUSD-PERP",
      "m" : "4611686018430628112"
    }, {
      "d" : "1756457885436811981",
      "t" : 1756457885436,
      "tn" : 1756457885436811981,
      "q" : "0.001",
      "p" : "1524.38",
      "s" : "buy",
      "i" : "MKRUSD-PERP",
      "m" : "4611686018430628111"
    }, {
      "d" : "1756457885241778389",
      "t" : 1756457885241,
      "tn" : 1756457885241778389,
      "q" : "0.001",
      "p" : "1524.17",
      "s" : "buy",
      "i" : "MKRUSD-PERP",
      "m" : "4611686018430628110"
    }, {
      "d" : "1756457885239268726",
      "t" : 1756457885239,
      "tn" : 1756457885239268726,
      "q" : "0.001",
      "p" : "1523.97",
      "s" : "buy",
      "i" : "MKRUSD-PERP",
      "m" : "4611686018430628109"
    }, {
      "d" : "1756457884661266141",
      "t" : 1756457884661,
      "tn" : 1756457884661266141,
      "q" : "0.001",
      "p" : "1523.40",
      "s" : "buy",
      "i" : "MKRUSD-PERP",
      "m" : "4611686018430628108"
    }, {
      "d" : "1756457884601478008",
      "t" : 1756457884601,
      "tn" : 1756457884601478008,
      "q" : "0.001",
      "p" : "1523.65",
      "s" : "buy",
      "i" : "MKRUSD-PERP",
      "m" : "4611686018430628107"
    }, {
      "d" : "1756457884595291536",
      "t" : 1756457884595,
      "tn" : 1756457884595291536,
      "q" : "0.001",
      "p" : "1523.25",
      "s" : "buy",
      "i" : "MKRUSD-PERP",
      "m" : "4611686018430628106"
    }, {
      "d" : "1756457884369776663",
      "t" : 1756457884369,
      "tn" : 1756457884369776663,
      "q" : "0.001",
      "p" : "1522.65",
      "s" : "buy",
      "i" : "MKRUSD-PERP",
      "m" : "4611686018430628105"
    }, {
      "d" : "1756457884312595445",
      "t" : 1756457884312,
      "tn" : 1756457884312595445,
      "q" : "0.001",
      "p" : "1522.74",
      "s" : "buy",
      "i" : "MKRUSD-PERP",
      "m" : "4611686018430628104"
    }, {
      "d" : "1756457884312134634",
      "t" : 1756457884312,
      "tn" : 1756457884312134634,
      "q" : "0.001",
      "p" : "1522.50",
      "s" : "buy",
      "i" : "MKRUSD-PERP",
      "m" : "4611686018430628103"
    }, {
      "d" : "1756457882349550064",
      "t" : 1756457882349,
      "tn" : 1756457882349550064,
      "q" : "0.001",
      "p" : "1522.50",
      "s" : "buy",
      "i" : "MKRUSD-PERP",
      "m" : "4611686018430628102"
    }, {
      "d" : "1756457881669798452",
      "t" : 1756457881669,
      "tn" : 1756457881669798452,
      "q" : "0.011",
      "p" : "1521.75",
      "s" : "sell",
      "i" : "MKRUSD-PERP",
      "m" : "4611686018430628101"
    }, {
      "d" : "1756457881669796648",
      "t" : 1756457881669,
      "tn" : 1756457881669796648,
      "q" : "0.001",
      "p" : "1522.49",
      "s" : "sell",
      "i" : "MKRUSD-PERP",
      "m" : "4611686018430628100"
    }, {
      "d" : "1756457880886273210",
      "t" : 1756457880886,
      "tn" : 1756457880886273210,
      "q" : "0.001",
      "p" : "1522.50",
      "s" : "buy",
      "i" : "MKRUSD-PERP",
      "m" : "4611686018430628099"
    }, {
      "d" : "1756457876636812345",
      "t" : 1756457876636,
      "tn" : 1756457876636812345,
      "q" : "0.001",
      "p" : "1522.94",
      "s" : "buy",
      "i" : "MKRUSD-PERP",
      "m" : "4611686018430628098"
    }, {
      "d" : "1756457876636374708",
      "t" : 1756457876636,
      "tn" : 1756457876636374708,
      "q" : "0.001",
      "p" : "1522.50",
      "s" : "buy",
      "i" : "MKRUSD-PERP",
      "m" : "4611686018430628097"
    }, {
      "d" : "1756457780742298320",
      "t" : 1756457780742,
      "tn" : 1756457780742298320,
      "q" : "0.001",
      "p" : "1525.20",
      "s" : "buy",
      "i" : "MKRUSD-PERP",
      "m" : "4611686018430628096"
    }, {
      "d" : "1756457780467034416",
      "t" : 1756457780467,
      "tn" : 1756457780467034416,
      "q" : "0.001",
      "p" : "1525.02",
      "s" : "buy",
      "i" : "MKRUSD-PERP",
      "m" : "4611686018430628095"
    }, {
      "d" : "1756457780466838303",
      "t" : 1756457780466,
      "tn" : 1756457780466838303,
      "q" : "0.001",
      "p" : "1524.75",
      "s" : "buy",
      "i" : "MKRUSD-PERP",
      "m" : "4611686018430628094"
    }, {
      "d" : "1756457773799054397",
      "t" : 1756457773799,
      "tn" : 1756457773799054397,
      "q" : "0.006",
      "p" : "1523.04",
      "s" : "sell",
      "i" : "MKRUSD-PERP",
      "m" : "4611686018430628093"
    }, {
      "d" : "1756457773799052722",
      "t" : 1756457773799,
      "tn" : 1756457773799052722,
      "q" : "0.001",
      "p" : "1523.70",
      "s" : "sell",
      "i" : "MKRUSD-PERP",
      "m" : "4611686018430628092"
    }, {
      "d" : "1756457773799050491",
      "t" : 1756457773799,
      "tn" : 1756457773799050491,
      "q" : "0.001",
      "p" : "1524.72",
      "s" : "sell",
      "i" : "MKRUSD-PERP",
      "m" : "4611686018430628091"
    }, {
      "d" : "1756457763144549963",
      "t" : 1756457763144,
      "tn" : 1756457763144549963,
      "q" : "0.001",
      "p" : "1525.12",
      "s" : "buy",
      "i" : "MKRUSD-PERP",
      "m" : "4611686018430628090"
    }, {
      "d" : "1756457763144057552",
      "t" : 1756457763144,
      "tn" : 1756457763144057552,
      "q" : "0.001",
      "p" : "1524.92",
      "s" : "buy",
      "i" : "MKRUSD-PERP",
      "m" : "4611686018430628089"
    }, {
      "d" : "1756457762949298613",
      "t" : 1756457762949,
      "tn" : 1756457762949298613,
      "q" : "0.001",
      "p" : "1524.60",
      "s" : "buy",
      "i" : "MKRUSD-PERP",
      "m" : "4611686018430628088"
    }, {
      "d" : "1756457762839467674",
      "t" : 1756457762839,
      "tn" : 1756457762839467674,
      "q" : "0.001",
      "p" : "1524.51",
      "s" : "buy",
      "i" : "MKRUSD-PERP",
      "m" : "4611686018430628087"
    } ]
  }
}