{
  "id" : -1,
  "method" : "public/get-trades",
  "code" : 0,
  "result" : {
    "data" : [ {
      "d" : "1756458223554626701",
      "t" : 1756458223554,
      "tn" : 1756458223554626701,
      "q" : "100",
      "p" : "0.15000",
      "s" : "sell",
      "i" : "MLK_USD",
      "m" : "4611686018428513239"
    }, {
      "d" : "1756458172910528122",
      "t" : 1756458172910,
      "tn" : 1756458172910528122,
      "q" : "1880",
      "p" : "0.15004",
      "s" : "sell",
      "i" : "MLK_USD",
      "m" : "4611686018428513238"
    }, {
      "d" : "1756458172910526429",
      "t" : 1756458172910,
      "tn" : 1756458172910526429,
      "q" : "33",
      "p" : "0.15078",
      "s" : "sell",
      "i" : "MLK_USD",
      "m" : "4611686018428513237"
    }, {
      "d" : "1756452937296406281",
      "t" : 1756452937296,
      "tn" : 1756452937296406281,
      "q" : "162",
      "p" : "0.15340",
      "s" : "sell",
      "i" : "MLK_USD",
      "m" : "4611686018428513236"
    }, {
      "d" : "1756452769095258444",
      "t" : 1756452769095,
      "tn" : 1756452769095258444,
      "q" : "73",
      "p" : "0.15440",
      "s" : "sell",
      "i" : "MLK_USD",
      "m" : "4611686018428513235"
    }, {
      "d" : "1756452750530465224",
      "t" : 1756452750530,
      "tn" : 1756452750530465224,
      "q" : "90",
      "p" : "0.15440",
      "s" : "sell",
      "i" : "MLK_USD",
      "m" : "4611686018428513234"
    }, {
      "d" : "1756452749374069387",
      "t" : 1756452749374,
      "tn" : 1756452749374069387,
      "q" : "72",
      "p" : "0.15440",
      "s" : "sell",
      "i" : "MLK_USD",
      "m" : "4611686018428513233"
    }, {
      "d" : "1756452744557510020",
      "t" : 1756452744557,
      "tn" : 1756452744557510020,
      "q" : "162",
      "p" : "0.15440",
      "s" : "sell",
      "i" : "MLK_USD",
      "m" : "4611686018428513232"
    }, {
      "d" : "1756452740519265264",
      "t" : 1756452740519,
      "tn" : 1756452740519265264,
      "q" : "162",
      "p" : "0.15440",
      "s" : "sell",
      "i" : "MLK_USD",
      "m" : "4611686018428513231"
    }, {
      "d" : "1756452737768955366",
      "t" : 1756452737768,
      "tn" : 1756452737768955366,
      "q" : "162",
      "p" : "0.15440",
      "s" : "sell",
      "i" : "MLK_USD",
      "m" : "4611686018428513230"
    }, {
      "d" : "1756452728119240939",
      "t" : 1756452728119,
      "tn" : 1756452728119240939,
      "q" : "162",
      "p" : "0.15440",
      "s" : "sell",
      "i" : "MLK_USD",
      "m" : "4611686018428513229"
    }, {
      "d" : "1756452723191690610",
      "t" : 1756452723191,
      "tn" : 1756452723191690610,
      "q" : "162",
      "p" : "0.15440",
      "s" : "sell",
      "i" : "MLK_USD",
      "m" : "4611686018428513228"
    }, {
      "d" : "1756452717904061747",
      "t" : 1756452717904,
      "tn" : 1756452717904061747,
      "q" : "162",
      "p" : "0.15440",
      "s" : "sell",
      "i" : "MLK_USD",
      "m" : "4611686018428513227"
    }, {
      "d" : "1756452712966097646",
      "t" : 1756452712966,
      "tn" : 1756452712966097646,
      "q" : "162",
      "p" : "0.15440",
      "s" : "sell",
      "i" : "MLK_USD",
      "m" : "4611686018428513226"
    }, {
      "d" : "1756452707328756005",
      "t" : 1756452707328,
      "tn" : 1756452707328756005,
      "q" : "162",
      "p" : "0.15440",
      "s" : "sell",
      "i" : "MLK_USD",
      "m" : "4611686018428513225"
    }, {
      "d" : "1756452702045120503",
      "t" : 1756452702045,
      "tn" : 1756452702045120503,
      "q" : "162",
      "p" : "0.15440",
      "s" : "sell",
      "i" : "MLK_USD",
      "m" : "4611686018428513224"
    }, {
      "d" : "1756452696270440125",
      "t" : 1756452696270,
      "tn" : 1756452696270440125,
      "q" : "162",
      "p" : "0.15440",
      "s" : "sell",
      "i" : "MLK_USD",
      "m" : "4611686018428513223"
    }, {
      "d" : "1756452365003493607",
      "t" : 1756452365003,
      "tn" : 1756452365003493607,
      "q" : "232",
      "p" : "0.15450",
      "s" : "sell",
      "i" : "MLK_USD",
      "m" : "4611686018428513222"
    }, {
      "d" : "1756452359968244110",
      "t" : 1756452359968,
      "tn" : 1756452359968244110,
      "q" : "480",
      "p" : "0.15450",
      "s" : "sell",
      "i" : "MLK_USD",
      "m" : "4611686018428513221"
    }, {
      "d" : "1756452359512751555",
      "t" : 1756452359512,
      "tn" : 1756452359512751555,
      "q" : "1869",
      "p" : "0.15450",
      "s" : "sell",
      "i" : "MLK_USD",
      "m" : "4611686018428513220"
    }, {
      "d" : "1756452358602206064",
      "t" : 1756452358602,
      "tn" : 1756452358602206064,
      "q" : "232",
      "p" : "0.15450",
      "s" : "sell",
      "i" : "MLK_USD",
      "m" : "4611686018428513219"
    }, {
      "d" : "1756452357981280425",
      "t" : 1756452357981,
      "tn" : 1756452357981280425,
      "q" : "232",
      "p" : "0.15450",
      "s" : "sell",
      "i" : "MLK_USD",
      "m" : "4611686018428513218"
    }, {
      "d" : "1756449075722871660",
      "t" : 1756449075722,
      "tn" : 1756449075722871660,
      "q" : "178",
      "p" : "0.15387",
      "s" : "buy",
      "i" : "MLK_USD",
      "m" : "4611686018428513217"
    }, {
      "d" : "1756432573588676441",
      "t" : 1756432573588,
      "tn" : 1756432573588676441,
      "q" : "163",
      "p" : "0.15336",
      "s" : "sell",
      "i" : "MLK_USD",
      "m" : "4611686018428513216"
    }, {
      "d" : "1756430640723359202",
      "t" : 1756430640723,
      "tn" : 1756430640723359202,
      "q" : "130",
      "p" : "0.15336",
      "s" : "sell",
      "i" : "MLK_USD",
      "m" : "4611686018428513215"
    }, {
      "d" : "1756430640712365319",
      "t" : 1756430640712,
      "tn" : 1756430640712365319,
      "q" : "149",
      "p" : "0.15336",
      "s" : "sell",
      "i" : "MLK_USD",
      "m" : "4611686018428513214"
    }, {
      "d" : "1756410972803203438",
      "t" : 1756410972803,
      "tn" : 1756410972803203438,
      "q" : "172",
      "p" : "0.15336",
      "s" : "sell",
      "i" : "MLK_USD",
      "m" : "4611686018428513213"
    }, {
      "d" : "1756409448895747765",
      "t" : 1756409448895,
      "tn" : 1756409448895747765,
      "q" : "321",
      "p" : "0.15336",
      "s" : "sell",
      "i" : "MLK_USD",
      "m" : "4611686018428513212"
    }, {
      "d" : "1756398491438049073",
      "t" : 1756398491438,
      "tn" : 1756398491438049073,
      "q" : "292",
      "p" : "0.15336",
      "s" : "sell",
      "i" : "MLK_USD",
      "m" : "4611686018428513211"
    }, {
      "d" : "1756397229113957996",
      "t" : 1756397229113,
      "tn" : 1756397229113957996,
      "q" : "65",
      "p" : "0.15336",
      "s" : "sell",
      "i" : "MLK_USD",
      "m" : "4611686018428513210"
    }, {
      "d" : "1756391892126320578",
      "t" : 1756391892126,
      "tn" : 1756391892126320578,
      "q" : "128",
      "p" : "0.15336",
      "s" : "sell",
      "i" : "MLK_USD",
      "m" : "4611686018428513209"
    }, {
      "d" : "1756390936662741679",
      "t" : 1756390936662,
      "tn" : 1756390936662741679,
      "q" : "209",
      "p" : "0.15336",
      "s" : "sell",
      "i" : "MLK_USD",
      "m" : "4611686018428513208"
    }, {
      "d" : "1756390731737501792",
      "t" : 1756390731737,
      "tn" : 1756390731737501792,
      "q" : "66",
      "p" : "0.15336",
      "s" : "sell",
      "i" : "MLK_USD",
      "m" : "4611686018428513207"
    }, {
      "d" : "1756389840572777894",
      "t" : 1756389840572,
      "tn" : 1756389840572777894,
      "q" : "1873",
      "p" : "0.15336",
      "s" : "buy",
      "i" : "MLK_USD",
      "m" : "4611686018428513206"
    } ]
  }
}