{
  "id" : -1,
  "method" : "public/get-trades",
  "code" : 0,
  "result" : {
    "data" : [ {
      "d" : "1756461360376804936",
      "t" : 1756461360376,
      "tn" : 1756461360376804936,
      "q" : "6.99",
      "p" : "8.278",
      "s" : "buy",
      "i" : "MLN_USD",
      "m" : "4611686018430239719"
    }, {
      "d" : "1756459237558588788",
      "t" : 1756459237558,
      "tn" : 1756459237558588787,
      "q" : "2.93",
      "p" : "8.294",
      "s" : "sell",
      "i" : "MLN_USD",
      "m" : "4611686018430239718"
    }, {
      "d" : "1756459237558588787",
      "t" : 1756459237558,
      "tn" : 1756459237558588787,
      "q" : "0.98",
      "p" : "8.294",
      "s" : "sell",
      "i" : "MLN_USD",
      "m" : "4611686018430239718"
    }, {
      "d" : "1756459237209225703",
      "t" : 1756459237209,
      "tn" : 1756459237209225703,
      "q" : "4.47",
      "p" : "8.294",
      "s" : "sell",
      "i" : "MLN_USD",
      "m" : "4611686018430239717"
    }, {
      "d" : "1756459215356947655",
      "t" : 1756459215356,
      "tn" : 1756459215356947655,
      "q" : "4.55",
      "p" : "8.294",
      "s" : "sell",
      "i" : "MLN_USD",
      "m" : "4611686018430239716"
    }, {
      "d" : "1756459214646701356",
      "t" : 1756459214646,
      "tn" : 1756459214646701356,
      "q" : "9.64",
      "p" : "8.295",
      "s" : "sell",
      "i" : "MLN_USD",
      "m" : "4611686018430239715"
    }, {
      "d" : "1756458119597068791",
      "t" : 1756458119597,
      "tn" : 1756458119597068791,
      "q" : "10.00",
      "p" : "8.260",
      "s" : "sell",
      "i" : "MLN_USD",
      "m" : "4611686018430239714"
    }, {
      "d" : "1756455900180547323",
      "t" : 1756455900180,
      "tn" : 1756455900180547323,
      "q" : "3.00",
      "p" : "8.320",
      "s" : "sell",
      "i" : "MLN_USD",
      "m" : "4611686018430239713"
    }, {
      "d" : "1756455459453338707",
      "t" : 1756455459453,
      "tn" : 1756455459453338707,
      "q" : "4.52",
      "p" : "8.306",
      "s" : "sell",
      "i" : "MLN_USD",
      "m" : "4611686018430239712"
    }, {
      "d" : "1756455458556738794",
      "t" : 1756455458556,
      "tn" : 1756455458556738794,
      "q" : "0.67",
      "p" : "8.324",
      "s" : "sell",
      "i" : "MLN_USD",
      "m" : "4611686018430239711"
    }, {
      "d" : "1756454689115754748",
      "t" : 1756454689115,
      "tn" : 1756454689115754748,
      "q" : "10.00",
      "p" : "8.373",
      "s" : "sell",
      "i" : "MLN_USD",
      "m" : "4611686018430239710"
    }, {
      "d" : "1756454347891575308",
      "t" : 1756454347891,
      "tn" : 1756454347891575308,
      "q" : "6.21",
      "p" : "8.349",
      "s" : "sell",
      "i" : "MLN_USD",
      "m" : "4611686018430239709"
    }, {
      "d" : "1756454342083889443",
      "t" : 1756454342083,
      "tn" : 1756454342083889443,
      "q" : "9.59",
      "p" : "8.345",
      "s" : "sell",
      "i" : "MLN_USD",
      "m" : "4611686018430239708"
    }, {
      "d" : "1756454301545436375",
      "t" : 1756454301545,
      "tn" : 1756454301545436375,
      "q" : "29.58",
      "p" : "8.345",
      "s" : "sell",
      "i" : "MLN_USD",
      "m" : "4611686018430239707"
    }, {
      "d" : "1756451136531957629",
      "t" : 1756451136531,
      "tn" : 1756451136531957629,
      "q" : "8.62",
      "p" : "8.528",
      "s" : "sell",
      "i" : "MLN_USD",
      "m" : "4611686018430239706"
    }, {
      "d" : "1756451127674456466",
      "t" : 1756451127674,
      "tn" : 1756451127674456466,
      "q" : "10.00",
      "p" : "8.529",
      "s" : "sell",
      "i" : "MLN_USD",
      "m" : "4611686018430239705"
    }, {
      "d" : "1756450400793901331",
      "t" : 1756450400793,
      "tn" : 1756450400793901331,
      "q" : "9.83",
      "p" : "8.474",
      "s" : "sell",
      "i" : "MLN_USD",
      "m" : "4611686018430239704"
    }, {
      "d" : "1756449758109263839",
      "t" : 1756449758109,
      "tn" : 1756449758109263839,
      "q" : "10.00",
      "p" : "8.461",
      "s" : "sell",
      "i" : "MLN_USD",
      "m" : "4611686018430239703"
    }, {
      "d" : "1756449603528315289",
      "t" : 1756449603528,
      "tn" : 1756449603528315289,
      "q" : "1.64",
      "p" : "8.481",
      "s" : "sell",
      "i" : "MLN_USD",
      "m" : "4611686018430239702"
    }, {
      "d" : "1756448682330094282",
      "t" : 1756448682330,
      "tn" : 1756448682330094282,
      "q" : "10.00",
      "p" : "8.560",
      "s" : "sell",
      "i" : "MLN_USD",
      "m" : "4611686018430239701"
    }, {
      "d" : "1756448116572819198",
      "t" : 1756448116572,
      "tn" : 1756448116572819198,
      "q" : "18.36",
      "p" : "8.583",
      "s" : "sell",
      "i" : "MLN_USD",
      "m" : "4611686018430239700"
    }, {
      "d" : "1756448060723968518",
      "t" : 1756448060723,
      "tn" : 1756448060723968518,
      "q" : "10.00",
      "p" : "8.609",
      "s" : "sell",
      "i" : "MLN_USD",
      "m" : "4611686018430239699"
    }, {
      "d" : "1756447310606527456",
      "t" : 1756447310606,
      "tn" : 1756447310606527456,
      "q" : "23.23",
      "p" : "8.677",
      "s" : "sell",
      "i" : "MLN_USD",
      "m" : "4611686018430239698"
    }, {
      "d" : "1756447307312048159",
      "t" : 1756447307312,
      "tn" : 1756447307312048159,
      "q" : "50.89",
      "p" : "8.677",
      "s" : "sell",
      "i" : "MLN_USD",
      "m" : "4611686018430239697"
    }, {
      "d" : "1756447301212401831",
      "t" : 1756447301212,
      "tn" : 1756447301212401831,
      "q" : "10.00",
      "p" : "8.687",
      "s" : "sell",
      "i" : "MLN_USD",
      "m" : "4611686018430239696"
    }, {
      "d" : "1756447295666070048",
      "t" : 1756447295666,
      "tn" : 1756447295666070048,
      "q" : "10.00",
      "p" : "8.688",
      "s" : "sell",
      "i" : "MLN_USD",
      "m" : "4611686018430239695"
    }, {
      "d" : "1756447289727843136",
      "t" : 1756447289727,
      "tn" : 1756447289727843136,
      "q" : "65.39",
      "p" : "8.689",
      "s" : "sell",
      "i" : "MLN_USD",
      "m" : "4611686018430239694"
    }, {
      "d" : "1756447283702215956",
      "t" : 1756447283702,
      "tn" : 1756447283702215956,
      "q" : "10.00",
      "p" : "8.689",
      "s" : "sell",
      "i" : "MLN_USD",
      "m" : "4611686018430239693"
    }, {
      "d" : "1756447280050749580",
      "t" : 1756447280050,
      "tn" : 1756447280050749580,
      "q" : "10.00",
      "p" : "8.690",
      "s" : "sell",
      "i" : "MLN_USD",
      "m" : "4611686018430239692"
    }, {
      "d" : "1756447275386243157",
      "t" : 1756447275386,
      "tn" : 1756447275386243157,
      "q" : "10.00",
      "p" : "8.691",
      "s" : "sell",
      "i" : "MLN_USD",
      "m" : "4611686018430239691"
    }, {
      "d" : "1756446885626192328",
      "t" : 1756446885626,
      "tn" : 1756446885626192328,
      "q" : "10.00",
      "p" : "8.681",
      "s" : "buy",
      "i" : "MLN_USD",
      "m" : "4611686018430239690"
    }, {
      "d" : "1756445944088217682",
      "t" : 1756445944088,
      "tn" : 1756445944088217682,
      "q" : "8.68",
      "p" : "8.711",
      "s" : "sell",
      "i" : "MLN_USD",
      "m" : "4611686018430239689"
    }, {
      "d" : "1756445934651976621",
      "t" : 1756445934651,
      "tn" : 1756445934651976621,
      "q" : "10.00",
      "p" : "8.711",
      "s" : "buy",
      "i" : "MLN_USD",
      "m" : "4611686018430239688"
    }, {
      "d" : "1756445898662839257",
      "t" : 1756445898662,
      "tn" : 1756445898662839257,
      "q" : "10.00",
      "p" : "8.704",
      "s" : "buy",
      "i" : "MLN_USD",
      "m" : "4611686018430239687"
    }, {
      "d" : "1756445692240513050",
      "t" : 1756445692240,
      "tn" : 1756445692240513050,
      "q" : "8.91",
      "p" : "8.665",
      "s" : "buy",
      "i" : "MLN_USD",
      "m" : "4611686018430239686"
    }, {
      "d" : "1756445688543558000",
      "t" : 1756445688543,
      "tn" : 1756445688543558000,
      "q" : "10.00",
      "p" : "8.665",
      "s" : "buy",
      "i" : "MLN_USD",
      "m" : "4611686018430239685"
    }, {
      "d" : "1756444004934674640",
      "t" : 1756444004934,
      "tn" : 1756444004934674640,
      "q" : "71.59",
      "p" : "8.692",
      "s" : "buy",
      "i" : "MLN_USD",
      "m" : "4611686018430239684"
    }, {
      "d" : "1756444004934671913",
      "t" : 1756444004934,
      "tn" : 1756444004934671913,
      "q" : "14.94",
      "p" : "8.682",
      "s" : "buy",
      "i" : "MLN_USD",
      "m" : "4611686018430239683"
    }, {
      "d" : "1756444004934662163",
      "t" : 1756444004934,
      "tn" : 1756444004934662163,
      "q" : "10.00",
      "p" : "8.647",
      "s" : "buy",
      "i" : "MLN_USD",
      "m" : "4611686018430239682"
    }, {
      "d" : "1756443026369820069",
      "t" : 1756443026369,
      "tn" : 1756443026369820069,
      "q" : "9.99",
      "p" : "8.650",
      "s" : "sell",
      "i" : "MLN_USD",
      "m" : "4611686018430239681"
    }, {
      "d" : "1756442827232737280",
      "t" : 1756442827232,
      "tn" : 1756442827232737280,
      "q" : "4.69",
      "p" : "8.652",
      "s" : "sell",
      "i" : "MLN_USD",
      "m" : "4611686018430239680"
    }, {
      "d" : "1756442827222824528",
      "t" : 1756442827222,
      "tn" : 1756442827222824528,
      "q" : "10.00",
      "p" : "8.631",
      "s" : "buy",
      "i" : "MLN_USD",
      "m" : "4611686018430239679"
    }, {
      "d" : "1756440863938804996",
      "t" : 1756440863938,
      "tn" : 1756440863938804996,
      "q" : "12.14",
      "p" : "8.607",
      "s" : "sell",
      "i" : "MLN_USD",
      "m" : "4611686018430239678"
    }, {
      "d" : "1756440375279523030",
      "t" : 1756440375279,
      "tn" : 1756440375279523030,
      "q" : "1.09",
      "p" : "8.631",
      "s" : "buy",
      "i" : "MLN_USD",
      "m" : "4611686018430239677"
    }, {
      "d" : "1756439763269685025",
      "t" : 1756439763269,
      "tn" : 1756439763269685025,
      "q" : "6.15",
      "p" : "8.654",
      "s" : "buy",
      "i" : "MLN_USD",
      "m" : "4611686018430239676"
    }, {
      "d" : "1756435662153034020",
      "t" : 1756435662153,
      "tn" : 1756435662153034020,
      "q" : "2.00",
      "p" : "8.601",
      "s" : "buy",
      "i" : "MLN_USD",
      "m" : "4611686018430239675"
    }, {
      "d" : "1756432596148359009",
      "t" : 1756432596148,
      "tn" : 1756432596148359009,
      "q" : "3.38",
      "p" : "8.581",
      "s" : "buy",
      "i" : "MLN_USD",
      "m" : "4611686018430239674"
    }, {
      "d" : "1756431950738748326",
      "t" : 1756431950738,
      "tn" : 1756431950738748326,
      "q" : "9.33",
      "p" : "8.579",
      "s" : "sell",
      "i" : "MLN_USD",
      "m" : "4611686018430239673"
    }, {
      "d" : "1756431745735707875",
      "t" : 1756431745735,
      "tn" : 1756431745735707875,
      "q" : "2.33",
      "p" : "8.583",
      "s" : "sell",
      "i" : "MLN_USD",
      "m" : "4611686018430239672"
    }, {
      "d" : "1756431386717726992",
      "t" : 1756431386717,
      "tn" : 1756431386717726992,
      "q" : "6.69",
      "p" : "8.561",
      "s" : "sell",
      "i" : "MLN_USD",
      "m" : "4611686018430239671"
    }, {
      "d" : "1756431386639094288",
      "t" : 1756431386639,
      "tn" : 1756431386639094288,
      "q" : "9.34",
      "p" : "8.562",
      "s" : "sell",
      "i" : "MLN_USD",
      "m" : "4611686018430239670"
    }, {
      "d" : "1756431204848026722",
      "t" : 1756431204848,
      "tn" : 1756431204848026722,
      "q" : "9.05",
      "p" : "8.552",
      "s" : "sell",
      "i" : "MLN_USD",
      "m" : "4611686018430239669"
    }, {
      "d" : "1756429757262048913",
      "t" : 1756429757262,
      "tn" : 1756429757262048913,
      "q" : "9.30",
      "p" : "8.606",
      "s" : "sell",
      "i" : "MLN_USD",
      "m" : "4611686018430239668"
    }, {
      "d" : "1756429550932262654",
      "t" : 1756429550932,
      "tn" : 1756429550932262654,
      "q" : "1.00",
      "p" : "8.600",
      "s" : "sell",
      "i" : "MLN_USD",
      "m" : "4611686018430239667"
    }, {
      "d" : "1756428452805462261",
      "t" : 1756428452805,
      "tn" : 1756428452805462261,
      "q" : "9.24",
      "p" : "8.661",
      "s" : "sell",
      "i" : "MLN_USD",
      "m" : "4611686018430239666"
    }, {
      "d" : "1756428452722001404",
      "t" : 1756428452722,
      "tn" : 1756428452722001404,
      "q" : "9.24",
      "p" : "8.662",
      "s" : "sell",
      "i" : "MLN_USD",
      "m" : "4611686018430239665"
    }, {
      "d" : "1756427659727606171",
      "t" : 1756427659727,
      "tn" : 1756427659727606171,
      "q" : "1.06",
      "p" : "8.642",
      "s" : "sell",
      "i" : "MLN_USD",
      "m" : "4611686018430239664"
    }, {
      "d" : "1756426221804604548",
      "t" : 1756426221804,
      "tn" : 1756426221804604548,
      "q" : "1.34",
      "p" : "8.609",
      "s" : "buy",
      "i" : "MLN_USD",
      "m" : "4611686018430239663"
    }, {
      "d" : "1756421682767679098",
      "t" : 1756421682767,
      "tn" : 1756421682767679098,
      "q" : "2.90",
      "p" : "8.622",
      "s" : "sell",
      "i" : "MLN_USD",
      "m" : "4611686018430239662"
    }, {
      "d" : "1756419924663546148",
      "t" : 1756419924663,
      "tn" : 1756419924663546148,
      "q" : "6.82",
      "p" : "8.612",
      "s" : "sell",
      "i" : "MLN_USD",
      "m" : "4611686018430239661"
    }, {
      "d" : "1756416242873371896",
      "t" : 1756416242873,
      "tn" : 1756416242873371896,
      "q" : "2.93",
      "p" : "8.542",
      "s" : "sell",
      "i" : "MLN_USD",
      "m" : "4611686018430239660"
    }, {
      "d" : "1756416231967938901",
      "t" : 1756416231967,
      "tn" : 1756416231967938901,
      "q" : "9.37",
      "p" : "8.542",
      "s" : "sell",
      "i" : "MLN_USD",
      "m" : "4611686018430239659"
    }, {
      "d" : "1756416216916168849",
      "t" : 1756416216916,
      "tn" : 1756416216916168848,
      "q" : "8.72",
      "p" : "8.543",
      "s" : "sell",
      "i" : "MLN_USD",
      "m" : "4611686018430239658"
    }, {
      "d" : "1756416216916168848",
      "t" : 1756416216916,
      "tn" : 1756416216916168848,
      "q" : "0.64",
      "p" : "8.543",
      "s" : "sell",
      "i" : "MLN_USD",
      "m" : "4611686018430239658"
    }, {
      "d" : "1756416206543298527",
      "t" : 1756416206543,
      "tn" : 1756416206543298527,
      "q" : "9.36",
      "p" : "8.543",
      "s" : "sell",
      "i" : "MLN_USD",
      "m" : "4611686018430239657"
    }, {
      "d" : "1756416205237672063",
      "t" : 1756416205237,
      "tn" : 1756416205237672063,
      "q" : "9.36",
      "p" : "8.544",
      "s" : "sell",
      "i" : "MLN_USD",
      "m" : "4611686018430239656"
    }, {
      "d" : "1756416004615749191",
      "t" : 1756416004615,
      "tn" : 1756416004615749191,
      "q" : "2.35",
      "p" : "8.515",
      "s" : "sell",
      "i" : "MLN_USD",
      "m" : "4611686018430239655"
    }, {
      "d" : "1756411318141505551",
      "t" : 1756411318141,
      "tn" : 1756411318141505551,
      "q" : "9.46",
      "p" : "8.454",
      "s" : "sell",
      "i" : "MLN_USD",
      "m" : "4611686018430239654"
    }, {
      "d" : "1756411318102767991",
      "t" : 1756411318102,
      "tn" : 1756411318102767991,
      "q" : "10.00",
      "p" : "8.442",
      "s" : "buy",
      "i" : "MLN_USD",
      "m" : "4611686018430239653"
    }, {
      "d" : "1756410421475700290",
      "t" : 1756410421475,
      "tn" : 1756410421475700290,
      "q" : "9.43",
      "p" : "8.481",
      "s" : "sell",
      "i" : "MLN_USD",
      "m" : "4611686018430239652"
    }, {
      "d" : "1756410421405654966",
      "t" : 1756410421405,
      "tn" : 1756410421405654966,
      "q" : "9.43",
      "p" : "8.482",
      "s" : "sell",
      "i" : "MLN_USD",
      "m" : "4611686018430239651"
    }, {
      "d" : "1756410421335993302",
      "t" : 1756410421335,
      "tn" : 1756410421335993301,
      "q" : "4.76",
      "p" : "8.483",
      "s" : "sell",
      "i" : "MLN_USD",
      "m" : "4611686018430239650"
    }, {
      "d" : "1756410421335993301",
      "t" : 1756410421335,
      "tn" : 1756410421335993301,
      "q" : "4.67",
      "p" : "8.483",
      "s" : "sell",
      "i" : "MLN_USD",
      "m" : "4611686018430239650"
    }, {
      "d" : "1756410421269078850",
      "t" : 1756410421269,
      "tn" : 1756410421269078850,
      "q" : "5.33",
      "p" : "8.483",
      "s" : "sell",
      "i" : "MLN_USD",
      "m" : "4611686018430239649"
    }, {
      "d" : "1756410304634788165",
      "t" : 1756410304634,
      "tn" : 1756410304634788165,
      "q" : "10.00",
      "p" : "8.473",
      "s" : "buy",
      "i" : "MLN_USD",
      "m" : "4611686018430239648"
    }, {
      "d" : "1756410109805171651",
      "t" : 1756410109805,
      "tn" : 1756410109805171651,
      "q" : "1.49",
      "p" : "8.484",
      "s" : "sell",
      "i" : "MLN_USD",
      "m" : "4611686018430239647"
    }, {
      "d" : "1756409929918751190",
      "t" : 1756409929918,
      "tn" : 1756409929918751190,
      "q" : "6.49",
      "p" : "8.500",
      "s" : "buy",
      "i" : "MLN_USD",
      "m" : "4611686018430239646"
    }, {
      "d" : "1756409861020444076",
      "t" : 1756409861020,
      "tn" : 1756409861020444076,
      "q" : "1.19",
      "p" : "8.490",
      "s" : "sell",
      "i" : "MLN_USD",
      "m" : "4611686018430239645"
    }, {
      "d" : "1756408253690157539",
      "t" : 1756408253690,
      "tn" : 1756408253690157539,
      "q" : "9.27",
      "p" : "8.543",
      "s" : "sell",
      "i" : "MLN_USD",
      "m" : "4611686018430239644"
    }, {
      "d" : "1756401335006356221",
      "t" : 1756401335006,
      "tn" : 1756401335006356221,
      "q" : "9.00",
      "p" : "8.486",
      "s" : "buy",
      "i" : "MLN_USD",
      "m" : "4611686018430239643"
    }, {
      "d" : "1756400328999452274",
      "t" : 1756400328999,
      "tn" : 1756400328999452274,
      "q" : "0.71",
      "p" : "8.506",
      "s" : "sell",
      "i" : "MLN_USD",
      "m" : "4611686018430239642"
    }, {
      "d" : "1756394777904220539",
      "t" : 1756394777904,
      "tn" : 1756394777904220539,
      "q" : "0.70",
      "p" : "8.538",
      "s" : "sell",
      "i" : "MLN_USD",
      "m" : "4611686018430239641"
    }, {
      "d" : "1756393983535162497",
      "t" : 1756393983535,
      "tn" : 1756393983535162497,
      "q" : "0.98",
      "p" : "8.569",
      "s" : "buy",
      "i" : "MLN_USD",
      "m" : "4611686018430239640"
    }, {
      "d" : "1756393983535160254",
      "t" : 1756393983535,
      "tn" : 1756393983535160254,
      "q" : "1.63",
      "p" : "8.568",
      "s" : "buy",
      "i" : "MLN_USD",
      "m" : "4611686018430239639"
    }, {
      "d" : "1756393964383741779",
      "t" : 1756393964383,
      "tn" : 1756393964383741779,
      "q" : "10.00",
      "p" : "8.571",
      "s" : "sell",
      "i" : "MLN_USD",
      "m" : "4611686018430239638"
    }, {
      "d" : "1756393964383739640",
      "t" : 1756393964383,
      "tn" : 1756393964383739640,
      "q" : "0.65",
      "p" : "8.581",
      "s" : "sell",
      "i" : "MLN_USD",
      "m" : "4611686018430239637"
    }, {
      "d" : "1756393235027065346",
      "t" : 1756393235027,
      "tn" : 1756393235027065346,
      "q" : "10.00",
      "p" : "8.621",
      "s" : "sell",
      "i" : "MLN_USD",
      "m" : "4611686018430239636"
    }, {
      "d" : "1756392718312051208",
      "t" : 1756392718312,
      "tn" : 1756392718312051208,
      "q" : "12.35",
      "p" : "8.587",
      "s" : "sell",
      "i" : "MLN_USD",
      "m" : "4611686018430239635"
    }, {
      "d" : "1756392713782935275",
      "t" : 1756392713782,
      "tn" : 1756392713782935275,
      "q" : "10.00",
      "p" : "8.620",
      "s" : "sell",
      "i" : "MLN_USD",
      "m" : "4611686018430239634"
    }, {
      "d" : "1756392707628566818",
      "t" : 1756392707628,
      "tn" : 1756392707628566818,
      "q" : "10.00",
      "p" : "8.622",
      "s" : "sell",
      "i" : "MLN_USD",
      "m" : "4611686018430239633"
    }, {
      "d" : "1756392498683709248",
      "t" : 1756392498683,
      "tn" : 1756392498683709248,
      "q" : "0.78",
      "p" : "8.621",
      "s" : "sell",
      "i" : "MLN_USD",
      "m" : "4611686018430239632"
    }, {
      "d" : "1756392492944851404",
      "t" : 1756392492944,
      "tn" : 1756392492944851404,
      "q" : "10.00",
      "p" : "8.622",
      "s" : "sell",
      "i" : "MLN_USD",
      "m" : "4611686018430239631"
    }, {
      "d" : "1756391467319080664",
      "t" : 1756391467319,
      "tn" : 1756391467319080664,
      "q" : "5.44",
      "p" : "8.619",
      "s" : "buy",
      "i" : "MLN_USD",
      "m" : "4611686018430239630"
    }, {
      "d" : "1756391277886496599",
      "t" : 1756391277886,
      "tn" : 1756391277886496599,
      "q" : "6.23",
      "p" : "8.615",
      "s" : "sell",
      "i" : "MLN_USD",
      "m" : "4611686018430239629"
    }, {
      "d" : "1756390279879429736",
      "t" : 1756390279879,
      "tn" : 1756390279879429736,
      "q" : "5.57",
      "p" : "8.638",
      "s" : "buy",
      "i" : "MLN_USD",
      "m" : "4611686018430239628"
    }, {
      "d" : "1756390099746029010",
      "t" : 1756390099746,
      "tn" : 1756390099746029010,
      "q" : "10.00",
      "p" : "8.629",
      "s" : "sell",
      "i" : "MLN_USD",
      "m" : "4611686018430239627"
    }, {
      "d" : "1756389983962504883",
      "t" : 1756389983962,
      "tn" : 1756389983962504883,
      "q" : "9.90",
      "p" : "8.673",
      "s" : "sell",
      "i" : "MLN_USD",
      "m" : "4611686018430239626"
    }, {
      "d" : "1756389983881788781",
      "t" : 1756389983881,
      "tn" : 1756389983881788781,
      "q" : "6.92",
      "p" : "8.673",
      "s" : "sell",
      "i" : "MLN_USD",
      "m" : "4611686018430239625"
    }, {
      "d" : "1756389983812016613",
      "t" : 1756389983812,
      "tn" : 1756389983812016613,
      "q" : "3.36",
      "p" : "8.673",
      "s" : "sell",
      "i" : "MLN_USD",
      "m" : "4611686018430239624"
    }, {
      "d" : "1756389983745515345",
      "t" : 1756389983745,
      "tn" : 1756389983745515345,
      "q" : "2.43",
      "p" : "8.673",
      "s" : "sell",
      "i" : "MLN_USD",
      "m" : "4611686018430239623"
    }, {
      "d" : "1756389983672213547",
      "t" : 1756389983672,
      "tn" : 1756389983672213547,
      "q" : "7.11",
      "p" : "8.673",
      "s" : "sell",
      "i" : "MLN_USD",
      "m" : "4611686018430239622"
    }, {
      "d" : "1756389983581916067",
      "t" : 1756389983581,
      "tn" : 1756389983581916067,
      "q" : "4.24",
      "p" : "8.673",
      "s" : "sell",
      "i" : "MLN_USD",
      "m" : "4611686018430239621"
    }, {
      "d" : "1756389983512621247",
      "t" : 1756389983512,
      "tn" : 1756389983512621247,
      "q" : "2.79",
      "p" : "8.673",
      "s" : "sell",
      "i" : "MLN_USD",
      "m" : "4611686018430239620"
    }, {
      "d" : "1756389983439166481",
      "t" : 1756389983439,
      "tn" : 1756389983439166481,
      "q" : "2.31",
      "p" : "8.673",
      "s" : "sell",
      "i" : "MLN_USD",
      "m" : "4611686018430239619"
    }, {
      "d" : "1756389983271828696",
      "t" : 1756389983271,
      "tn" : 1756389983271828696,
      "q" : "5.41",
      "p" : "8.673",
      "s" : "sell",
      "i" : "MLN_USD",
      "m" : "4611686018430239618"
    }, {
      "d" : "1756389983201527401",
      "t" : 1756389983201,
      "tn" : 1756389983201527401,
      "q" : "2.91",
      "p" : "8.673",
      "s" : "sell",
      "i" : "MLN_USD",
      "m" : "4611686018430239617"
    }, {
      "d" : "1756389983134153953",
      "t" : 1756389983134,
      "tn" : 1756389983134153953,
      "q" : "17.30",
      "p" : "8.673",
      "s" : "sell",
      "i" : "MLN_USD",
      "m" : "4611686018430239616"
    }, {
      "d" : "1756389536642592790",
      "t" : 1756389536642,
      "tn" : 1756389536642592790,
      "q" : "20.25",
      "p" : "8.641",
      "s" : "sell",
      "i" : "MLN_USD",
      "m" : "4611686018430239615"
    }, {
      "d" : "1756389298034219764",
      "t" : 1756389298034,
      "tn" : 1756389298034219764,
      "q" : "5.68",
      "p" : "8.621",
      "s" : "sell",
      "i" : "MLN_USD",
      "m" : "4611686018430239614"
    }, {
      "d" : "1756389298034217648",
      "t" : 1756389298034,
      "tn" : 1756389298034217648,
      "q" : "1.63",
      "p" : "8.622",
      "s" : "sell",
      "i" : "MLN_USD",
      "m" : "4611686018430239613"
    }, {
      "d" : "1756389298034215267",
      "t" : 1756389298034,
      "tn" : 1756389298034215267,
      "q" : "8.54",
      "p" : "8.624",
      "s" : "sell",
      "i" : "MLN_USD",
      "m" : "4611686018430239612"
    }, {
      "d" : "1756389298033609732",
      "t" : 1756389298033,
      "tn" : 1756389298033609732,
      "q" : "23.19",
      "p" : "8.624",
      "s" : "sell",
      "i" : "MLN_USD",
      "m" : "4611686018430239611"
    }, {
      "d" : "1756387635662901655",
      "t" : 1756387635662,
      "tn" : 1756387635662901655,
      "q" : "0.63",
      "p" : "8.710",
      "s" : "buy",
      "i" : "MLN_USD",
      "m" : "4611686018430239610"
    }, {
      "d" : "1756387565696091509",
      "t" : 1756387565696,
      "tn" : 1756387565696091509,
      "q" : "4.97",
      "p" : "8.711",
      "s" : "buy",
      "i" : "MLN_USD",
      "m" : "4611686018430239609"
    }, {
      "d" : "1756387560051959720",
      "t" : 1756387560051,
      "tn" : 1756387560051959720,
      "q" : "10.00",
      "p" : "8.710",
      "s" : "buy",
      "i" : "MLN_USD",
      "m" : "4611686018430239608"
    }, {
      "d" : "1756387554891447046",
      "t" : 1756387554891,
      "tn" : 1756387554891447046,
      "q" : "10.00",
      "p" : "8.709",
      "s" : "buy",
      "i" : "MLN_USD",
      "m" : "4611686018430239607"
    }, {
      "d" : "1756387504914316549",
      "t" : 1756387504914,
      "tn" : 1756387504914316549,
      "q" : "7.50",
      "p" : "8.708",
      "s" : "buy",
      "i" : "MLN_USD",
      "m" : "4611686018430239606"
    }, {
      "d" : "1756387442211800652",
      "t" : 1756387442211,
      "tn" : 1756387442211800652,
      "q" : "1.99",
      "p" : "8.731",
      "s" : "buy",
      "i" : "MLN_USD",
      "m" : "4611686018430239605"
    }, {
      "d" : "1756387253065035345",
      "t" : 1756387253065,
      "tn" : 1756387253065035345,
      "q" : "3.64",
      "p" : "8.790",
      "s" : "buy",
      "i" : "MLN_USD",
      "m" : "4611686018430239604"
    }, {
      "d" : "1756387247997178496",
      "t" : 1756387247997,
      "tn" : 1756387247997178496,
      "q" : "10.00",
      "p" : "8.732",
      "s" : "buy",
      "i" : "MLN_USD",
      "m" : "4611686018430239603"
    }, {
      "d" : "1756387154096549378",
      "t" : 1756387154096,
      "tn" : 1756387154096549378,
      "q" : "2.29",
      "p" : "8.742",
      "s" : "sell",
      "i" : "MLN_USD",
      "m" : "4611686018430239602"
    }, {
      "d" : "1756387152502426400",
      "t" : 1756387152502,
      "tn" : 1756387152502426400,
      "q" : "2.43",
      "p" : "8.743",
      "s" : "buy",
      "i" : "MLN_USD",
      "m" : "4611686018430239601"
    }, {
      "d" : "1756387099034155168",
      "t" : 1756387099034,
      "tn" : 1756387099034155168,
      "q" : "1.10",
      "p" : "8.731",
      "s" : "sell",
      "i" : "MLN_USD",
      "m" : "4611686018430239600"
    }, {
      "d" : "1756387095811475390",
      "t" : 1756387095811,
      "tn" : 1756387095811475390,
      "q" : "10.00",
      "p" : "8.732",
      "s" : "sell",
      "i" : "MLN_USD",
      "m" : "4611686018430239599"
    }, {
      "d" : "1756376113293059861",
      "t" : 1756376113293,
      "tn" : 1756376113293059861,
      "q" : "3.29",
      "p" : "8.761",
      "s" : "sell",
      "i" : "MLN_USD",
      "m" : "4611686018430239598"
    }, {
      "d" : "1756376112955739498",
      "t" : 1756376112955,
      "tn" : 1756376112955739498,
      "q" : "10.00",
      "p" : "8.794",
      "s" : "sell",
      "i" : "MLN_USD",
      "m" : "4611686018430239597"
    }, {
      "d" : "1756375978917133778",
      "t" : 1756375978917,
      "tn" : 1756375978917133778,
      "q" : "3.44",
      "p" : "8.764",
      "s" : "sell",
      "i" : "MLN_USD",
      "m" : "4611686018430239596"
    }, {
      "d" : "1756375576426533180",
      "t" : 1756375576426,
      "tn" : 1756375576426533180,
      "q" : "6.04",
      "p" : "8.713",
      "s" : "sell",
      "i" : "MLN_USD",
      "m" : "4611686018430239595"
    }, {
      "d" : "1756375575547226603",
      "t" : 1756375575547,
      "tn" : 1756375575547226603,
      "q" : "9.18",
      "p" : "8.714",
      "s" : "sell",
      "i" : "MLN_USD",
      "m" : "4611686018430239594"
    }, {
      "d" : "1756375464739834485",
      "t" : 1756375464739,
      "tn" : 1756375464739834485,
      "q" : "2.87",
      "p" : "8.707",
      "s" : "sell",
      "i" : "MLN_USD",
      "m" : "4611686018430239593"
    } ]
  }
}