{
  "id" : -1,
  "method" : "public/get-trades",
  "code" : 0,
  "result" : {
    "data" : [ {
      "d" : "1756460970326892781",
      "t" : 1756460970326,
      "tn" : 1756460970326892781,
      "q" : "10",
      "p" : "0.12560",
      "s" : "buy",
      "i" : "MNDE_USD",
      "m" : "4611686018428653249"
    }, {
      "d" : "1756460880441849597",
      "t" : 1756460880441,
      "tn" : 1756460880441849597,
      "q" : "10",
      "p" : "0.12566",
      "s" : "buy",
      "i" : "MNDE_USD",
      "m" : "4611686018428653248"
    }, {
      "d" : "1756460823426552432",
      "t" : 1756460823426,
      "tn" : 1756460823426552432,
      "q" : "10",
      "p" : "0.12578",
      "s" : "buy",
      "i" : "MNDE_USD",
      "m" : "4611686018428653247"
    }, {
      "d" : "1756460787420501471",
      "t" : 1756460787420,
      "tn" : 1756460787420501471,
      "q" : "10",
      "p" : "0.12560",
      "s" : "buy",
      "i" : "MNDE_USD",
      "m" : "4611686018428653246"
    }, {
      "d" : "1756460647324512348",
      "t" : 1756460647324,
      "tn" : 1756460647324512348,
      "q" : "10",
      "p" : "0.12558",
      "s" : "buy",
      "i" : "MNDE_USD",
      "m" : "4611686018428653245"
    }, {
      "d" : "1756460557323798172",
      "t" : 1756460557323,
      "tn" : 1756460557323798172,
      "q" : "10",
      "p" : "0.12559",
      "s" : "buy",
      "i" : "MNDE_USD",
      "m" : "4611686018428653244"
    }, {
      "d" : "1756459415014239327",
      "t" : 1756459415014,
      "tn" : 1756459415014239327,
      "q" : "10",
      "p" : "0.12628",
      "s" : "buy",
      "i" : "MNDE_USD",
      "m" : "4611686018428653243"
    }, {
      "d" : "1756459354387765399",
      "t" : 1756459354387,
      "tn" : 1756459354387765399,
      "q" : "10",
      "p" : "0.12610",
      "s" : "buy",
      "i" : "MNDE_USD",
      "m" : "4611686018428653242"
    }, {
      "d" : "1756458311022721858",
      "t" : 1756458311022,
      "tn" : 1756458311022721858,
      "q" : "10",
      "p" : "0.12673",
      "s" : "buy",
      "i" : "MNDE_USD",
      "m" : "4611686018428653241"
    }, {
      "d" : "1756453062562330339",
      "t" : 1756453062562,
      "tn" : 1756453062562330339,
      "q" : "10",
      "p" : "0.12786",
      "s" : "buy",
      "i" : "MNDE_USD",
      "m" : "4611686018428653240"
    }, {
      "d" : "1756453046281015562",
      "t" : 1756453046281,
      "tn" : 1756453046281015562,
      "q" : "10",
      "p" : "0.12788",
      "s" : "buy",
      "i" : "MNDE_USD",
      "m" : "4611686018428653239"
    }, {
      "d" : "1756452119995602270",
      "t" : 1756452119995,
      "tn" : 1756452119995602270,
      "q" : "10",
      "p" : "0.12818",
      "s" : "buy",
      "i" : "MNDE_USD",
      "m" : "4611686018428653238"
    }, {
      "d" : "1756452071991768700",
      "t" : 1756452071991,
      "tn" : 1756452071991768700,
      "q" : "10",
      "p" : "0.12805",
      "s" : "buy",
      "i" : "MNDE_USD",
      "m" : "4611686018428653237"
    }, {
      "d" : "1756452061989224367",
      "t" : 1756452061989,
      "tn" : 1756452061989224367,
      "q" : "10",
      "p" : "0.12794",
      "s" : "buy",
      "i" : "MNDE_USD",
      "m" : "4611686018428653236"
    }, {
      "d" : "1756452046986244899",
      "t" : 1756452046986,
      "tn" : 1756452046986244899,
      "q" : "10",
      "p" : "0.12805",
      "s" : "buy",
      "i" : "MNDE_USD",
      "m" : "4611686018428653235"
    }, {
      "d" : "1756452042985690713",
      "t" : 1756452042985,
      "tn" : 1756452042985690713,
      "q" : "10",
      "p" : "0.12805",
      "s" : "buy",
      "i" : "MNDE_USD",
      "m" : "4611686018428653234"
    }, {
      "d" : "1756451986972962390",
      "t" : 1756451986972,
      "tn" : 1756451986972962390,
      "q" : "10",
      "p" : "0.12798",
      "s" : "buy",
      "i" : "MNDE_USD",
      "m" : "4611686018428653233"
    }, {
      "d" : "1756451951965541638",
      "t" : 1756451951965,
      "tn" : 1756451951965541638,
      "q" : "10",
      "p" : "0.12808",
      "s" : "buy",
      "i" : "MNDE_USD",
      "m" : "4611686018428653232"
    }, {
      "d" : "1756451948964948130",
      "t" : 1756451948964,
      "tn" : 1756451948964948130,
      "q" : "10",
      "p" : "0.12801",
      "s" : "buy",
      "i" : "MNDE_USD",
      "m" : "4611686018428653231"
    }, {
      "d" : "1756451946964322939",
      "t" : 1756451946964,
      "tn" : 1756451946964322939,
      "q" : "10",
      "p" : "0.12798",
      "s" : "buy",
      "i" : "MNDE_USD",
      "m" : "4611686018428653230"
    }, {
      "d" : "1756451943963598429",
      "t" : 1756451943963,
      "tn" : 1756451943963598429,
      "q" : "10",
      "p" : "0.12796",
      "s" : "buy",
      "i" : "MNDE_USD",
      "m" : "4611686018428653229"
    }, {
      "d" : "1756451941963192508",
      "t" : 1756451941963,
      "tn" : 1756451941963192508,
      "q" : "10",
      "p" : "0.12798",
      "s" : "buy",
      "i" : "MNDE_USD",
      "m" : "4611686018428653228"
    }, {
      "d" : "1756451925959961033",
      "t" : 1756451925959,
      "tn" : 1756451925959961033,
      "q" : "10",
      "p" : "0.12802",
      "s" : "buy",
      "i" : "MNDE_USD",
      "m" : "4611686018428653227"
    }, {
      "d" : "1756451921959404658",
      "t" : 1756451921959,
      "tn" : 1756451921959404658,
      "q" : "10",
      "p" : "0.12798",
      "s" : "buy",
      "i" : "MNDE_USD",
      "m" : "4611686018428653226"
    }, {
      "d" : "1756451918958008165",
      "t" : 1756451918958,
      "tn" : 1756451918958008165,
      "q" : "10",
      "p" : "0.12798",
      "s" : "buy",
      "i" : "MNDE_USD",
      "m" : "4611686018428653225"
    }, {
      "d" : "1756451902954960552",
      "t" : 1756451902954,
      "tn" : 1756451902954960552,
      "q" : "10",
      "p" : "0.12803",
      "s" : "buy",
      "i" : "MNDE_USD",
      "m" : "4611686018428653224"
    }, {
      "d" : "1756451825937153416",
      "t" : 1756451825937,
      "tn" : 1756451825937153416,
      "q" : "10",
      "p" : "0.12802",
      "s" : "buy",
      "i" : "MNDE_USD",
      "m" : "4611686018428653223"
    }, {
      "d" : "1756451822936274792",
      "t" : 1756451822936,
      "tn" : 1756451822936274792,
      "q" : "10",
      "p" : "0.12800",
      "s" : "buy",
      "i" : "MNDE_USD",
      "m" : "4611686018428653222"
    }, {
      "d" : "1756451817629853157",
      "t" : 1756451817629,
      "tn" : 1756451817629853157,
      "q" : "10",
      "p" : "0.12804",
      "s" : "buy",
      "i" : "MNDE_USD",
      "m" : "4611686018428653221"
    }, {
      "d" : "1756451629151346393",
      "t" : 1756451629151,
      "tn" : 1756451629151346393,
      "q" : "10",
      "p" : "0.12882",
      "s" : "buy",
      "i" : "MNDE_USD",
      "m" : "4611686018428653220"
    }, {
      "d" : "1756451628148129936",
      "t" : 1756451628148,
      "tn" : 1756451628148129936,
      "q" : "10",
      "p" : "0.12871",
      "s" : "buy",
      "i" : "MNDE_USD",
      "m" : "4611686018428653219"
    }, {
      "d" : "1756451625044064594",
      "t" : 1756451625044,
      "tn" : 1756451625044064594,
      "q" : "10",
      "p" : "0.12872",
      "s" : "buy",
      "i" : "MNDE_USD",
      "m" : "4611686018428653218"
    }, {
      "d" : "1756451624579779836",
      "t" : 1756451624579,
      "tn" : 1756451624579779836,
      "q" : "10",
      "p" : "0.12872",
      "s" : "buy",
      "i" : "MNDE_USD",
      "m" : "4611686018428653217"
    }, {
      "d" : "1756450529638261732",
      "t" : 1756450529638,
      "tn" : 1756450529638261732,
      "q" : "10",
      "p" : "0.12964",
      "s" : "sell",
      "i" : "MNDE_USD",
      "m" : "4611686018428653216"
    }, {
      "d" : "1756448871459988700",
      "t" : 1756448871459,
      "tn" : 1756448871459988700,
      "q" : "10",
      "p" : "0.12956",
      "s" : "buy",
      "i" : "MNDE_USD",
      "m" : "4611686018428653215"
    }, {
      "d" : "1756448763439386245",
      "t" : 1756448763439,
      "tn" : 1756448763439386245,
      "q" : "10",
      "p" : "0.12956",
      "s" : "buy",
      "i" : "MNDE_USD",
      "m" : "4611686018428653214"
    }, {
      "d" : "1756448742435408708",
      "t" : 1756448742435,
      "tn" : 1756448742435408708,
      "q" : "249",
      "p" : "0.12962",
      "s" : "buy",
      "i" : "MNDE_USD",
      "m" : "4611686018428653213"
    }, {
      "d" : "1756448738434352538",
      "t" : 1756448738434,
      "tn" : 1756448738434352538,
      "q" : "10",
      "p" : "0.12951",
      "s" : "buy",
      "i" : "MNDE_USD",
      "m" : "4611686018428653212"
    }, {
      "d" : "1756448710426972366",
      "t" : 1756448710426,
      "tn" : 1756448710426972366,
      "q" : "10",
      "p" : "0.12948",
      "s" : "buy",
      "i" : "MNDE_USD",
      "m" : "4611686018428653211"
    }, {
      "d" : "1756448708426709143",
      "t" : 1756448708426,
      "tn" : 1756448708426709143,
      "q" : "10",
      "p" : "0.12948",
      "s" : "buy",
      "i" : "MNDE_USD",
      "m" : "4611686018428653210"
    }, {
      "d" : "1756448671418274822",
      "t" : 1756448671418,
      "tn" : 1756448671418274822,
      "q" : "10",
      "p" : "0.12954",
      "s" : "buy",
      "i" : "MNDE_USD",
      "m" : "4611686018428653209"
    }, {
      "d" : "1756448627408580133",
      "t" : 1756448627408,
      "tn" : 1756448627408580133,
      "q" : "10",
      "p" : "0.12961",
      "s" : "buy",
      "i" : "MNDE_USD",
      "m" : "4611686018428653208"
    }, {
      "d" : "1756448625407989428",
      "t" : 1756448625407,
      "tn" : 1756448625407989428,
      "q" : "10",
      "p" : "0.12953",
      "s" : "buy",
      "i" : "MNDE_USD",
      "m" : "4611686018428653207"
    }, {
      "d" : "1756448623406851394",
      "t" : 1756448623406,
      "tn" : 1756448623406851394,
      "q" : "10",
      "p" : "0.12954",
      "s" : "buy",
      "i" : "MNDE_USD",
      "m" : "4611686018428653206"
    }, {
      "d" : "1756448606402526198",
      "t" : 1756448606402,
      "tn" : 1756448606402526198,
      "q" : "10",
      "p" : "0.12953",
      "s" : "buy",
      "i" : "MNDE_USD",
      "m" : "4611686018428653205"
    }, {
      "d" : "1756448603401655197",
      "t" : 1756448603401,
      "tn" : 1756448603401655197,
      "q" : "10",
      "p" : "0.12959",
      "s" : "buy",
      "i" : "MNDE_USD",
      "m" : "4611686018428653204"
    }, {
      "d" : "1756448586396901042",
      "t" : 1756448586396,
      "tn" : 1756448586396901042,
      "q" : "10",
      "p" : "0.12959",
      "s" : "buy",
      "i" : "MNDE_USD",
      "m" : "4611686018428653203"
    }, {
      "d" : "1756448582396687014",
      "t" : 1756448582396,
      "tn" : 1756448582396687014,
      "q" : "10",
      "p" : "0.12952",
      "s" : "buy",
      "i" : "MNDE_USD",
      "m" : "4611686018428653202"
    }, {
      "d" : "1756448562390691329",
      "t" : 1756448562390,
      "tn" : 1756448562390691329,
      "q" : "10",
      "p" : "0.12952",
      "s" : "buy",
      "i" : "MNDE_USD",
      "m" : "4611686018428653201"
    }, {
      "d" : "1756448560390347071",
      "t" : 1756448560390,
      "tn" : 1756448560390347071,
      "q" : "10",
      "p" : "0.12952",
      "s" : "buy",
      "i" : "MNDE_USD",
      "m" : "4611686018428653200"
    }, {
      "d" : "1756448540384813957",
      "t" : 1756448540384,
      "tn" : 1756448540384813957,
      "q" : "10",
      "p" : "0.12958",
      "s" : "buy",
      "i" : "MNDE_USD",
      "m" : "4611686018428653199"
    }, {
      "d" : "1756448536799455541",
      "t" : 1756448536799,
      "tn" : 1756448536799455541,
      "q" : "10",
      "p" : "0.12952",
      "s" : "buy",
      "i" : "MNDE_USD",
      "m" : "4611686018428653198"
    }, {
      "d" : "1756448536383112061",
      "t" : 1756448536383,
      "tn" : 1756448536383112061,
      "q" : "10",
      "p" : "0.12952",
      "s" : "buy",
      "i" : "MNDE_USD",
      "m" : "4611686018428653197"
    }, {
      "d" : "1756448520379378247",
      "t" : 1756448520379,
      "tn" : 1756448520379378247,
      "q" : "10",
      "p" : "0.12953",
      "s" : "buy",
      "i" : "MNDE_USD",
      "m" : "4611686018428653196"
    }, {
      "d" : "1756448518378388304",
      "t" : 1756448518378,
      "tn" : 1756448518378388304,
      "q" : "10",
      "p" : "0.12954",
      "s" : "buy",
      "i" : "MNDE_USD",
      "m" : "4611686018428653195"
    }, {
      "d" : "1756448502374905803",
      "t" : 1756448502374,
      "tn" : 1756448502374905803,
      "q" : "10",
      "p" : "0.12952",
      "s" : "buy",
      "i" : "MNDE_USD",
      "m" : "4611686018428653194"
    }, {
      "d" : "1756448499373857358",
      "t" : 1756448499373,
      "tn" : 1756448499373857358,
      "q" : "10",
      "p" : "0.12952",
      "s" : "buy",
      "i" : "MNDE_USD",
      "m" : "4611686018428653193"
    }, {
      "d" : "1756448486370792580",
      "t" : 1756448486370,
      "tn" : 1756448486370792580,
      "q" : "10",
      "p" : "0.12961",
      "s" : "buy",
      "i" : "MNDE_USD",
      "m" : "4611686018428653192"
    }, {
      "d" : "1756448484369645305",
      "t" : 1756448484369,
      "tn" : 1756448484369645305,
      "q" : "10",
      "p" : "0.12959",
      "s" : "buy",
      "i" : "MNDE_USD",
      "m" : "4611686018428653191"
    }, {
      "d" : "1756448482369131714",
      "t" : 1756448482369,
      "tn" : 1756448482369131714,
      "q" : "10",
      "p" : "0.12965",
      "s" : "buy",
      "i" : "MNDE_USD",
      "m" : "4611686018428653190"
    }, {
      "d" : "1756448480368793408",
      "t" : 1756448480368,
      "tn" : 1756448480368793408,
      "q" : "10",
      "p" : "0.12956",
      "s" : "buy",
      "i" : "MNDE_USD",
      "m" : "4611686018428653189"
    }, {
      "d" : "1756448478367801198",
      "t" : 1756448478367,
      "tn" : 1756448478367801198,
      "q" : "10",
      "p" : "0.12960",
      "s" : "buy",
      "i" : "MNDE_USD",
      "m" : "4611686018428653188"
    }, {
      "d" : "1756448476367262462",
      "t" : 1756448476367,
      "tn" : 1756448476367262462,
      "q" : "10",
      "p" : "0.12955",
      "s" : "buy",
      "i" : "MNDE_USD",
      "m" : "4611686018428653187"
    }, {
      "d" : "1756448474366239836",
      "t" : 1756448474366,
      "tn" : 1756448474366239836,
      "q" : "10",
      "p" : "0.12949",
      "s" : "buy",
      "i" : "MNDE_USD",
      "m" : "4611686018428653186"
    }, {
      "d" : "1756448459363599883",
      "t" : 1756448459363,
      "tn" : 1756448459363599883,
      "q" : "10",
      "p" : "0.12954",
      "s" : "buy",
      "i" : "MNDE_USD",
      "m" : "4611686018428653185"
    }, {
      "d" : "1756448442360518434",
      "t" : 1756448442360,
      "tn" : 1756448442360518434,
      "q" : "10",
      "p" : "0.12959",
      "s" : "buy",
      "i" : "MNDE_USD",
      "m" : "4611686018428653184"
    }, {
      "d" : "1756448440359104249",
      "t" : 1756448440359,
      "tn" : 1756448440359104249,
      "q" : "10",
      "p" : "0.12949",
      "s" : "buy",
      "i" : "MNDE_USD",
      "m" : "4611686018428653183"
    }, {
      "d" : "1756448438358366274",
      "t" : 1756448438358,
      "tn" : 1756448438358366274,
      "q" : "10",
      "p" : "0.12949",
      "s" : "buy",
      "i" : "MNDE_USD",
      "m" : "4611686018428653182"
    }, {
      "d" : "1756448424354622935",
      "t" : 1756448424354,
      "tn" : 1756448424354622935,
      "q" : "10",
      "p" : "0.12952",
      "s" : "buy",
      "i" : "MNDE_USD",
      "m" : "4611686018428653181"
    }, {
      "d" : "1756448376344780956",
      "t" : 1756448376344,
      "tn" : 1756448376344780956,
      "q" : "10",
      "p" : "0.12949",
      "s" : "buy",
      "i" : "MNDE_USD",
      "m" : "4611686018428653180"
    }, {
      "d" : "1756448362341221369",
      "t" : 1756448362341,
      "tn" : 1756448362341221369,
      "q" : "10",
      "p" : "0.12953",
      "s" : "buy",
      "i" : "MNDE_USD",
      "m" : "4611686018428653179"
    }, {
      "d" : "1756448280581703744",
      "t" : 1756448280581,
      "tn" : 1756448280581703744,
      "q" : "130",
      "p" : "0.12974",
      "s" : "buy",
      "i" : "MNDE_USD",
      "m" : "4611686018428653178"
    }, {
      "d" : "1756448280575593211",
      "t" : 1756448280575,
      "tn" : 1756448280575593211,
      "q" : "32",
      "p" : "0.12974",
      "s" : "buy",
      "i" : "MNDE_USD",
      "m" : "4611686018428653177"
    }, {
      "d" : "1756448280575591500",
      "t" : 1756448280575,
      "tn" : 1756448280575591500,
      "q" : "78",
      "p" : "0.12963",
      "s" : "buy",
      "i" : "MNDE_USD",
      "m" : "4611686018428653176"
    }, {
      "d" : "1756448280575589271",
      "t" : 1756448280575,
      "tn" : 1756448280575589271,
      "q" : "10",
      "p" : "0.12955",
      "s" : "buy",
      "i" : "MNDE_USD",
      "m" : "4611686018428653175"
    }, {
      "d" : "1756448280442788738",
      "t" : 1756448280442,
      "tn" : 1756448280442788738,
      "q" : "116",
      "p" : "0.12963",
      "s" : "buy",
      "i" : "MNDE_USD",
      "m" : "4611686018428653174"
    }, {
      "d" : "1756448280438425576",
      "t" : 1756448280438,
      "tn" : 1756448280438425576,
      "q" : "106",
      "p" : "0.12963",
      "s" : "buy",
      "i" : "MNDE_USD",
      "m" : "4611686018428653173"
    }, {
      "d" : "1756448280438423431",
      "t" : 1756448280438,
      "tn" : 1756448280438423431,
      "q" : "10",
      "p" : "0.12949",
      "s" : "buy",
      "i" : "MNDE_USD",
      "m" : "4611686018428653172"
    }, {
      "d" : "1756448200308171328",
      "t" : 1756448200308,
      "tn" : 1756448200308171328,
      "q" : "10",
      "p" : "0.13043",
      "s" : "buy",
      "i" : "MNDE_USD",
      "m" : "4611686018428653171"
    }, {
      "d" : "1756448136294440917",
      "t" : 1756448136294,
      "tn" : 1756448136294440917,
      "q" : "10",
      "p" : "0.13048",
      "s" : "buy",
      "i" : "MNDE_USD",
      "m" : "4611686018428653170"
    }, {
      "d" : "1756441627317072496",
      "t" : 1756441627317,
      "tn" : 1756441627317072496,
      "q" : "10",
      "p" : "0.13143",
      "s" : "sell",
      "i" : "MNDE_USD",
      "m" : "4611686018428653169"
    }, {
      "d" : "1756434747688158466",
      "t" : 1756434747688,
      "tn" : 1756434747688158466,
      "q" : "10",
      "p" : "0.13006",
      "s" : "sell",
      "i" : "MNDE_USD",
      "m" : "4611686018428653168"
    }, {
      "d" : "1756420358611500954",
      "t" : 1756420358611,
      "tn" : 1756420358611500954,
      "q" : "10",
      "p" : "0.12884",
      "s" : "sell",
      "i" : "MNDE_USD",
      "m" : "4611686018428653167"
    }, {
      "d" : "1756407427306595696",
      "t" : 1756407427306,
      "tn" : 1756407427306595696,
      "q" : "10",
      "p" : "0.12811",
      "s" : "buy",
      "i" : "MNDE_USD",
      "m" : "4611686018428653166"
    }, {
      "d" : "1756397333969379864",
      "t" : 1756397333969,
      "tn" : 1756397333969379864,
      "q" : "10",
      "p" : "0.12903",
      "s" : "buy",
      "i" : "MNDE_USD",
      "m" : "4611686018428653165"
    }, {
      "d" : "1756396484271566953",
      "t" : 1756396484271,
      "tn" : 1756396484271566953,
      "q" : "10",
      "p" : "0.12931",
      "s" : "buy",
      "i" : "MNDE_USD",
      "m" : "4611686018428653164"
    }, {
      "d" : "1756396158897089196",
      "t" : 1756396158897,
      "tn" : 1756396158897089196,
      "q" : "10",
      "p" : "0.12930",
      "s" : "buy",
      "i" : "MNDE_USD",
      "m" : "4611686018428653163"
    }, {
      "d" : "1756396153895923588",
      "t" : 1756396153895,
      "tn" : 1756396153895923588,
      "q" : "10",
      "p" : "0.12930",
      "s" : "buy",
      "i" : "MNDE_USD",
      "m" : "4611686018428653162"
    }, {
      "d" : "1756396107035558042",
      "t" : 1756396107035,
      "tn" : 1756396107035558042,
      "q" : "10",
      "p" : "0.12920",
      "s" : "buy",
      "i" : "MNDE_USD",
      "m" : "4611686018428653161"
    }, {
      "d" : "1756396015866848893",
      "t" : 1756396015866,
      "tn" : 1756396015866848893,
      "q" : "10",
      "p" : "0.12905",
      "s" : "buy",
      "i" : "MNDE_USD",
      "m" : "4611686018428653160"
    }, {
      "d" : "1756395873837936121",
      "t" : 1756395873837,
      "tn" : 1756395873837936121,
      "q" : "10",
      "p" : "0.12897",
      "s" : "buy",
      "i" : "MNDE_USD",
      "m" : "4611686018428653159"
    }, {
      "d" : "1756395842831639841",
      "t" : 1756395842831,
      "tn" : 1756395842831639841,
      "q" : "10",
      "p" : "0.12901",
      "s" : "buy",
      "i" : "MNDE_USD",
      "m" : "4611686018428653158"
    }, {
      "d" : "1756394779138314403",
      "t" : 1756394779138,
      "tn" : 1756394779138314403,
      "q" : "10",
      "p" : "0.13066",
      "s" : "sell",
      "i" : "MNDE_USD",
      "m" : "4611686018428653157"
    }, {
      "d" : "1756394557300780529",
      "t" : 1756394557300,
      "tn" : 1756394557300780529,
      "q" : "10",
      "p" : "0.13074",
      "s" : "sell",
      "i" : "MNDE_USD",
      "m" : "4611686018428653156"
    }, {
      "d" : "1756394545042632409",
      "t" : 1756394545042,
      "tn" : 1756394545042632409,
      "q" : "10",
      "p" : "0.13059",
      "s" : "sell",
      "i" : "MNDE_USD",
      "m" : "4611686018428653155"
    }, {
      "d" : "1756394517631067607",
      "t" : 1756394517631,
      "tn" : 1756394517631067607,
      "q" : "10",
      "p" : "0.13055",
      "s" : "sell",
      "i" : "MNDE_USD",
      "m" : "4611686018428653154"
    }, {
      "d" : "1756394513630515826",
      "t" : 1756394513630,
      "tn" : 1756394513630515826,
      "q" : "10",
      "p" : "0.13056",
      "s" : "sell",
      "i" : "MNDE_USD",
      "m" : "4611686018428653153"
    }, {
      "d" : "1756394407867334074",
      "t" : 1756394407867,
      "tn" : 1756394407867334074,
      "q" : "10",
      "p" : "0.13043",
      "s" : "sell",
      "i" : "MNDE_USD",
      "m" : "4611686018428653152"
    }, {
      "d" : "1756394227301062479",
      "t" : 1756394227301,
      "tn" : 1756394227301062479,
      "q" : "10",
      "p" : "0.13065",
      "s" : "sell",
      "i" : "MNDE_USD",
      "m" : "4611686018428653151"
    }, {
      "d" : "1756394197301379777",
      "t" : 1756394197301,
      "tn" : 1756394197301379777,
      "q" : "10",
      "p" : "0.13065",
      "s" : "sell",
      "i" : "MNDE_USD",
      "m" : "4611686018428653150"
    }, {
      "d" : "1756394107561390514",
      "t" : 1756394107561,
      "tn" : 1756394107561390514,
      "q" : "10",
      "p" : "0.13035",
      "s" : "sell",
      "i" : "MNDE_USD",
      "m" : "4611686018428653149"
    }, {
      "d" : "1756394101559672295",
      "t" : 1756394101559,
      "tn" : 1756394101559672295,
      "q" : "10",
      "p" : "0.13044",
      "s" : "sell",
      "i" : "MNDE_USD",
      "m" : "4611686018428653148"
    }, {
      "d" : "1756394090024048938",
      "t" : 1756394090024,
      "tn" : 1756394090024048938,
      "q" : "241",
      "p" : "0.13021",
      "s" : "buy",
      "i" : "MNDE_USD",
      "m" : "4611686018428653147"
    }, {
      "d" : "1756394072553680831",
      "t" : 1756394072553,
      "tn" : 1756394072553680831,
      "q" : "10",
      "p" : "0.13028",
      "s" : "sell",
      "i" : "MNDE_USD",
      "m" : "4611686018428653146"
    }, {
      "d" : "1756393740587110294",
      "t" : 1756393740587,
      "tn" : 1756393740587110294,
      "q" : "10",
      "p" : "0.13049",
      "s" : "sell",
      "i" : "MNDE_USD",
      "m" : "4611686018428653145"
    }, {
      "d" : "1756393734843629636",
      "t" : 1756393734843,
      "tn" : 1756393734843629636,
      "q" : "10",
      "p" : "0.13053",
      "s" : "sell",
      "i" : "MNDE_USD",
      "m" : "4611686018428653144"
    }, {
      "d" : "1756393722497193939",
      "t" : 1756393722497,
      "tn" : 1756393722497193939,
      "q" : "10",
      "p" : "0.13053",
      "s" : "sell",
      "i" : "MNDE_USD",
      "m" : "4611686018428653143"
    }, {
      "d" : "1756393720497004731",
      "t" : 1756393720497,
      "tn" : 1756393720497004731,
      "q" : "10",
      "p" : "0.13055",
      "s" : "sell",
      "i" : "MNDE_USD",
      "m" : "4611686018428653142"
    }, {
      "d" : "1756393418446241283",
      "t" : 1756393418446,
      "tn" : 1756393418446241283,
      "q" : "10",
      "p" : "0.13019",
      "s" : "sell",
      "i" : "MNDE_USD",
      "m" : "4611686018428653141"
    }, {
      "d" : "1756393416445840977",
      "t" : 1756393416445,
      "tn" : 1756393416445840977,
      "q" : "10",
      "p" : "0.13019",
      "s" : "sell",
      "i" : "MNDE_USD",
      "m" : "4611686018428653140"
    }, {
      "d" : "1756393413444780566",
      "t" : 1756393413444,
      "tn" : 1756393413444780566,
      "q" : "10",
      "p" : "0.13019",
      "s" : "sell",
      "i" : "MNDE_USD",
      "m" : "4611686018428653139"
    }, {
      "d" : "1756393385438983291",
      "t" : 1756393385438,
      "tn" : 1756393385438983291,
      "q" : "10",
      "p" : "0.13020",
      "s" : "sell",
      "i" : "MNDE_USD",
      "m" : "4611686018428653138"
    }, {
      "d" : "1756393383438812771",
      "t" : 1756393383438,
      "tn" : 1756393383438812771,
      "q" : "10",
      "p" : "0.13020",
      "s" : "sell",
      "i" : "MNDE_USD",
      "m" : "4611686018428653137"
    }, {
      "d" : "1756393333320181705",
      "t" : 1756393333320,
      "tn" : 1756393333320181705,
      "q" : "231",
      "p" : "0.12981",
      "s" : "buy",
      "i" : "MNDE_USD",
      "m" : "4611686018428653136"
    }, {
      "d" : "1756393207301419130",
      "t" : 1756393207301,
      "tn" : 1756393207301419130,
      "q" : "10",
      "p" : "0.12982",
      "s" : "sell",
      "i" : "MNDE_USD",
      "m" : "4611686018428653135"
    }, {
      "d" : "1756393147301097586",
      "t" : 1756393147301,
      "tn" : 1756393147301097586,
      "q" : "10",
      "p" : "0.12973",
      "s" : "sell",
      "i" : "MNDE_USD",
      "m" : "4611686018428653134"
    }, {
      "d" : "1756393126389236132",
      "t" : 1756393126389,
      "tn" : 1756393126389236132,
      "q" : "10",
      "p" : "0.12978",
      "s" : "sell",
      "i" : "MNDE_USD",
      "m" : "4611686018428653133"
    }, {
      "d" : "1756393047372760646",
      "t" : 1756393047372,
      "tn" : 1756393047372760646,
      "q" : "10",
      "p" : "0.12963",
      "s" : "sell",
      "i" : "MNDE_USD",
      "m" : "4611686018428653132"
    }, {
      "d" : "1756392404087887788",
      "t" : 1756392404087,
      "tn" : 1756392404087887788,
      "q" : "10",
      "p" : "0.12880",
      "s" : "buy",
      "i" : "MNDE_USD",
      "m" : "4611686018428653131"
    }, {
      "d" : "1756392156219343720",
      "t" : 1756392156219,
      "tn" : 1756392156219343720,
      "q" : "10",
      "p" : "0.12892",
      "s" : "buy",
      "i" : "MNDE_USD",
      "m" : "4611686018428653130"
    }, {
      "d" : "1756391979165027069",
      "t" : 1756391979165,
      "tn" : 1756391979165027069,
      "q" : "238",
      "p" : "0.12905",
      "s" : "buy",
      "i" : "MNDE_USD",
      "m" : "4611686018428653129"
    }, {
      "d" : "1756391977301343681",
      "t" : 1756391977301,
      "tn" : 1756391977301343681,
      "q" : "10",
      "p" : "0.12888",
      "s" : "buy",
      "i" : "MNDE_USD",
      "m" : "4611686018428653128"
    }, {
      "d" : "1756389360039918443",
      "t" : 1756389360039,
      "tn" : 1756389360039918443,
      "q" : "10",
      "p" : "0.12948",
      "s" : "sell",
      "i" : "MNDE_USD",
      "m" : "4611686018428653127"
    }, {
      "d" : "1756389231864216057",
      "t" : 1756389231864,
      "tn" : 1756389231864216057,
      "q" : "243",
      "p" : "0.12932",
      "s" : "buy",
      "i" : "MNDE_USD",
      "m" : "4611686018428653126"
    }, {
      "d" : "1756389231531567731",
      "t" : 1756389231531,
      "tn" : 1756389231531567731,
      "q" : "74",
      "p" : "0.12990",
      "s" : "buy",
      "i" : "MNDE_USD",
      "m" : "4611686018428653125"
    }, {
      "d" : "1756389231531563334",
      "t" : 1756389231531,
      "tn" : 1756389231531563334,
      "q" : "74",
      "p" : "0.12990",
      "s" : "buy",
      "i" : "MNDE_USD",
      "m" : "4611686018428653124"
    }, {
      "d" : "1756389231438638091",
      "t" : 1756389231438,
      "tn" : 1756389231438638091,
      "q" : "1094",
      "p" : "0.12988",
      "s" : "buy",
      "i" : "MNDE_USD",
      "m" : "4611686018428653123"
    }, {
      "d" : "1756389231438636121",
      "t" : 1756389231438,
      "tn" : 1756389231438636121,
      "q" : "10",
      "p" : "0.12928",
      "s" : "buy",
      "i" : "MNDE_USD",
      "m" : "4611686018428653122"
    }, {
      "d" : "1756389231426671754",
      "t" : 1756389231426,
      "tn" : 1756389231426671754,
      "q" : "126",
      "p" : "0.12988",
      "s" : "buy",
      "i" : "MNDE_USD",
      "m" : "4611686018428653121"
    }, {
      "d" : "1756389231389145538",
      "t" : 1756389231389,
      "tn" : 1756389231389145538,
      "q" : "3890",
      "p" : "0.12988",
      "s" : "buy",
      "i" : "MNDE_USD",
      "m" : "4611686018428653120"
    }, {
      "d" : "1756389231389143267",
      "t" : 1756389231389,
      "tn" : 1756389231389143267,
      "q" : "10",
      "p" : "0.12919",
      "s" : "buy",
      "i" : "MNDE_USD",
      "m" : "4611686018428653119"
    }, {
      "d" : "1756389231385347980",
      "t" : 1756389231385,
      "tn" : 1756389231385347980,
      "q" : "890",
      "p" : "0.12988",
      "s" : "buy",
      "i" : "MNDE_USD",
      "m" : "4611686018428653118"
    }, {
      "d" : "1756389231385346548",
      "t" : 1756389231385,
      "tn" : 1756389231385346548,
      "q" : "300",
      "p" : "0.12977",
      "s" : "buy",
      "i" : "MNDE_USD",
      "m" : "4611686018428653117"
    }, {
      "d" : "1756389231385345068",
      "t" : 1756389231385,
      "tn" : 1756389231385345068,
      "q" : "300",
      "p" : "0.12956",
      "s" : "buy",
      "i" : "MNDE_USD",
      "m" : "4611686018428653116"
    }, {
      "d" : "1756389231385343660",
      "t" : 1756389231385,
      "tn" : 1756389231385343660,
      "q" : "10",
      "p" : "0.12926",
      "s" : "buy",
      "i" : "MNDE_USD",
      "m" : "4611686018428653115"
    }, {
      "d" : "1756389231278360894",
      "t" : 1756389231278,
      "tn" : 1756389231278360894,
      "q" : "2713",
      "p" : "0.12951",
      "s" : "buy",
      "i" : "MNDE_USD",
      "m" : "4611686018428653114"
    }, {
      "d" : "1756389231278359143",
      "t" : 1756389231278,
      "tn" : 1756389231278359143,
      "q" : "3965",
      "p" : "0.12927",
      "s" : "buy",
      "i" : "MNDE_USD",
      "m" : "4611686018428653113"
    }, {
      "d" : "1756389231273781955",
      "t" : 1756389231273,
      "tn" : 1756389231273781955,
      "q" : "1625",
      "p" : "0.12927",
      "s" : "buy",
      "i" : "MNDE_USD",
      "m" : "4611686018428653112"
    }, {
      "d" : "1756389231273779435",
      "t" : 1756389231273,
      "tn" : 1756389231273779435,
      "q" : "2299",
      "p" : "0.12927",
      "s" : "buy",
      "i" : "MNDE_USD",
      "m" : "4611686018428653111"
    }, {
      "d" : "1756389231273777150",
      "t" : 1756389231273,
      "tn" : 1756389231273777150,
      "q" : "10",
      "p" : "0.12906",
      "s" : "buy",
      "i" : "MNDE_USD",
      "m" : "4611686018428653110"
    }, {
      "d" : "1756385246096730511",
      "t" : 1756385246096,
      "tn" : 1756385246096730511,
      "q" : "10",
      "p" : "0.12894",
      "s" : "sell",
      "i" : "MNDE_USD",
      "m" : "4611686018428653109"
    }, {
      "d" : "1756385241099688161",
      "t" : 1756385241099,
      "tn" : 1756385241099688161,
      "q" : "10",
      "p" : "0.12896",
      "s" : "sell",
      "i" : "MNDE_USD",
      "m" : "4611686018428653108"
    }, {
      "d" : "1756385176081933591",
      "t" : 1756385176081,
      "tn" : 1756385176081933591,
      "q" : "10",
      "p" : "0.12906",
      "s" : "sell",
      "i" : "MNDE_USD",
      "m" : "4611686018428653107"
    }, {
      "d" : "1756385135071637257",
      "t" : 1756385135071,
      "tn" : 1756385135071637257,
      "q" : "10",
      "p" : "0.12900",
      "s" : "sell",
      "i" : "MNDE_USD",
      "m" : "4611686018428653106"
    }, {
      "d" : "1756385121071810809",
      "t" : 1756385121071,
      "tn" : 1756385121071810809,
      "q" : "10",
      "p" : "0.12896",
      "s" : "sell",
      "i" : "MNDE_USD",
      "m" : "4611686018428653105"
    }, {
      "d" : "1756384929339282639",
      "t" : 1756384929339,
      "tn" : 1756384929339282639,
      "q" : "10",
      "p" : "0.12871",
      "s" : "sell",
      "i" : "MNDE_USD",
      "m" : "4611686018428653104"
    }, {
      "d" : "1756384927444042975",
      "t" : 1756384927444,
      "tn" : 1756384927444042975,
      "q" : "10",
      "p" : "0.12885",
      "s" : "sell",
      "i" : "MNDE_USD",
      "m" : "4611686018428653103"
    }, {
      "d" : "1756384858022889695",
      "t" : 1756384858022,
      "tn" : 1756384858022889695,
      "q" : "10",
      "p" : "0.12895",
      "s" : "sell",
      "i" : "MNDE_USD",
      "m" : "4611686018428653102"
    }, {
      "d" : "1756384845020287522",
      "t" : 1756384845020,
      "tn" : 1756384845020287522,
      "q" : "10",
      "p" : "0.12905",
      "s" : "sell",
      "i" : "MNDE_USD",
      "m" : "4611686018428653101"
    }, {
      "d" : "1756384809011431743",
      "t" : 1756384809011,
      "tn" : 1756384809011431743,
      "q" : "10",
      "p" : "0.12893",
      "s" : "sell",
      "i" : "MNDE_USD",
      "m" : "4611686018428653100"
    } ]
  }
}