{
  "id" : -1,
  "method" : "public/get-trades",
  "code" : 0,
  "result" : {
    "data" : [ {
      "d" : "1756461126592085095",
      "t" : 1756461126592,
      "tn" : 1756461126592085095,
      "q" : "35100",
      "p" : "0.0003402",
      "s" : "sell",
      "i" : "MOBILE_USD",
      "m" : "4611686018429255601"
    }, {
      "d" : "1756460704298418972",
      "t" : 1756460704298,
      "tn" : 1756460704298418972,
      "q" : "44000",
      "p" : "0.0003402",
      "s" : "buy",
      "i" : "MOBILE_USD",
      "m" : "4611686018429255600"
    }, {
      "d" : "1756460679325366332",
      "t" : 1756460679325,
      "tn" : 1756460679325366332,
      "q" : "44200",
      "p" : "0.0003392",
      "s" : "buy",
      "i" : "MOBILE_USD",
      "m" : "4611686018429255599"
    }, {
      "d" : "1756460679137670290",
      "t" : 1756460679137,
      "tn" : 1756460679137670290,
      "q" : "44200",
      "p" : "0.0003392",
      "s" : "buy",
      "i" : "MOBILE_USD",
      "m" : "4611686018429255598"
    }, {
      "d" : "1756460679038805246",
      "t" : 1756460679038,
      "tn" : 1756460679038805246,
      "q" : "44200",
      "p" : "0.0003392",
      "s" : "buy",
      "i" : "MOBILE_USD",
      "m" : "4611686018429255597"
    }, {
      "d" : "1756460678672810854",
      "t" : 1756460678672,
      "tn" : 1756460678672810854,
      "q" : "44200",
      "p" : "0.0003392",
      "s" : "buy",
      "i" : "MOBILE_USD",
      "m" : "4611686018429255596"
    }, {
      "d" : "1756460678447627303",
      "t" : 1756460678447,
      "tn" : 1756460678447627303,
      "q" : "44200",
      "p" : "0.0003392",
      "s" : "buy",
      "i" : "MOBILE_USD",
      "m" : "4611686018429255595"
    }, {
      "d" : "1756460678190761092",
      "t" : 1756460678190,
      "tn" : 1756460678190761092,
      "q" : "44200",
      "p" : "0.0003393",
      "s" : "buy",
      "i" : "MOBILE_USD",
      "m" : "4611686018429255594"
    }, {
      "d" : "1756460677909381979",
      "t" : 1756460677909,
      "tn" : 1756460677909381979,
      "q" : "44200",
      "p" : "0.0003392",
      "s" : "buy",
      "i" : "MOBILE_USD",
      "m" : "4611686018429255593"
    }, {
      "d" : "1756460491945396298",
      "t" : 1756460491945,
      "tn" : 1756460491945396298,
      "q" : "62900",
      "p" : "0.0003360",
      "s" : "sell",
      "i" : "MOBILE_USD",
      "m" : "4611686018429255592"
    }, {
      "d" : "1756460294330644378",
      "t" : 1756460294330,
      "tn" : 1756460294330644378,
      "q" : "191100",
      "p" : "0.0003402",
      "s" : "buy",
      "i" : "MOBILE_USD",
      "m" : "4611686018429255591"
    }, {
      "d" : "1756460224338359811",
      "t" : 1756460224338,
      "tn" : 1756460224338359811,
      "q" : "55900",
      "p" : "0.0003425",
      "s" : "buy",
      "i" : "MOBILE_USD",
      "m" : "4611686018429255590"
    }, {
      "d" : "1756460221215146386",
      "t" : 1756460221215,
      "tn" : 1756460221215146386,
      "q" : "44100",
      "p" : "0.0003401",
      "s" : "buy",
      "i" : "MOBILE_USD",
      "m" : "4611686018429255589"
    }, {
      "d" : "1756458549511516545",
      "t" : 1756458549511,
      "tn" : 1756458549511516545,
      "q" : "5400",
      "p" : "0.0003413",
      "s" : "buy",
      "i" : "MOBILE_USD",
      "m" : "4611686018429255588"
    }, {
      "d" : "1756458539153457761",
      "t" : 1756458539153,
      "tn" : 1756458539153457761,
      "q" : "187300",
      "p" : "0.0003415",
      "s" : "sell",
      "i" : "MOBILE_USD",
      "m" : "4611686018429255587"
    }, {
      "d" : "1756458539111846156",
      "t" : 1756458539111,
      "tn" : 1756458539111846156,
      "q" : "76000",
      "p" : "0.0003415",
      "s" : "sell",
      "i" : "MOBILE_USD",
      "m" : "4611686018429255586"
    }, {
      "d" : "1756458274726909301",
      "t" : 1756458274726,
      "tn" : 1756458274726909301,
      "q" : "16300",
      "p" : "0.0003448",
      "s" : "buy",
      "i" : "MOBILE_USD",
      "m" : "4611686018429255585"
    }, {
      "d" : "1756458274554660884",
      "t" : 1756458274554,
      "tn" : 1756458274554660884,
      "q" : "43700",
      "p" : "0.0003431",
      "s" : "buy",
      "i" : "MOBILE_USD",
      "m" : "4611686018429255584"
    }, {
      "d" : "1756457511506043503",
      "t" : 1756457511506,
      "tn" : 1756457511506043503,
      "q" : "43600",
      "p" : "0.0003433",
      "s" : "buy",
      "i" : "MOBILE_USD",
      "m" : "4611686018429255583"
    }, {
      "d" : "1756457402083896503",
      "t" : 1756457402083,
      "tn" : 1756457402083896503,
      "q" : "1575900",
      "p" : "0.0003439",
      "s" : "sell",
      "i" : "MOBILE_USD",
      "m" : "4611686018429255582"
    }, {
      "d" : "1756457395122160393",
      "t" : 1756457395122,
      "tn" : 1756457395122160391,
      "q" : "272300",
      "p" : "0.0003467",
      "s" : "sell",
      "i" : "MOBILE_USD",
      "m" : "4611686018429255581"
    }, {
      "d" : "1756457395122160392",
      "t" : 1756457395122,
      "tn" : 1756457395122160391,
      "q" : "290400",
      "p" : "0.0003467",
      "s" : "sell",
      "i" : "MOBILE_USD",
      "m" : "4611686018429255581"
    }, {
      "d" : "1756457395122160391",
      "t" : 1756457395122,
      "tn" : 1756457395122160391,
      "q" : "273200",
      "p" : "0.0003467",
      "s" : "sell",
      "i" : "MOBILE_USD",
      "m" : "4611686018429255581"
    }, {
      "d" : "1756457395064432661",
      "t" : 1756457395064,
      "tn" : 1756457395064432661,
      "q" : "77600",
      "p" : "0.0003468",
      "s" : "sell",
      "i" : "MOBILE_USD",
      "m" : "4611686018429255580"
    }, {
      "d" : "1756457394528530025",
      "t" : 1756457394528,
      "tn" : 1756457394528530025,
      "q" : "43100",
      "p" : "0.0003473",
      "s" : "sell",
      "i" : "MOBILE_USD",
      "m" : "4611686018429255579"
    }, {
      "d" : "1756456851060041016",
      "t" : 1756456851060,
      "tn" : 1756456851060041016,
      "q" : "359800",
      "p" : "0.0003507",
      "s" : "buy",
      "i" : "MOBILE_USD",
      "m" : "4611686018429255578"
    }, {
      "d" : "1756456850427593123",
      "t" : 1756456850427,
      "tn" : 1756456850427593123,
      "q" : "42900",
      "p" : "0.0003494",
      "s" : "buy",
      "i" : "MOBILE_USD",
      "m" : "4611686018429255577"
    }, {
      "d" : "1756452025455201241",
      "t" : 1756452025455,
      "tn" : 1756452025455201241,
      "q" : "30900",
      "p" : "0.0003490",
      "s" : "sell",
      "i" : "MOBILE_USD",
      "m" : "4611686018429255576"
    }, {
      "d" : "1756452025443074411",
      "t" : 1756452025443,
      "tn" : 1756452025443074411,
      "q" : "150300",
      "p" : "0.0003490",
      "s" : "sell",
      "i" : "MOBILE_USD",
      "m" : "4611686018429255575"
    }, {
      "d" : "1756452025437368468",
      "t" : 1756452025437,
      "tn" : 1756452025437368466,
      "q" : "41900",
      "p" : "0.0003490",
      "s" : "sell",
      "i" : "MOBILE_USD",
      "m" : "4611686018429255574"
    }, {
      "d" : "1756452025437368467",
      "t" : 1756452025437,
      "tn" : 1756452025437368466,
      "q" : "221400",
      "p" : "0.0003490",
      "s" : "sell",
      "i" : "MOBILE_USD",
      "m" : "4611686018429255574"
    }, {
      "d" : "1756452025437368466",
      "t" : 1756452025437,
      "tn" : 1756452025437368466,
      "q" : "56700",
      "p" : "0.0003490",
      "s" : "sell",
      "i" : "MOBILE_USD",
      "m" : "4611686018429255574"
    }, {
      "d" : "1756452025431489191",
      "t" : 1756452025431,
      "tn" : 1756452025431489191,
      "q" : "176900",
      "p" : "0.0003490",
      "s" : "sell",
      "i" : "MOBILE_USD",
      "m" : "4611686018429255573"
    }, {
      "d" : "1756452025431487364",
      "t" : 1756452025431,
      "tn" : 1756452025431487364,
      "q" : "83100",
      "p" : "0.0003491",
      "s" : "sell",
      "i" : "MOBILE_USD",
      "m" : "4611686018429255572"
    }, {
      "d" : "1756452025429973450",
      "t" : 1756452025429,
      "tn" : 1756452025429973450,
      "q" : "326200",
      "p" : "0.0003491",
      "s" : "sell",
      "i" : "MOBILE_USD",
      "m" : "4611686018429255571"
    }, {
      "d" : "1756450793925926144",
      "t" : 1756450793925,
      "tn" : 1756450793925926144,
      "q" : "13300",
      "p" : "0.0003588",
      "s" : "buy",
      "i" : "MOBILE_USD",
      "m" : "4611686018429255570"
    }, {
      "d" : "1756450158227433414",
      "t" : 1756450158227,
      "tn" : 1756450158227433414,
      "q" : "172200",
      "p" : "0.0003543",
      "s" : "buy",
      "i" : "MOBILE_USD",
      "m" : "4611686018429255569"
    }, {
      "d" : "1756450158173101232",
      "t" : 1756450158173,
      "tn" : 1756450158173101232,
      "q" : "76000",
      "p" : "0.0003543",
      "s" : "sell",
      "i" : "MOBILE_USD",
      "m" : "4611686018429255568"
    }, {
      "d" : "1756450130915341463",
      "t" : 1756450130915,
      "tn" : 1756450130915341463,
      "q" : "49900",
      "p" : "0.0003534",
      "s" : "sell",
      "i" : "MOBILE_USD",
      "m" : "4611686018429255567"
    }, {
      "d" : "1756449264124680858",
      "t" : 1756449264124,
      "tn" : 1756449264124680858,
      "q" : "380000",
      "p" : "0.0003601",
      "s" : "buy",
      "i" : "MOBILE_USD",
      "m" : "4611686018429255566"
    }, {
      "d" : "1756449127552528655",
      "t" : 1756449127552,
      "tn" : 1756449127552528655,
      "q" : "600200",
      "p" : "0.0003600",
      "s" : "buy",
      "i" : "MOBILE_USD",
      "m" : "4611686018429255565"
    }, {
      "d" : "1756449127552526757",
      "t" : 1756449127552,
      "tn" : 1756449127552526757,
      "q" : "75600",
      "p" : "0.0003599",
      "s" : "buy",
      "i" : "MOBILE_USD",
      "m" : "4611686018429255564"
    }, {
      "d" : "1756448813251006610",
      "t" : 1756448813251,
      "tn" : 1756448813251006610,
      "q" : "100000",
      "p" : "0.0003557",
      "s" : "sell",
      "i" : "MOBILE_USD",
      "m" : "4611686018429255563"
    }, {
      "d" : "1756447371487752750",
      "t" : 1756447371487,
      "tn" : 1756447371487752750,
      "q" : "13400",
      "p" : "0.0003602",
      "s" : "buy",
      "i" : "MOBILE_USD",
      "m" : "4611686018429255562"
    }, {
      "d" : "1756446690258296701",
      "t" : 1756446690258,
      "tn" : 1756446690258296701,
      "q" : "4500",
      "p" : "0.0003551",
      "s" : "sell",
      "i" : "MOBILE_USD",
      "m" : "4611686018429255561"
    }, {
      "d" : "1756445003584544586",
      "t" : 1756445003584,
      "tn" : 1756445003584544586,
      "q" : "8300",
      "p" : "0.0003568",
      "s" : "sell",
      "i" : "MOBILE_USD",
      "m" : "4611686018429255560"
    }, {
      "d" : "1756445003364022840",
      "t" : 1756445003364,
      "tn" : 1756445003364022840,
      "q" : "20000",
      "p" : "0.0003588",
      "s" : "sell",
      "i" : "MOBILE_USD",
      "m" : "4611686018429255559"
    }, {
      "d" : "1756444630743968685",
      "t" : 1756444630743,
      "tn" : 1756444630743968685,
      "q" : "90400",
      "p" : "0.0003602",
      "s" : "buy",
      "i" : "MOBILE_USD",
      "m" : "4611686018429255558"
    }, {
      "d" : "1756441661802561258",
      "t" : 1756441661802,
      "tn" : 1756441661802561258,
      "q" : "260500",
      "p" : "0.0003602",
      "s" : "buy",
      "i" : "MOBILE_USD",
      "m" : "4611686018429255557"
    }, {
      "d" : "1756441521609942134",
      "t" : 1756441521609,
      "tn" : 1756441521609942134,
      "q" : "33700",
      "p" : "0.0003567",
      "s" : "sell",
      "i" : "MOBILE_USD",
      "m" : "4611686018429255556"
    }, {
      "d" : "1756441518574114396",
      "t" : 1756441518574,
      "tn" : 1756441518574114396,
      "q" : "42000",
      "p" : "0.0003568",
      "s" : "sell",
      "i" : "MOBILE_USD",
      "m" : "4611686018429255555"
    }, {
      "d" : "1756441518357525544",
      "t" : 1756441518357,
      "tn" : 1756441518357525544,
      "q" : "62100",
      "p" : "0.0003585",
      "s" : "sell",
      "i" : "MOBILE_USD",
      "m" : "4611686018429255554"
    }, {
      "d" : "1756441460104970341",
      "t" : 1756441460104,
      "tn" : 1756441460104970341,
      "q" : "41600",
      "p" : "0.0003600",
      "s" : "buy",
      "i" : "MOBILE_USD",
      "m" : "4611686018429255553"
    }, {
      "d" : "1756441460096875758",
      "t" : 1756441460096,
      "tn" : 1756441460096875758,
      "q" : "62000",
      "p" : "0.0003600",
      "s" : "buy",
      "i" : "MOBILE_USD",
      "m" : "4611686018429255552"
    }, {
      "d" : "1756439754806208830",
      "t" : 1756439754806,
      "tn" : 1756439754806208830,
      "q" : "32500",
      "p" : "0.0003560",
      "s" : "sell",
      "i" : "MOBILE_USD",
      "m" : "4611686018429255551"
    }, {
      "d" : "1756439754806206438",
      "t" : 1756439754806,
      "tn" : 1756439754806206438,
      "q" : "14800",
      "p" : "0.0003561",
      "s" : "sell",
      "i" : "MOBILE_USD",
      "m" : "4611686018429255550"
    }, {
      "d" : "1756439741842761380",
      "t" : 1756439741842,
      "tn" : 1756439741842761380,
      "q" : "38200",
      "p" : "0.0003569",
      "s" : "buy",
      "i" : "MOBILE_USD",
      "m" : "4611686018429255549"
    }, {
      "d" : "1756439741776149207",
      "t" : 1756439741776,
      "tn" : 1756439741776149207,
      "q" : "38200",
      "p" : "0.0003568",
      "s" : "buy",
      "i" : "MOBILE_USD",
      "m" : "4611686018429255548"
    }, {
      "d" : "1756439741762624230",
      "t" : 1756439741762,
      "tn" : 1756439741762624230,
      "q" : "53000",
      "p" : "0.0003568",
      "s" : "buy",
      "i" : "MOBILE_USD",
      "m" : "4611686018429255547"
    }, {
      "d" : "1756438258284603872",
      "t" : 1756438258284,
      "tn" : 1756438258284603872,
      "q" : "72700",
      "p" : "0.0003496",
      "s" : "sell",
      "i" : "MOBILE_USD",
      "m" : "4611686018429255546"
    }, {
      "d" : "1756438257950945015",
      "t" : 1756438257950,
      "tn" : 1756438257950945015,
      "q" : "43000",
      "p" : "0.0003519",
      "s" : "buy",
      "i" : "MOBILE_USD",
      "m" : "4611686018429255545"
    }, {
      "d" : "1756438257913381257",
      "t" : 1756438257913,
      "tn" : 1756438257913381257,
      "q" : "68300",
      "p" : "0.0003519",
      "s" : "buy",
      "i" : "MOBILE_USD",
      "m" : "4611686018429255544"
    }, {
      "d" : "1756438257829877844",
      "t" : 1756438257829,
      "tn" : 1756438257829877844,
      "q" : "100000",
      "p" : "0.0003519",
      "s" : "buy",
      "i" : "MOBILE_USD",
      "m" : "4611686018429255543"
    }, {
      "d" : "1756438257662207626",
      "t" : 1756438257662,
      "tn" : 1756438257662207626,
      "q" : "160000",
      "p" : "0.0003519",
      "s" : "buy",
      "i" : "MOBILE_USD",
      "m" : "4611686018429255542"
    }, {
      "d" : "1756438257524741607",
      "t" : 1756438257524,
      "tn" : 1756438257524741607,
      "q" : "260000",
      "p" : "0.0003519",
      "s" : "buy",
      "i" : "MOBILE_USD",
      "m" : "4611686018429255541"
    }, {
      "d" : "1756438257372456705",
      "t" : 1756438257372,
      "tn" : 1756438257372456705,
      "q" : "43000",
      "p" : "0.0003519",
      "s" : "buy",
      "i" : "MOBILE_USD",
      "m" : "4611686018429255540"
    }, {
      "d" : "1756438256571307984",
      "t" : 1756438256571,
      "tn" : 1756438256571307984,
      "q" : "60000",
      "p" : "0.0003519",
      "s" : "buy",
      "i" : "MOBILE_USD",
      "m" : "4611686018429255539"
    }, {
      "d" : "1756438256551686070",
      "t" : 1756438256551,
      "tn" : 1756438256551686070,
      "q" : "60200",
      "p" : "0.0003519",
      "s" : "buy",
      "i" : "MOBILE_USD",
      "m" : "4611686018429255538"
    }, {
      "d" : "1756438256520709170",
      "t" : 1756438256520,
      "tn" : 1756438256520709170,
      "q" : "29600",
      "p" : "0.0003519",
      "s" : "sell",
      "i" : "MOBILE_USD",
      "m" : "4611686018429255537"
    }, {
      "d" : "1756438255154136907",
      "t" : 1756438255154,
      "tn" : 1756438255154136907,
      "q" : "43000",
      "p" : "0.0003524",
      "s" : "buy",
      "i" : "MOBILE_USD",
      "m" : "4611686018429255536"
    }, {
      "d" : "1756438255064486434",
      "t" : 1756438255064,
      "tn" : 1756438255064486434,
      "q" : "130600",
      "p" : "0.0003524",
      "s" : "buy",
      "i" : "MOBILE_USD",
      "m" : "4611686018429255535"
    }, {
      "d" : "1756438255020513385",
      "t" : 1756438255020,
      "tn" : 1756438255020513385,
      "q" : "43000",
      "p" : "0.0003524",
      "s" : "buy",
      "i" : "MOBILE_USD",
      "m" : "4611686018429255534"
    }, {
      "d" : "1756438254684196897",
      "t" : 1756438254684,
      "tn" : 1756438254684196897,
      "q" : "80000",
      "p" : "0.0003524",
      "s" : "buy",
      "i" : "MOBILE_USD",
      "m" : "4611686018429255533"
    }, {
      "d" : "1756438254377838266",
      "t" : 1756438254377,
      "tn" : 1756438254377838266,
      "q" : "180000",
      "p" : "0.0003524",
      "s" : "buy",
      "i" : "MOBILE_USD",
      "m" : "4611686018429255532"
    }, {
      "d" : "1756438253355437956",
      "t" : 1756438253355,
      "tn" : 1756438253355437956,
      "q" : "26600",
      "p" : "0.0003524",
      "s" : "sell",
      "i" : "MOBILE_USD",
      "m" : "4611686018429255531"
    }, {
      "d" : "1756437709022455887",
      "t" : 1756437709022,
      "tn" : 1756437709022455887,
      "q" : "26600",
      "p" : "0.0003580",
      "s" : "buy",
      "i" : "MOBILE_USD",
      "m" : "4611686018429255530"
    }, {
      "d" : "1756437623529925115",
      "t" : 1756437623529,
      "tn" : 1756437623529925115,
      "q" : "97900",
      "p" : "0.0003495",
      "s" : "buy",
      "i" : "MOBILE_USD",
      "m" : "4611686018429255529"
    }, {
      "d" : "1756437623502290602",
      "t" : 1756437623502,
      "tn" : 1756437623502290602,
      "q" : "160000",
      "p" : "0.0003495",
      "s" : "buy",
      "i" : "MOBILE_USD",
      "m" : "4611686018429255528"
    }, {
      "d" : "1756437623497642455",
      "t" : 1756437623497,
      "tn" : 1756437623497642455,
      "q" : "62000",
      "p" : "0.0003495",
      "s" : "buy",
      "i" : "MOBILE_USD",
      "m" : "4611686018429255527"
    }, {
      "d" : "1756437623478382304",
      "t" : 1756437623478,
      "tn" : 1756437623478382304,
      "q" : "44100",
      "p" : "0.0003495",
      "s" : "buy",
      "i" : "MOBILE_USD",
      "m" : "4611686018429255526"
    }, {
      "d" : "1756437623475604414",
      "t" : 1756437623475,
      "tn" : 1756437623475604414,
      "q" : "297800",
      "p" : "0.0003495",
      "s" : "buy",
      "i" : "MOBILE_USD",
      "m" : "4611686018429255525"
    }, {
      "d" : "1756437623464762175",
      "t" : 1756437623464,
      "tn" : 1756437623464762175,
      "q" : "58100",
      "p" : "0.0003495",
      "s" : "sell",
      "i" : "MOBILE_USD",
      "m" : "4611686018429255524"
    }, {
      "d" : "1756437621257963273",
      "t" : 1756437621257,
      "tn" : 1756437621257963273,
      "q" : "230000",
      "p" : "0.0003545",
      "s" : "buy",
      "i" : "MOBILE_USD",
      "m" : "4611686018429255523"
    }, {
      "d" : "1756437621238663466",
      "t" : 1756437621238,
      "tn" : 1756437621238663466,
      "q" : "83900",
      "p" : "0.0003545",
      "s" : "buy",
      "i" : "MOBILE_USD",
      "m" : "4611686018429255522"
    }, {
      "d" : "1756437621236711014",
      "t" : 1756437621236,
      "tn" : 1756437621236711014,
      "q" : "190000",
      "p" : "0.0003545",
      "s" : "buy",
      "i" : "MOBILE_USD",
      "m" : "4611686018429255521"
    }, {
      "d" : "1756437621233565926",
      "t" : 1756437621233,
      "tn" : 1756437621233565926,
      "q" : "270000",
      "p" : "0.0003545",
      "s" : "buy",
      "i" : "MOBILE_USD",
      "m" : "4611686018429255520"
    }, {
      "d" : "1756437621232119103",
      "t" : 1756437621232,
      "tn" : 1756437621232119103,
      "q" : "276300",
      "p" : "0.0003545",
      "s" : "buy",
      "i" : "MOBILE_USD",
      "m" : "4611686018429255519"
    }, {
      "d" : "1756437621212890634",
      "t" : 1756437621212,
      "tn" : 1756437621212890633,
      "q" : "42300",
      "p" : "0.0003545",
      "s" : "sell",
      "i" : "MOBILE_USD",
      "m" : "4611686018429255518"
    }, {
      "d" : "1756437621212890633",
      "t" : 1756437621212,
      "tn" : 1756437621212890633,
      "q" : "264700",
      "p" : "0.0003545",
      "s" : "sell",
      "i" : "MOBILE_USD",
      "m" : "4611686018429255518"
    }, {
      "d" : "1756437212713646875",
      "t" : 1756437212713,
      "tn" : 1756437212713646875,
      "q" : "37300",
      "p" : "0.0003589",
      "s" : "buy",
      "i" : "MOBILE_USD",
      "m" : "4611686018429255517"
    }, {
      "d" : "1756436891160390035",
      "t" : 1756436891160,
      "tn" : 1756436891160390035,
      "q" : "70200",
      "p" : "0.0003597",
      "s" : "buy",
      "i" : "MOBILE_USD",
      "m" : "4611686018429255516"
    }, {
      "d" : "1756436388414283411",
      "t" : 1756436388414,
      "tn" : 1756436388414283411,
      "q" : "6000",
      "p" : "0.0003571",
      "s" : "sell",
      "i" : "MOBILE_USD",
      "m" : "4611686018429255515"
    }, {
      "d" : "1756436339028450283",
      "t" : 1756436339028,
      "tn" : 1756436339028450283,
      "q" : "62700",
      "p" : "0.0003615",
      "s" : "buy",
      "i" : "MOBILE_USD",
      "m" : "4611686018429255514"
    }, {
      "d" : "1756435387178133733",
      "t" : 1756435387178,
      "tn" : 1756435387178133733,
      "q" : "13000",
      "p" : "0.0003520",
      "s" : "sell",
      "i" : "MOBILE_USD",
      "m" : "4611686018429255513"
    }, {
      "d" : "1756435230564617896",
      "t" : 1756435230564,
      "tn" : 1756435230564617896,
      "q" : "94800",
      "p" : "0.0003599",
      "s" : "buy",
      "i" : "MOBILE_USD",
      "m" : "4611686018429255512"
    }, {
      "d" : "1756433635655523421",
      "t" : 1756433635655,
      "tn" : 1756433635655523421,
      "q" : "18700",
      "p" : "0.0003585",
      "s" : "buy",
      "i" : "MOBILE_USD",
      "m" : "4611686018429255511"
    }, {
      "d" : "1756431799568203334",
      "t" : 1756431799568,
      "tn" : 1756431799568203334,
      "q" : "19000",
      "p" : "0.0003523",
      "s" : "sell",
      "i" : "MOBILE_USD",
      "m" : "4611686018429255510"
    }, {
      "d" : "1756431796527354730",
      "t" : 1756431796527,
      "tn" : 1756431796527354730,
      "q" : "30000",
      "p" : "0.0003524",
      "s" : "sell",
      "i" : "MOBILE_USD",
      "m" : "4611686018429255509"
    }, {
      "d" : "1756430478662662634",
      "t" : 1756430478662,
      "tn" : 1756430478662662634,
      "q" : "20400",
      "p" : "0.0003525",
      "s" : "sell",
      "i" : "MOBILE_USD",
      "m" : "4611686018429255508"
    }, {
      "d" : "1756429951409840958",
      "t" : 1756429951409,
      "tn" : 1756429951409840958,
      "q" : "18000",
      "p" : "0.0003594",
      "s" : "sell",
      "i" : "MOBILE_USD",
      "m" : "4611686018429255507"
    }, {
      "d" : "1756429951378975977",
      "t" : 1756429951378,
      "tn" : 1756429951378975977,
      "q" : "76000",
      "p" : "0.0003594",
      "s" : "buy",
      "i" : "MOBILE_USD",
      "m" : "4611686018429255506"
    }, {
      "d" : "1756428796679138032",
      "t" : 1756428796679,
      "tn" : 1756428796679138032,
      "q" : "17600",
      "p" : "0.0003529",
      "s" : "sell",
      "i" : "MOBILE_USD",
      "m" : "4611686018429255505"
    }, {
      "d" : "1756428766524681003",
      "t" : 1756428766524,
      "tn" : 1756428766524681003,
      "q" : "101100",
      "p" : "0.0003541",
      "s" : "sell",
      "i" : "MOBILE_USD",
      "m" : "4611686018429255504"
    }, {
      "d" : "1756428368884653471",
      "t" : 1756428368884,
      "tn" : 1756428368884653471,
      "q" : "5000",
      "p" : "0.0003526",
      "s" : "sell",
      "i" : "MOBILE_USD",
      "m" : "4611686018429255503"
    }, {
      "d" : "1756427320180490616",
      "t" : 1756427320180,
      "tn" : 1756427320180490616,
      "q" : "5300",
      "p" : "0.0003592",
      "s" : "buy",
      "i" : "MOBILE_USD",
      "m" : "4611686018429255502"
    }, {
      "d" : "1756427210692310822",
      "t" : 1756427210692,
      "tn" : 1756427210692310822,
      "q" : "39200",
      "p" : "0.0003584",
      "s" : "buy",
      "i" : "MOBILE_USD",
      "m" : "4611686018429255501"
    }, {
      "d" : "1756426968843960333",
      "t" : 1756426968843,
      "tn" : 1756426968843960333,
      "q" : "159100",
      "p" : "0.0003558",
      "s" : "sell",
      "i" : "MOBILE_USD",
      "m" : "4611686018429255500"
    }, {
      "d" : "1756426968814883515",
      "t" : 1756426968814,
      "tn" : 1756426968814883514,
      "q" : "132500",
      "p" : "0.0003558",
      "s" : "sell",
      "i" : "MOBILE_USD",
      "m" : "4611686018429255499"
    }, {
      "d" : "1756426968814883514",
      "t" : 1756426968814,
      "tn" : 1756426968814883514,
      "q" : "161900",
      "p" : "0.0003558",
      "s" : "sell",
      "i" : "MOBILE_USD",
      "m" : "4611686018429255499"
    }, {
      "d" : "1756426968814881250",
      "t" : 1756426968814,
      "tn" : 1756426968814881250,
      "q" : "75600",
      "p" : "0.0003559",
      "s" : "sell",
      "i" : "MOBILE_USD",
      "m" : "4611686018429255498"
    }, {
      "d" : "1756426968810520168",
      "t" : 1756426968810,
      "tn" : 1756426968810520167,
      "q" : "62300",
      "p" : "0.0003558",
      "s" : "sell",
      "i" : "MOBILE_USD",
      "m" : "4611686018429255497"
    }, {
      "d" : "1756426968810520167",
      "t" : 1756426968810,
      "tn" : 1756426968810520167,
      "q" : "232100",
      "p" : "0.0003558",
      "s" : "sell",
      "i" : "MOBILE_USD",
      "m" : "4611686018429255497"
    }, {
      "d" : "1756426968810517083",
      "t" : 1756426968810,
      "tn" : 1756426968810517083,
      "q" : "75600",
      "p" : "0.0003559",
      "s" : "sell",
      "i" : "MOBILE_USD",
      "m" : "4611686018429255496"
    }, {
      "d" : "1756426656163260282",
      "t" : 1756426656163,
      "tn" : 1756426656163260282,
      "q" : "18600",
      "p" : "0.0003605",
      "s" : "buy",
      "i" : "MOBILE_USD",
      "m" : "4611686018429255495"
    }, {
      "d" : "1756426647966000913",
      "t" : 1756426647966,
      "tn" : 1756426647966000913,
      "q" : "3600",
      "p" : "0.0003605",
      "s" : "buy",
      "i" : "MOBILE_USD",
      "m" : "4611686018429255494"
    }, {
      "d" : "1756426563248409981",
      "t" : 1756426563248,
      "tn" : 1756426563248409981,
      "q" : "8100",
      "p" : "0.0003596",
      "s" : "buy",
      "i" : "MOBILE_USD",
      "m" : "4611686018429255493"
    }, {
      "d" : "1756426560138728534",
      "t" : 1756426560138,
      "tn" : 1756426560138728534,
      "q" : "41700",
      "p" : "0.0003595",
      "s" : "buy",
      "i" : "MOBILE_USD",
      "m" : "4611686018429255492"
    }, {
      "d" : "1756426372920998215",
      "t" : 1756426372920,
      "tn" : 1756426372920998215,
      "q" : "13300",
      "p" : "0.0003561",
      "s" : "buy",
      "i" : "MOBILE_USD",
      "m" : "4611686018429255491"
    }, {
      "d" : "1756426372295360394",
      "t" : 1756426372295,
      "tn" : 1756426372295360394,
      "q" : "75600",
      "p" : "0.0003561",
      "s" : "sell",
      "i" : "MOBILE_USD",
      "m" : "4611686018429255490"
    }, {
      "d" : "1756426372029877828",
      "t" : 1756426372029,
      "tn" : 1756426372029877828,
      "q" : "13300",
      "p" : "0.0003562",
      "s" : "sell",
      "i" : "MOBILE_USD",
      "m" : "4611686018429255489"
    }, {
      "d" : "1756426282830811708",
      "t" : 1756426282830,
      "tn" : 1756426282830811708,
      "q" : "60700",
      "p" : "0.0003603",
      "s" : "sell",
      "i" : "MOBILE_USD",
      "m" : "4611686018429255488"
    }, {
      "d" : "1756426281031556331",
      "t" : 1756426281031,
      "tn" : 1756426281031556331,
      "q" : "42500",
      "p" : "0.0003603",
      "s" : "sell",
      "i" : "MOBILE_USD",
      "m" : "4611686018429255487"
    }, {
      "d" : "1756426281009194459",
      "t" : 1756426281009,
      "tn" : 1756426281009194459,
      "q" : "60600",
      "p" : "0.0003603",
      "s" : "sell",
      "i" : "MOBILE_USD",
      "m" : "4611686018429255486"
    }, {
      "d" : "1756426175720591667",
      "t" : 1756426175720,
      "tn" : 1756426175720591667,
      "q" : "4100",
      "p" : "0.0003595",
      "s" : "buy",
      "i" : "MOBILE_USD",
      "m" : "4611686018429255485"
    }, {
      "d" : "1756425647648318392",
      "t" : 1756425647648,
      "tn" : 1756425647648318392,
      "q" : "31900",
      "p" : "0.0003610",
      "s" : "buy",
      "i" : "MOBILE_USD",
      "m" : "4611686018429255484"
    }, {
      "d" : "1756425644968178378",
      "t" : 1756425644968,
      "tn" : 1756425644968178378,
      "q" : "41600",
      "p" : "0.0003603",
      "s" : "buy",
      "i" : "MOBILE_USD",
      "m" : "4611686018429255483"
    }, {
      "d" : "1756425628831881146",
      "t" : 1756425628831,
      "tn" : 1756425628831881146,
      "q" : "10900",
      "p" : "0.0003670",
      "s" : "buy",
      "i" : "MOBILE_USD",
      "m" : "4611686018429255482"
    }, {
      "d" : "1756425299851582288",
      "t" : 1756425299851,
      "tn" : 1756425299851582288,
      "q" : "22200",
      "p" : "0.0003618",
      "s" : "buy",
      "i" : "MOBILE_USD",
      "m" : "4611686018429255481"
    }, {
      "d" : "1756425206640473683",
      "t" : 1756425206640,
      "tn" : 1756425206640473683,
      "q" : "13300",
      "p" : "0.0003672",
      "s" : "buy",
      "i" : "MOBILE_USD",
      "m" : "4611686018429255480"
    }, {
      "d" : "1756424335474820389",
      "t" : 1756424335474,
      "tn" : 1756424335474820389,
      "q" : "88600",
      "p" : "0.0003651",
      "s" : "buy",
      "i" : "MOBILE_USD",
      "m" : "4611686018429255479"
    }, {
      "d" : "1756424332579949123",
      "t" : 1756424332579,
      "tn" : 1756424332579949123,
      "q" : "41600",
      "p" : "0.0003604",
      "s" : "buy",
      "i" : "MOBILE_USD",
      "m" : "4611686018429255478"
    }, {
      "d" : "1756424329798891344",
      "t" : 1756424329798,
      "tn" : 1756424329798891344,
      "q" : "89400",
      "p" : "0.0003603",
      "s" : "sell",
      "i" : "MOBILE_USD",
      "m" : "4611686018429255477"
    }, {
      "d" : "1756424329780559354",
      "t" : 1756424329780,
      "tn" : 1756424329780559354,
      "q" : "41600",
      "p" : "0.0003603",
      "s" : "buy",
      "i" : "MOBILE_USD",
      "m" : "4611686018429255476"
    }, {
      "d" : "1756422987800293133",
      "t" : 1756422987800,
      "tn" : 1756422987800293133,
      "q" : "23000",
      "p" : "0.0003550",
      "s" : "sell",
      "i" : "MOBILE_USD",
      "m" : "4611686018429255475"
    }, {
      "d" : "1756422984734221375",
      "t" : 1756422984734,
      "tn" : 1756422984734221375,
      "q" : "42200",
      "p" : "0.0003551",
      "s" : "sell",
      "i" : "MOBILE_USD",
      "m" : "4611686018429255474"
    }, {
      "d" : "1756422981825796480",
      "t" : 1756422981825,
      "tn" : 1756422981825796480,
      "q" : "42200",
      "p" : "0.0003552",
      "s" : "sell",
      "i" : "MOBILE_USD",
      "m" : "4611686018429255473"
    }, {
      "d" : "1756422978812529540",
      "t" : 1756422978812,
      "tn" : 1756422978812529540,
      "q" : "75500",
      "p" : "0.0003564",
      "s" : "sell",
      "i" : "MOBILE_USD",
      "m" : "4611686018429255472"
    }, {
      "d" : "1756421453745171590",
      "t" : 1756421453745,
      "tn" : 1756421453745171590,
      "q" : "17900",
      "p" : "0.0003600",
      "s" : "buy",
      "i" : "MOBILE_USD",
      "m" : "4611686018429255471"
    }, {
      "d" : "1756421449809517505",
      "t" : 1756421449809,
      "tn" : 1756421449809517505,
      "q" : "41600",
      "p" : "0.0003600",
      "s" : "buy",
      "i" : "MOBILE_USD",
      "m" : "4611686018429255470"
    }, {
      "d" : "1756420563347302768",
      "t" : 1756420563347,
      "tn" : 1756420563347302768,
      "q" : "19200",
      "p" : "0.0003528",
      "s" : "sell",
      "i" : "MOBILE_USD",
      "m" : "4611686018429255469"
    }, {
      "d" : "1756420422273780487",
      "t" : 1756420422273,
      "tn" : 1756420422273780487,
      "q" : "63400",
      "p" : "0.0003600",
      "s" : "buy",
      "i" : "MOBILE_USD",
      "m" : "4611686018429255468"
    }, {
      "d" : "1756420084286921878",
      "t" : 1756420084286,
      "tn" : 1756420084286921878,
      "q" : "61300",
      "p" : "0.0003621",
      "s" : "buy",
      "i" : "MOBILE_USD",
      "m" : "4611686018429255467"
    }, {
      "d" : "1756419315307016594",
      "t" : 1756419315307,
      "tn" : 1756419315307016594,
      "q" : "16000",
      "p" : "0.0003597",
      "s" : "buy",
      "i" : "MOBILE_USD",
      "m" : "4611686018429255466"
    }, {
      "d" : "1756419234783146900",
      "t" : 1756419234783,
      "tn" : 1756419234783146900,
      "q" : "63200",
      "p" : "0.0003552",
      "s" : "sell",
      "i" : "MOBILE_USD",
      "m" : "4611686018429255465"
    }, {
      "d" : "1756419026547239497",
      "t" : 1756419026547,
      "tn" : 1756419026547239497,
      "q" : "118000",
      "p" : "0.0003560",
      "s" : "sell",
      "i" : "MOBILE_USD",
      "m" : "4611686018429255464"
    }, {
      "d" : "1756418720308665286",
      "t" : 1756418720308,
      "tn" : 1756418720308665286,
      "q" : "10000",
      "p" : "0.0003582",
      "s" : "buy",
      "i" : "MOBILE_USD",
      "m" : "4611686018429255463"
    }, {
      "d" : "1756418329874988448",
      "t" : 1756418329874,
      "tn" : 1756418329874988448,
      "q" : "50000",
      "p" : "0.0003549",
      "s" : "sell",
      "i" : "MOBILE_USD",
      "m" : "4611686018429255462"
    }, {
      "d" : "1756417776092231698",
      "t" : 1756417776092,
      "tn" : 1756417776092231698,
      "q" : "5000",
      "p" : "0.0003552",
      "s" : "sell",
      "i" : "MOBILE_USD",
      "m" : "4611686018429255461"
    }, {
      "d" : "1756416820029685464",
      "t" : 1756416820029,
      "tn" : 1756416820029685464,
      "q" : "46000",
      "p" : "0.0003552",
      "s" : "buy",
      "i" : "MOBILE_USD",
      "m" : "4611686018429255460"
    }, {
      "d" : "1756416819821480726",
      "t" : 1756416819821,
      "tn" : 1756416819821480726,
      "q" : "204700",
      "p" : "0.0003553",
      "s" : "sell",
      "i" : "MOBILE_USD",
      "m" : "4611686018429255459"
    } ]
  }
}