{
  "id" : -1,
  "method" : "public/get-trades",
  "code" : 0,
  "result" : {
    "data" : [ {
      "d" : "1756460475963797041",
      "t" : 1756460475963,
      "tn" : 1756460475963797041,
      "q" : "25100000",
      "p" : "0.00000087378",
      "s" : "buy",
      "i" : "MOG_USDT",
      "m" : "4611686018428438378"
    }, {
      "d" : "1756459677270232053",
      "t" : 1756459677270,
      "tn" : 1756459677270232053,
      "q" : "1300000",
      "p" : "0.00000087269",
      "s" : "sell",
      "i" : "MOG_USDT",
      "m" : "4611686018428438377"
    }, {
      "d" : "1756459677018357451",
      "t" : 1756459677018,
      "tn" : 1756459677018357451,
      "q" : "1300000",
      "p" : "0.00000087269",
      "s" : "sell",
      "i" : "MOG_USDT",
      "m" : "4611686018428438376"
    }, {
      "d" : "1756459668324462847",
      "t" : 1756459668324,
      "tn" : 1756459668324462847,
      "q" : "1300000",
      "p" : "0.00000087334",
      "s" : "sell",
      "i" : "MOG_USDT",
      "m" : "4611686018428438375"
    }, {
      "d" : "1756459668028443978",
      "t" : 1756459668028,
      "tn" : 1756459668028443978,
      "q" : "1300000",
      "p" : "0.00000087334",
      "s" : "sell",
      "i" : "MOG_USDT",
      "m" : "4611686018428438374"
    }, {
      "d" : "1756459531894434713",
      "t" : 1756459531894,
      "tn" : 1756459531894434713,
      "q" : "1300000",
      "p" : "0.00000087339",
      "s" : "sell",
      "i" : "MOG_USDT",
      "m" : "4611686018428438373"
    }, {
      "d" : "1756458704322512767",
      "t" : 1756458704322,
      "tn" : 1756458704322512767,
      "q" : "1300000",
      "p" : "0.00000086966",
      "s" : "buy",
      "i" : "MOG_USDT",
      "m" : "4611686018428438372"
    }, {
      "d" : "1756458704054697247",
      "t" : 1756458704054,
      "tn" : 1756458704054697247,
      "q" : "1300000",
      "p" : "0.00000086966",
      "s" : "buy",
      "i" : "MOG_USDT",
      "m" : "4611686018428438371"
    }, {
      "d" : "1756458416789777875",
      "t" : 1756458416789,
      "tn" : 1756458416789777875,
      "q" : "1300000",
      "p" : "0.00000086859",
      "s" : "sell",
      "i" : "MOG_USDT",
      "m" : "4611686018428438370"
    }, {
      "d" : "1756458416525671547",
      "t" : 1756458416525,
      "tn" : 1756458416525671547,
      "q" : "1300000",
      "p" : "0.00000086859",
      "s" : "sell",
      "i" : "MOG_USDT",
      "m" : "4611686018428438369"
    }, {
      "d" : "1756458416011521413",
      "t" : 1756458416011,
      "tn" : 1756458416011521413,
      "q" : "1300000",
      "p" : "0.00000086864",
      "s" : "sell",
      "i" : "MOG_USDT",
      "m" : "4611686018428438368"
    }, {
      "d" : "1756458175803792112",
      "t" : 1756458175803,
      "tn" : 1756458175803792112,
      "q" : "11400000",
      "p" : "0.00000086897",
      "s" : "sell",
      "i" : "MOG_USDT",
      "m" : "4611686018428438367"
    }, {
      "d" : "1756457522563625740",
      "t" : 1756457522563,
      "tn" : 1756457522563625740,
      "q" : "1300000",
      "p" : "0.00000087469",
      "s" : "sell",
      "i" : "MOG_USDT",
      "m" : "4611686018428438366"
    }, {
      "d" : "1756457522264838626",
      "t" : 1756457522264,
      "tn" : 1756457522264838626,
      "q" : "1300000",
      "p" : "0.00000087469",
      "s" : "sell",
      "i" : "MOG_USDT",
      "m" : "4611686018428438365"
    }, {
      "d" : "1756457522006580268",
      "t" : 1756457522006,
      "tn" : 1756457522006580268,
      "q" : "1300000",
      "p" : "0.00000087469",
      "s" : "sell",
      "i" : "MOG_USDT",
      "m" : "4611686018428438364"
    }, {
      "d" : "1756457245869049064",
      "t" : 1756457245869,
      "tn" : 1756457245869049064,
      "q" : "11300000",
      "p" : "0.00000087665",
      "s" : "sell",
      "i" : "MOG_USDT",
      "m" : "4611686018428438363"
    }, {
      "d" : "1756456806044328679",
      "t" : 1756456806044,
      "tn" : 1756456806044328679,
      "q" : "24400000",
      "p" : "0.00000087992",
      "s" : "sell",
      "i" : "MOG_USDT",
      "m" : "4611686018428438362"
    }, {
      "d" : "1756455962999449830",
      "t" : 1756455962999,
      "tn" : 1756455962999449830,
      "q" : "1300000",
      "p" : "0.00000088301",
      "s" : "buy",
      "i" : "MOG_USDT",
      "m" : "4611686018428438361"
    }, {
      "d" : "1756455628542722471",
      "t" : 1756455628542,
      "tn" : 1756455628542722471,
      "q" : "1300000",
      "p" : "0.00000088429",
      "s" : "sell",
      "i" : "MOG_USDT",
      "m" : "4611686018428438360"
    }, {
      "d" : "1756455628542720392",
      "t" : 1756455628542,
      "tn" : 1756455628542720392,
      "q" : "11200000",
      "p" : "0.00000088441",
      "s" : "sell",
      "i" : "MOG_USDT",
      "m" : "4611686018428438359"
    }, {
      "d" : "1756455012930013538",
      "t" : 1756455012930,
      "tn" : 1756455012930013538,
      "q" : "1300000",
      "p" : "0.00000088944",
      "s" : "sell",
      "i" : "MOG_USDT",
      "m" : "4611686018428438358"
    }, {
      "d" : "1756454982789481727",
      "t" : 1756454982789,
      "tn" : 1756454982789481727,
      "q" : "1300000",
      "p" : "0.00000088944",
      "s" : "sell",
      "i" : "MOG_USDT",
      "m" : "4611686018428438357"
    }, {
      "d" : "1756454982274611637",
      "t" : 1756454982274,
      "tn" : 1756454982274611637,
      "q" : "1300000",
      "p" : "0.00000089004",
      "s" : "sell",
      "i" : "MOG_USDT",
      "m" : "4611686018428438356"
    }, {
      "d" : "1756454981228865004",
      "t" : 1756454981228,
      "tn" : 1756454981228865004,
      "q" : "1300000",
      "p" : "0.00000089004",
      "s" : "sell",
      "i" : "MOG_USDT",
      "m" : "4611686018428438355"
    }, {
      "d" : "1756454980977325571",
      "t" : 1756454980977,
      "tn" : 1756454980977325571,
      "q" : "1300000",
      "p" : "0.00000089004",
      "s" : "sell",
      "i" : "MOG_USDT",
      "m" : "4611686018428438354"
    }, {
      "d" : "1756454980682705014",
      "t" : 1756454980682,
      "tn" : 1756454980682705014,
      "q" : "1300000",
      "p" : "0.00000089004",
      "s" : "sell",
      "i" : "MOG_USDT",
      "m" : "4611686018428438353"
    }, {
      "d" : "1756454980411789049",
      "t" : 1756454980411,
      "tn" : 1756454980411789049,
      "q" : "1300000",
      "p" : "0.00000089004",
      "s" : "sell",
      "i" : "MOG_USDT",
      "m" : "4611686018428438352"
    }, {
      "d" : "1756454980154858589",
      "t" : 1756454980154,
      "tn" : 1756454980154858589,
      "q" : "1300000",
      "p" : "0.00000089004",
      "s" : "sell",
      "i" : "MOG_USDT",
      "m" : "4611686018428438351"
    }, {
      "d" : "1756454979628171787",
      "t" : 1756454979628,
      "tn" : 1756454979628171787,
      "q" : "1300000",
      "p" : "0.00000089004",
      "s" : "sell",
      "i" : "MOG_USDT",
      "m" : "4611686018428438350"
    }, {
      "d" : "1756454979095892092",
      "t" : 1756454979095,
      "tn" : 1756454979095892092,
      "q" : "1300000",
      "p" : "0.00000089014",
      "s" : "sell",
      "i" : "MOG_USDT",
      "m" : "4611686018428438349"
    }, {
      "d" : "1756454978840919573",
      "t" : 1756454978840,
      "tn" : 1756454978840919573,
      "q" : "1300000",
      "p" : "0.00000089014",
      "s" : "sell",
      "i" : "MOG_USDT",
      "m" : "4611686018428438348"
    }, {
      "d" : "1756454320232947033",
      "t" : 1756454320232,
      "tn" : 1756454320232947033,
      "q" : "11100000",
      "p" : "0.00000089223",
      "s" : "sell",
      "i" : "MOG_USDT",
      "m" : "4611686018428438347"
    }, {
      "d" : "1756454283301027787",
      "t" : 1756454283301,
      "tn" : 1756454283301027787,
      "q" : "1300000",
      "p" : "0.00000089330",
      "s" : "sell",
      "i" : "MOG_USDT",
      "m" : "4611686018428438346"
    }, {
      "d" : "1756453228331904114",
      "t" : 1756453228331,
      "tn" : 1756453228331904114,
      "q" : "1300000",
      "p" : "0.00000089689",
      "s" : "sell",
      "i" : "MOG_USDT",
      "m" : "4611686018428438345"
    }, {
      "d" : "1756453034123692713",
      "t" : 1756453034123,
      "tn" : 1756453034123692713,
      "q" : "1300000",
      "p" : "0.00000089579",
      "s" : "sell",
      "i" : "MOG_USDT",
      "m" : "4611686018428438344"
    }, {
      "d" : "1756453031527530665",
      "t" : 1756453031527,
      "tn" : 1756453031527530665,
      "q" : "1300000",
      "p" : "0.00000089584",
      "s" : "sell",
      "i" : "MOG_USDT",
      "m" : "4611686018428438343"
    }, {
      "d" : "1756453031016129071",
      "t" : 1756453031016,
      "tn" : 1756453031016129071,
      "q" : "1300000",
      "p" : "0.00000089584",
      "s" : "sell",
      "i" : "MOG_USDT",
      "m" : "4611686018428438342"
    }, {
      "d" : "1756453030761470329",
      "t" : 1756453030761,
      "tn" : 1756453030761470329,
      "q" : "1300000",
      "p" : "0.00000089584",
      "s" : "sell",
      "i" : "MOG_USDT",
      "m" : "4611686018428438341"
    }, {
      "d" : "1756453026030388813",
      "t" : 1756453026030,
      "tn" : 1756453026030388813,
      "q" : "1300000",
      "p" : "0.00000089589",
      "s" : "sell",
      "i" : "MOG_USDT",
      "m" : "4611686018428438340"
    }, {
      "d" : "1756452631892371088",
      "t" : 1756452631892,
      "tn" : 1756452631892371088,
      "q" : "600000",
      "p" : "0.00000089956",
      "s" : "sell",
      "i" : "MOG_USDT",
      "m" : "4611686018428438339"
    }, {
      "d" : "1756451623423935630",
      "t" : 1756451623423,
      "tn" : 1756451623423935630,
      "q" : "57900000",
      "p" : "0.00000089956",
      "s" : "sell",
      "i" : "MOG_USDT",
      "m" : "4611686018428438338"
    }, {
      "d" : "1756451623423933710",
      "t" : 1756451623423,
      "tn" : 1756451623423933710,
      "q" : "600000",
      "p" : "0.00000090012",
      "s" : "sell",
      "i" : "MOG_USDT",
      "m" : "4611686018428438337"
    }, {
      "d" : "1756451622789752778",
      "t" : 1756451622789,
      "tn" : 1756451622789752778,
      "q" : "1300000",
      "p" : "0.00000090012",
      "s" : "sell",
      "i" : "MOG_USDT",
      "m" : "4611686018428438336"
    }, {
      "d" : "1756451622684090806",
      "t" : 1756451622684,
      "tn" : 1756451622684090806,
      "q" : "1300000",
      "p" : "0.00000090012",
      "s" : "sell",
      "i" : "MOG_USDT",
      "m" : "4611686018428438335"
    }, {
      "d" : "1756451622528414121",
      "t" : 1756451622528,
      "tn" : 1756451622528414121,
      "q" : "1300000",
      "p" : "0.00000090012",
      "s" : "sell",
      "i" : "MOG_USDT",
      "m" : "4611686018428438334"
    }, {
      "d" : "1756451622412251634",
      "t" : 1756451622412,
      "tn" : 1756451622412251634,
      "q" : "1300000",
      "p" : "0.00000090012",
      "s" : "sell",
      "i" : "MOG_USDT",
      "m" : "4611686018428438333"
    }, {
      "d" : "1756451622251988788",
      "t" : 1756451622251,
      "tn" : 1756451622251988788,
      "q" : "1300000",
      "p" : "0.00000090012",
      "s" : "sell",
      "i" : "MOG_USDT",
      "m" : "4611686018428438332"
    }, {
      "d" : "1756451622131953068",
      "t" : 1756451622131,
      "tn" : 1756451622131953068,
      "q" : "1300000",
      "p" : "0.00000090012",
      "s" : "sell",
      "i" : "MOG_USDT",
      "m" : "4611686018428438331"
    }, {
      "d" : "1756451622022003388",
      "t" : 1756451622022,
      "tn" : 1756451622022003388,
      "q" : "1300000",
      "p" : "0.00000090012",
      "s" : "sell",
      "i" : "MOG_USDT",
      "m" : "4611686018428438330"
    }, {
      "d" : "1756451621615794186",
      "t" : 1756451621615,
      "tn" : 1756451621615794186,
      "q" : "1300000",
      "p" : "0.00000090012",
      "s" : "sell",
      "i" : "MOG_USDT",
      "m" : "4611686018428438329"
    }, {
      "d" : "1756450948245681047",
      "t" : 1756450948245,
      "tn" : 1756450948245681047,
      "q" : "10900000",
      "p" : "0.00000090807",
      "s" : "sell",
      "i" : "MOG_USDT",
      "m" : "4611686018428438328"
    }, {
      "d" : "1756450895857333539",
      "t" : 1756450895857,
      "tn" : 1756450895857333539,
      "q" : "8200000",
      "p" : "0.00000091610",
      "s" : "sell",
      "i" : "MOG_USDT",
      "m" : "4611686018428438327"
    }, {
      "d" : "1756450895816285332",
      "t" : 1756450895816,
      "tn" : 1756450895816285332,
      "q" : "1300000",
      "p" : "0.00000091610",
      "s" : "sell",
      "i" : "MOG_USDT",
      "m" : "4611686018428438326"
    }, {
      "d" : "1756450895700803110",
      "t" : 1756450895700,
      "tn" : 1756450895700803110,
      "q" : "1300000",
      "p" : "0.00000091610",
      "s" : "sell",
      "i" : "MOG_USDT",
      "m" : "4611686018428438325"
    }, {
      "d" : "1756448151137386779",
      "t" : 1756448151137,
      "tn" : 1756448151137386779,
      "q" : "10700000",
      "p" : "0.00000092420",
      "s" : "sell",
      "i" : "MOG_USDT",
      "m" : "4611686018428438324"
    }, {
      "d" : "1756448093155224523",
      "t" : 1756448093155,
      "tn" : 1756448093155224523,
      "q" : "1300000",
      "p" : "0.00000092569",
      "s" : "sell",
      "i" : "MOG_USDT",
      "m" : "4611686018428438323"
    }, {
      "d" : "1756448086880835316",
      "t" : 1756448086880,
      "tn" : 1756448086880835316,
      "q" : "1300000",
      "p" : "0.00000092569",
      "s" : "sell",
      "i" : "MOG_USDT",
      "m" : "4611686018428438322"
    }, {
      "d" : "1756448086578217932",
      "t" : 1756448086578,
      "tn" : 1756448086578217932,
      "q" : "1300000",
      "p" : "0.00000092569",
      "s" : "sell",
      "i" : "MOG_USDT",
      "m" : "4611686018428438321"
    }, {
      "d" : "1756448086102378596",
      "t" : 1756448086102,
      "tn" : 1756448086102378596,
      "q" : "1300000",
      "p" : "0.00000092569",
      "s" : "sell",
      "i" : "MOG_USDT",
      "m" : "4611686018428438320"
    }, {
      "d" : "1756448082282932886",
      "t" : 1756448082282,
      "tn" : 1756448082282932886,
      "q" : "1300000",
      "p" : "0.00000092579",
      "s" : "sell",
      "i" : "MOG_USDT",
      "m" : "4611686018428438319"
    }, {
      "d" : "1756447443410510830",
      "t" : 1756447443410,
      "tn" : 1756447443410510830,
      "q" : "1300000",
      "p" : "0.00000093044",
      "s" : "sell",
      "i" : "MOG_USDT",
      "m" : "4611686018428438318"
    }, {
      "d" : "1756447443019419454",
      "t" : 1756447443019,
      "tn" : 1756447443019419454,
      "q" : "1300000",
      "p" : "0.00000093044",
      "s" : "sell",
      "i" : "MOG_USDT",
      "m" : "4611686018428438317"
    }, {
      "d" : "1756447442763609148",
      "t" : 1756447442763,
      "tn" : 1756447442763609148,
      "q" : "1300000",
      "p" : "0.00000093044",
      "s" : "sell",
      "i" : "MOG_USDT",
      "m" : "4611686018428438316"
    }, {
      "d" : "1756444221854853059",
      "t" : 1756444221854,
      "tn" : 1756444221854853059,
      "q" : "1300000",
      "p" : "0.00000093536",
      "s" : "sell",
      "i" : "MOG_USDT",
      "m" : "4611686018428438315"
    }, {
      "d" : "1756443614042117858",
      "t" : 1756443614042,
      "tn" : 1756443614042117858,
      "q" : "1300000",
      "p" : "0.00000093669",
      "s" : "sell",
      "i" : "MOG_USDT",
      "m" : "4611686018428438314"
    }, {
      "d" : "1756443612758914899",
      "t" : 1756443612758,
      "tn" : 1756443612758914899,
      "q" : "1300000",
      "p" : "0.00000093669",
      "s" : "sell",
      "i" : "MOG_USDT",
      "m" : "4611686018428438313"
    }, {
      "d" : "1756443366091329761",
      "t" : 1756443366091,
      "tn" : 1756443366091329761,
      "q" : "1300000",
      "p" : "0.00000093639",
      "s" : "sell",
      "i" : "MOG_USDT",
      "m" : "4611686018428438312"
    }, {
      "d" : "1756443365305234197",
      "t" : 1756443365305,
      "tn" : 1756443365305234197,
      "q" : "1300000",
      "p" : "0.00000093644",
      "s" : "sell",
      "i" : "MOG_USDT",
      "m" : "4611686018428438311"
    }, {
      "d" : "1756443364786177559",
      "t" : 1756443364786,
      "tn" : 1756443364786177559,
      "q" : "1300000",
      "p" : "0.00000093659",
      "s" : "sell",
      "i" : "MOG_USDT",
      "m" : "4611686018428438310"
    }, {
      "d" : "1756443364009827687",
      "t" : 1756443364009,
      "tn" : 1756443364009827687,
      "q" : "1300000",
      "p" : "0.00000093659",
      "s" : "sell",
      "i" : "MOG_USDT",
      "m" : "4611686018428438309"
    }, {
      "d" : "1756443362766302709",
      "t" : 1756443362766,
      "tn" : 1756443362766302709,
      "q" : "1300000",
      "p" : "0.00000093659",
      "s" : "sell",
      "i" : "MOG_USDT",
      "m" : "4611686018428438308"
    }, {
      "d" : "1756443361792179295",
      "t" : 1756443361792,
      "tn" : 1756443361792179295,
      "q" : "1300000",
      "p" : "0.00000093659",
      "s" : "sell",
      "i" : "MOG_USDT",
      "m" : "4611686018428438307"
    }, {
      "d" : "1756443360755083131",
      "t" : 1756443360755,
      "tn" : 1756443360755083131,
      "q" : "1300000",
      "p" : "0.00000093659",
      "s" : "sell",
      "i" : "MOG_USDT",
      "m" : "4611686018428438306"
    }, {
      "d" : "1756443338985151106",
      "t" : 1756443338985,
      "tn" : 1756443338985151106,
      "q" : "1300000",
      "p" : "0.00000093669",
      "s" : "sell",
      "i" : "MOG_USDT",
      "m" : "4611686018428438305"
    }, {
      "d" : "1756443304804347446",
      "t" : 1756443304804,
      "tn" : 1756443304804347446,
      "q" : "1300000",
      "p" : "0.00000093704",
      "s" : "sell",
      "i" : "MOG_USDT",
      "m" : "4611686018428438304"
    }, {
      "d" : "1756443304129641256",
      "t" : 1756443304129,
      "tn" : 1756443304129641256,
      "q" : "1300000",
      "p" : "0.00000093704",
      "s" : "sell",
      "i" : "MOG_USDT",
      "m" : "4611686018428438303"
    }, {
      "d" : "1756443303553912551",
      "t" : 1756443303553,
      "tn" : 1756443303553912551,
      "q" : "1300000",
      "p" : "0.00000093714",
      "s" : "sell",
      "i" : "MOG_USDT",
      "m" : "4611686018428438302"
    }, {
      "d" : "1756443302737265128",
      "t" : 1756443302737,
      "tn" : 1756443302737265128,
      "q" : "1300000",
      "p" : "0.00000093714",
      "s" : "sell",
      "i" : "MOG_USDT",
      "m" : "4611686018428438301"
    }, {
      "d" : "1756443299153022934",
      "t" : 1756443299153,
      "tn" : 1756443299153022934,
      "q" : "1300000",
      "p" : "0.00000093744",
      "s" : "sell",
      "i" : "MOG_USDT",
      "m" : "4611686018428438300"
    }, {
      "d" : "1756443200294023276",
      "t" : 1756443200294,
      "tn" : 1756443200294023276,
      "q" : "1300000",
      "p" : "0.00000093834",
      "s" : "sell",
      "i" : "MOG_USDT",
      "m" : "4611686018428438299"
    }, {
      "d" : "1756443198972708446",
      "t" : 1756443198972,
      "tn" : 1756443198972708446,
      "q" : "1300000",
      "p" : "0.00000093834",
      "s" : "sell",
      "i" : "MOG_USDT",
      "m" : "4611686018428438298"
    }, {
      "d" : "1756443198698773154",
      "t" : 1756443198698,
      "tn" : 1756443198698773154,
      "q" : "1300000",
      "p" : "0.00000093834",
      "s" : "sell",
      "i" : "MOG_USDT",
      "m" : "4611686018428438297"
    }, {
      "d" : "1756443196286580186",
      "t" : 1756443196286,
      "tn" : 1756443196286580186,
      "q" : "1300000",
      "p" : "0.00000093839",
      "s" : "sell",
      "i" : "MOG_USDT",
      "m" : "4611686018428438296"
    }, {
      "d" : "1756443195754340198",
      "t" : 1756443195754,
      "tn" : 1756443195754340198,
      "q" : "1300000",
      "p" : "0.00000093839",
      "s" : "sell",
      "i" : "MOG_USDT",
      "m" : "4611686018428438295"
    }, {
      "d" : "1756443194771904563",
      "t" : 1756443194771,
      "tn" : 1756443194771904563,
      "q" : "1300000",
      "p" : "0.00000093839",
      "s" : "sell",
      "i" : "MOG_USDT",
      "m" : "4611686018428438294"
    }, {
      "d" : "1756443194263830405",
      "t" : 1756443194263,
      "tn" : 1756443194263830405,
      "q" : "1300000",
      "p" : "0.00000093839",
      "s" : "sell",
      "i" : "MOG_USDT",
      "m" : "4611686018428438293"
    }, {
      "d" : "1756443193758393542",
      "t" : 1756443193758,
      "tn" : 1756443193758393542,
      "q" : "1300000",
      "p" : "0.00000093839",
      "s" : "sell",
      "i" : "MOG_USDT",
      "m" : "4611686018428438292"
    }, {
      "d" : "1756443193252476969",
      "t" : 1756443193252,
      "tn" : 1756443193252476969,
      "q" : "1300000",
      "p" : "0.00000093839",
      "s" : "sell",
      "i" : "MOG_USDT",
      "m" : "4611686018428438291"
    }, {
      "d" : "1756443192747706275",
      "t" : 1756443192747,
      "tn" : 1756443192747706275,
      "q" : "1300000",
      "p" : "0.00000093839",
      "s" : "sell",
      "i" : "MOG_USDT",
      "m" : "4611686018428438290"
    }, {
      "d" : "1756443192243407273",
      "t" : 1756443192243,
      "tn" : 1756443192243407273,
      "q" : "1300000",
      "p" : "0.00000093839",
      "s" : "sell",
      "i" : "MOG_USDT",
      "m" : "4611686018428438289"
    }, {
      "d" : "1756443191735582627",
      "t" : 1756443191735,
      "tn" : 1756443191735582627,
      "q" : "1300000",
      "p" : "0.00000093839",
      "s" : "sell",
      "i" : "MOG_USDT",
      "m" : "4611686018428438288"
    }, {
      "d" : "1756443191228950157",
      "t" : 1756443191228,
      "tn" : 1756443191228950157,
      "q" : "1300000",
      "p" : "0.00000093839",
      "s" : "sell",
      "i" : "MOG_USDT",
      "m" : "4611686018428438287"
    }, {
      "d" : "1756443190723591245",
      "t" : 1756443190723,
      "tn" : 1756443190723591245,
      "q" : "1300000",
      "p" : "0.00000093839",
      "s" : "sell",
      "i" : "MOG_USDT",
      "m" : "4611686018428438286"
    }, {
      "d" : "1756443190468941532",
      "t" : 1756443190468,
      "tn" : 1756443190468941532,
      "q" : "1300000",
      "p" : "0.00000093839",
      "s" : "sell",
      "i" : "MOG_USDT",
      "m" : "4611686018428438285"
    }, {
      "d" : "1756443190217447360",
      "t" : 1756443190217,
      "tn" : 1756443190217447360,
      "q" : "1300000",
      "p" : "0.00000093849",
      "s" : "sell",
      "i" : "MOG_USDT",
      "m" : "4611686018428438284"
    }, {
      "d" : "1756443189218361382",
      "t" : 1756443189218,
      "tn" : 1756443189218361382,
      "q" : "1300000",
      "p" : "0.00000093849",
      "s" : "sell",
      "i" : "MOG_USDT",
      "m" : "4611686018428438283"
    }, {
      "d" : "1756443188176292102",
      "t" : 1756443188176,
      "tn" : 1756443188176292102,
      "q" : "1300000",
      "p" : "0.00000093854",
      "s" : "sell",
      "i" : "MOG_USDT",
      "m" : "4611686018428438282"
    }, {
      "d" : "1756443186774585477",
      "t" : 1756443186774,
      "tn" : 1756443186774585477,
      "q" : "1300000",
      "p" : "0.00000093859",
      "s" : "sell",
      "i" : "MOG_USDT",
      "m" : "4611686018428438281"
    }, {
      "d" : "1756443185960621438",
      "t" : 1756443185960,
      "tn" : 1756443185960621438,
      "q" : "1300000",
      "p" : "0.00000093864",
      "s" : "sell",
      "i" : "MOG_USDT",
      "m" : "4611686018428438280"
    }, {
      "d" : "1756443184872335456",
      "t" : 1756443184872,
      "tn" : 1756443184872335456,
      "q" : "1300000",
      "p" : "0.00000093869",
      "s" : "sell",
      "i" : "MOG_USDT",
      "m" : "4611686018428438279"
    }, {
      "d" : "1756443184621217246",
      "t" : 1756443184621,
      "tn" : 1756443184621217246,
      "q" : "1300000",
      "p" : "0.00000093869",
      "s" : "sell",
      "i" : "MOG_USDT",
      "m" : "4611686018428438278"
    }, {
      "d" : "1756443184367797385",
      "t" : 1756443184367,
      "tn" : 1756443184367797385,
      "q" : "1300000",
      "p" : "0.00000093869",
      "s" : "sell",
      "i" : "MOG_USDT",
      "m" : "4611686018428438277"
    }, {
      "d" : "1756443183561732922",
      "t" : 1756443183561,
      "tn" : 1756443183561732922,
      "q" : "1300000",
      "p" : "0.00000093869",
      "s" : "sell",
      "i" : "MOG_USDT",
      "m" : "4611686018428438276"
    }, {
      "d" : "1756443181427791986",
      "t" : 1756443181427,
      "tn" : 1756443181427791986,
      "q" : "1300000",
      "p" : "0.00000093919",
      "s" : "sell",
      "i" : "MOG_USDT",
      "m" : "4611686018428438275"
    }, {
      "d" : "1756443180101814123",
      "t" : 1756443180101,
      "tn" : 1756443180101814123,
      "q" : "1300000",
      "p" : "0.00000093939",
      "s" : "sell",
      "i" : "MOG_USDT",
      "m" : "4611686018428438274"
    }, {
      "d" : "1756443179077931918",
      "t" : 1756443179077,
      "tn" : 1756443179077931918,
      "q" : "1300000",
      "p" : "0.00000093939",
      "s" : "sell",
      "i" : "MOG_USDT",
      "m" : "4611686018428438273"
    }, {
      "d" : "1756443177564514062",
      "t" : 1756443177564,
      "tn" : 1756443177564514062,
      "q" : "1300000",
      "p" : "0.00000093939",
      "s" : "sell",
      "i" : "MOG_USDT",
      "m" : "4611686018428438272"
    }, {
      "d" : "1756443176990639618",
      "t" : 1756443176990,
      "tn" : 1756443176990639618,
      "q" : "1300000",
      "p" : "0.00000093939",
      "s" : "sell",
      "i" : "MOG_USDT",
      "m" : "4611686018428438271"
    }, {
      "d" : "1756443176473959460",
      "t" : 1756443176473,
      "tn" : 1756443176473959460,
      "q" : "1300000",
      "p" : "0.00000093939",
      "s" : "sell",
      "i" : "MOG_USDT",
      "m" : "4611686018428438270"
    }, {
      "d" : "1756443175908685753",
      "t" : 1756443175908,
      "tn" : 1756443175908685753,
      "q" : "1300000",
      "p" : "0.00000093939",
      "s" : "sell",
      "i" : "MOG_USDT",
      "m" : "4611686018428438269"
    }, {
      "d" : "1756443175653954595",
      "t" : 1756443175653,
      "tn" : 1756443175653954595,
      "q" : "1300000",
      "p" : "0.00000093939",
      "s" : "sell",
      "i" : "MOG_USDT",
      "m" : "4611686018428438268"
    }, {
      "d" : "1756443174889067788",
      "t" : 1756443174889,
      "tn" : 1756443174889067788,
      "q" : "1300000",
      "p" : "0.00000093939",
      "s" : "sell",
      "i" : "MOG_USDT",
      "m" : "4611686018428438267"
    }, {
      "d" : "1756442755536341527",
      "t" : 1756442755536,
      "tn" : 1756442755536341527,
      "q" : "1200000",
      "p" : "0.00000094056",
      "s" : "buy",
      "i" : "MOG_USDT",
      "m" : "4611686018428438266"
    }, {
      "d" : "1756442553914586043",
      "t" : 1756442553914,
      "tn" : 1756442553914586043,
      "q" : "1300000",
      "p" : "0.00000094234",
      "s" : "sell",
      "i" : "MOG_USDT",
      "m" : "4611686018428438265"
    }, {
      "d" : "1756442381944043387",
      "t" : 1756442381944,
      "tn" : 1756442381944043387,
      "q" : "1300000",
      "p" : "0.00000094121",
      "s" : "sell",
      "i" : "MOG_USDT",
      "m" : "4611686018428438264"
    }, {
      "d" : "1756442380932167516",
      "t" : 1756442380932,
      "tn" : 1756442380932167516,
      "q" : "1300000",
      "p" : "0.00000094121",
      "s" : "sell",
      "i" : "MOG_USDT",
      "m" : "4611686018428438263"
    }, {
      "d" : "1756442289404726549",
      "t" : 1756442289404,
      "tn" : 1756442289404726549,
      "q" : "1300000",
      "p" : "0.00000094044",
      "s" : "sell",
      "i" : "MOG_USDT",
      "m" : "4611686018428438262"
    }, {
      "d" : "1756442119303305448",
      "t" : 1756442119303,
      "tn" : 1756442119303305448,
      "q" : "1300000",
      "p" : "0.00000094334",
      "s" : "sell",
      "i" : "MOG_USDT",
      "m" : "4611686018428438261"
    }, {
      "d" : "1756442119047719069",
      "t" : 1756442119047,
      "tn" : 1756442119047719069,
      "q" : "1300000",
      "p" : "0.00000094344",
      "s" : "sell",
      "i" : "MOG_USDT",
      "m" : "4611686018428438260"
    }, {
      "d" : "1756441168660809823",
      "t" : 1756441168660,
      "tn" : 1756441168660809823,
      "q" : "1300000",
      "p" : "0.00000094523",
      "s" : "sell",
      "i" : "MOG_USDT",
      "m" : "4611686018428438259"
    }, {
      "d" : "1756439933381364512",
      "t" : 1756439933381,
      "tn" : 1756439933381364512,
      "q" : "1300000",
      "p" : "0.00000094349",
      "s" : "sell",
      "i" : "MOG_USDT",
      "m" : "4611686018428438258"
    }, {
      "d" : "1756439932880877281",
      "t" : 1756439932880,
      "tn" : 1756439932880877281,
      "q" : "1300000",
      "p" : "0.00000094349",
      "s" : "sell",
      "i" : "MOG_USDT",
      "m" : "4611686018428438257"
    }, {
      "d" : "1756439931867064166",
      "t" : 1756439931867,
      "tn" : 1756439931867064166,
      "q" : "1300000",
      "p" : "0.00000094349",
      "s" : "sell",
      "i" : "MOG_USDT",
      "m" : "4611686018428438256"
    }, {
      "d" : "1756439930858898207",
      "t" : 1756439930858,
      "tn" : 1756439930858898207,
      "q" : "1300000",
      "p" : "0.00000094349",
      "s" : "sell",
      "i" : "MOG_USDT",
      "m" : "4611686018428438255"
    }, {
      "d" : "1756439930353428056",
      "t" : 1756439930353,
      "tn" : 1756439930353428056,
      "q" : "1300000",
      "p" : "0.00000094349",
      "s" : "sell",
      "i" : "MOG_USDT",
      "m" : "4611686018428438254"
    }, {
      "d" : "1756439929609466208",
      "t" : 1756439929609,
      "tn" : 1756439929609466208,
      "q" : "1300000",
      "p" : "0.00000094349",
      "s" : "sell",
      "i" : "MOG_USDT",
      "m" : "4611686018428438253"
    }, {
      "d" : "1756439929350966672",
      "t" : 1756439929350,
      "tn" : 1756439929350966672,
      "q" : "1300000",
      "p" : "0.00000094349",
      "s" : "sell",
      "i" : "MOG_USDT",
      "m" : "4611686018428438252"
    }, {
      "d" : "1756439928839000394",
      "t" : 1756439928839,
      "tn" : 1756439928839000394,
      "q" : "1300000",
      "p" : "0.00000094354",
      "s" : "sell",
      "i" : "MOG_USDT",
      "m" : "4611686018428438251"
    }, {
      "d" : "1756439928110424394",
      "t" : 1756439928110,
      "tn" : 1756439928110424394,
      "q" : "1300000",
      "p" : "0.00000094354",
      "s" : "sell",
      "i" : "MOG_USDT",
      "m" : "4611686018428438250"
    }, {
      "d" : "1756439927844519000",
      "t" : 1756439927844,
      "tn" : 1756439927844519000,
      "q" : "1300000",
      "p" : "0.00000094354",
      "s" : "sell",
      "i" : "MOG_USDT",
      "m" : "4611686018428438249"
    }, {
      "d" : "1756439926630056733",
      "t" : 1756439926630,
      "tn" : 1756439926630056733,
      "q" : "1300000",
      "p" : "0.00000094354",
      "s" : "sell",
      "i" : "MOG_USDT",
      "m" : "4611686018428438248"
    }, {
      "d" : "1756439926377714696",
      "t" : 1756439926377,
      "tn" : 1756439926377714696,
      "q" : "1300000",
      "p" : "0.00000094354",
      "s" : "sell",
      "i" : "MOG_USDT",
      "m" : "4611686018428438247"
    }, {
      "d" : "1756439925825601172",
      "t" : 1756439925825,
      "tn" : 1756439925825601172,
      "q" : "1300000",
      "p" : "0.00000094354",
      "s" : "sell",
      "i" : "MOG_USDT",
      "m" : "4611686018428438246"
    }, {
      "d" : "1756439924801375043",
      "t" : 1756439924801,
      "tn" : 1756439924801375043,
      "q" : "1300000",
      "p" : "0.00000094354",
      "s" : "sell",
      "i" : "MOG_USDT",
      "m" : "4611686018428438245"
    }, {
      "d" : "1756439923698867095",
      "t" : 1756439923698,
      "tn" : 1756439923698867095,
      "q" : "1300000",
      "p" : "0.00000094354",
      "s" : "sell",
      "i" : "MOG_USDT",
      "m" : "4611686018428438244"
    }, {
      "d" : "1756439923184228966",
      "t" : 1756439923184,
      "tn" : 1756439923184228966,
      "q" : "1300000",
      "p" : "0.00000094354",
      "s" : "sell",
      "i" : "MOG_USDT",
      "m" : "4611686018428438243"
    }, {
      "d" : "1756439922908867082",
      "t" : 1756439922908,
      "tn" : 1756439922908867082,
      "q" : "1300000",
      "p" : "0.00000094354",
      "s" : "sell",
      "i" : "MOG_USDT",
      "m" : "4611686018428438242"
    }, {
      "d" : "1756439922657721152",
      "t" : 1756439922657,
      "tn" : 1756439922657721152,
      "q" : "1300000",
      "p" : "0.00000094354",
      "s" : "sell",
      "i" : "MOG_USDT",
      "m" : "4611686018428438241"
    }, {
      "d" : "1756439921867398337",
      "t" : 1756439921867,
      "tn" : 1756439921867398337,
      "q" : "1300000",
      "p" : "0.00000094354",
      "s" : "sell",
      "i" : "MOG_USDT",
      "m" : "4611686018428438240"
    }, {
      "d" : "1756439921612804905",
      "t" : 1756439921612,
      "tn" : 1756439921612804905,
      "q" : "1300000",
      "p" : "0.00000094354",
      "s" : "sell",
      "i" : "MOG_USDT",
      "m" : "4611686018428438239"
    }, {
      "d" : "1756439920839442713",
      "t" : 1756439920839,
      "tn" : 1756439920839442713,
      "q" : "1300000",
      "p" : "0.00000094354",
      "s" : "sell",
      "i" : "MOG_USDT",
      "m" : "4611686018428438238"
    }, {
      "d" : "1756439920566996388",
      "t" : 1756439920566,
      "tn" : 1756439920566996388,
      "q" : "1300000",
      "p" : "0.00000094354",
      "s" : "sell",
      "i" : "MOG_USDT",
      "m" : "4611686018428438237"
    }, {
      "d" : "1756439920312772781",
      "t" : 1756439920312,
      "tn" : 1756439920312772781,
      "q" : "1300000",
      "p" : "0.00000094354",
      "s" : "sell",
      "i" : "MOG_USDT",
      "m" : "4611686018428438236"
    }, {
      "d" : "1756439920059418640",
      "t" : 1756439920059,
      "tn" : 1756439920059418640,
      "q" : "1300000",
      "p" : "0.00000094354",
      "s" : "sell",
      "i" : "MOG_USDT",
      "m" : "4611686018428438235"
    }, {
      "d" : "1756439918759924024",
      "t" : 1756439918759,
      "tn" : 1756439918759924024,
      "q" : "1300000",
      "p" : "0.00000094364",
      "s" : "sell",
      "i" : "MOG_USDT",
      "m" : "4611686018428438234"
    }, {
      "d" : "1756439872723485656",
      "t" : 1756439872723,
      "tn" : 1756439872723485656,
      "q" : "1300000",
      "p" : "0.00000094414",
      "s" : "sell",
      "i" : "MOG_USDT",
      "m" : "4611686018428438233"
    }, {
      "d" : "1756439862703455936",
      "t" : 1756439862703,
      "tn" : 1756439862703455936,
      "q" : "1300000",
      "p" : "0.00000094414",
      "s" : "sell",
      "i" : "MOG_USDT",
      "m" : "4611686018428438232"
    }, {
      "d" : "1756439859069990769",
      "t" : 1756439859069,
      "tn" : 1756439859069990769,
      "q" : "1300000",
      "p" : "0.00000094414",
      "s" : "sell",
      "i" : "MOG_USDT",
      "m" : "4611686018428438231"
    }, {
      "d" : "1756439814628080219",
      "t" : 1756439814628,
      "tn" : 1756439814628080219,
      "q" : "1300000",
      "p" : "0.00000094383",
      "s" : "sell",
      "i" : "MOG_USDT",
      "m" : "4611686018428438230"
    }, {
      "d" : "1756439813549352939",
      "t" : 1756439813549,
      "tn" : 1756439813549352939,
      "q" : "1300000",
      "p" : "0.00000094383",
      "s" : "sell",
      "i" : "MOG_USDT",
      "m" : "4611686018428438229"
    } ]
  }
}