{
  "id" : -1,
  "method" : "public/get-trades",
  "code" : 0,
  "result" : {
    "data" : [ {
      "d" : "1756461163391905646",
      "t" : 1756461163391,
      "tn" : 1756461163391905646,
      "q" : "1000000",
      "p" : "0.00000087377",
      "s" : "buy",
      "i" : "MOG_USD",
      "m" : "4611686018428901654"
    }, {
      "d" : "1756458181745916890",
      "t" : 1756458181745,
      "tn" : 1756458181745916890,
      "q" : "2259300000",
      "p" : "0.00000086230",
      "s" : "sell",
      "i" : "MOG_USD",
      "m" : "4611686018428901653"
    }, {
      "d" : "1756458181745914650",
      "t" : 1756458181745,
      "tn" : 1756458181745914650,
      "q" : "1300000",
      "p" : "0.00000086333",
      "s" : "sell",
      "i" : "MOG_USD",
      "m" : "4611686018428901652"
    }, {
      "d" : "1756458181745911721",
      "t" : 1756458181745,
      "tn" : 1756458181745911721,
      "q" : "36100000",
      "p" : "0.00000086369",
      "s" : "sell",
      "i" : "MOG_USD",
      "m" : "4611686018428901651"
    }, {
      "d" : "1756458181122304422",
      "t" : 1756458181122,
      "tn" : 1756458181122304422,
      "q" : "2600000",
      "p" : "0.00000086527",
      "s" : "sell",
      "i" : "MOG_USD",
      "m" : "4611686018428901650"
    }, {
      "d" : "1756458151354938096",
      "t" : 1756458151354,
      "tn" : 1756458151354938096,
      "q" : "287300000",
      "p" : "0.00000087000",
      "s" : "sell",
      "i" : "MOG_USD",
      "m" : "4611686018428901649"
    }, {
      "d" : "1756458028803124731",
      "t" : 1756458028803,
      "tn" : 1756458028803124731,
      "q" : "25200000",
      "p" : "0.00000087300",
      "s" : "buy",
      "i" : "MOG_USD",
      "m" : "4611686018428901648"
    }, {
      "d" : "1756458028599265522",
      "t" : 1756458028599,
      "tn" : 1756458028599265522,
      "q" : "327300000",
      "p" : "0.00000087300",
      "s" : "buy",
      "i" : "MOG_USD",
      "m" : "4611686018428901647"
    }, {
      "d" : "1756456963252717022",
      "t" : 1756456963252,
      "tn" : 1756456963252717022,
      "q" : "69100000",
      "p" : "0.00000088244",
      "s" : "buy",
      "i" : "MOG_USD",
      "m" : "4611686018428901646"
    }, {
      "d" : "1756456963252714610",
      "t" : 1756456963252,
      "tn" : 1756456963252714610,
      "q" : "1300000",
      "p" : "0.00000088003",
      "s" : "buy",
      "i" : "MOG_USD",
      "m" : "4611686018428901645"
    }, {
      "d" : "1756456937779180343",
      "t" : 1756456937779,
      "tn" : 1756456937779180343,
      "q" : "86100000",
      "p" : "0.00000087837",
      "s" : "sell",
      "i" : "MOG_USD",
      "m" : "4611686018428901644"
    }, {
      "d" : "1756456937779177752",
      "t" : 1756456937779,
      "tn" : 1756456937779177752,
      "q" : "1300000",
      "p" : "0.00000087899",
      "s" : "sell",
      "i" : "MOG_USD",
      "m" : "4611686018428901643"
    }, {
      "d" : "1756455611104838513",
      "t" : 1756455611104,
      "tn" : 1756455611104838513,
      "q" : "2700000",
      "p" : "0.00000088460",
      "s" : "sell",
      "i" : "MOG_USD",
      "m" : "4611686018428901642"
    }, {
      "d" : "1756455551103637587",
      "t" : 1756455551103,
      "tn" : 1756455551103637587,
      "q" : "1100000",
      "p" : "0.00000089052",
      "s" : "buy",
      "i" : "MOG_USD",
      "m" : "4611686018428901641"
    }, {
      "d" : "1756455551103635005",
      "t" : 1756455551103,
      "tn" : 1756455551103635005,
      "q" : "1300000",
      "p" : "0.00000088842",
      "s" : "buy",
      "i" : "MOG_USD",
      "m" : "4611686018428901640"
    }, {
      "d" : "1756455549788088090",
      "t" : 1756455549788,
      "tn" : 1756455549788088090,
      "q" : "300000",
      "p" : "0.00000088637",
      "s" : "sell",
      "i" : "MOG_USD",
      "m" : "4611686018428901639"
    }, {
      "d" : "1756455549788086206",
      "t" : 1756455549788,
      "tn" : 1756455549788086206,
      "q" : "1300000",
      "p" : "0.00000088772",
      "s" : "sell",
      "i" : "MOG_USD",
      "m" : "4611686018428901638"
    }, {
      "d" : "1756455498761500674",
      "t" : 1756455498761,
      "tn" : 1756455498761500674,
      "q" : "16100000",
      "p" : "0.00000089205",
      "s" : "buy",
      "i" : "MOG_USD",
      "m" : "4611686018428901637"
    }, {
      "d" : "1756455498761498333",
      "t" : 1756455498761,
      "tn" : 1756455498761498333,
      "q" : "1300000",
      "p" : "0.00000089002",
      "s" : "buy",
      "i" : "MOG_USD",
      "m" : "4611686018428901636"
    }, {
      "d" : "1756454970981516324",
      "t" : 1756454970981,
      "tn" : 1756454970981516324,
      "q" : "6200000",
      "p" : "0.00000089148",
      "s" : "sell",
      "i" : "MOG_USD",
      "m" : "4611686018428901635"
    }, {
      "d" : "1756454316220040642",
      "t" : 1756454316220,
      "tn" : 1756454316220040642,
      "q" : "3700000",
      "p" : "0.00000089215",
      "s" : "sell",
      "i" : "MOG_USD",
      "m" : "4611686018428901634"
    }, {
      "d" : "1756451623423117602",
      "t" : 1756451623423,
      "tn" : 1756451623423117602,
      "q" : "58500000",
      "p" : "0.00000089832",
      "s" : "sell",
      "i" : "MOG_USD",
      "m" : "4611686018428901633"
    }, {
      "d" : "1756451622788785594",
      "t" : 1756451622788,
      "tn" : 1756451622788785594,
      "q" : "1300000",
      "p" : "0.00000089897",
      "s" : "buy",
      "i" : "MOG_USD",
      "m" : "4611686018428901632"
    }, {
      "d" : "1756451622683071982",
      "t" : 1756451622683,
      "tn" : 1756451622683071982,
      "q" : "1300000",
      "p" : "0.00000089897",
      "s" : "buy",
      "i" : "MOG_USD",
      "m" : "4611686018428901631"
    }, {
      "d" : "1756451622527547260",
      "t" : 1756451622527,
      "tn" : 1756451622527547260,
      "q" : "1300000",
      "p" : "0.00000089897",
      "s" : "buy",
      "i" : "MOG_USD",
      "m" : "4611686018428901630"
    }, {
      "d" : "1756451622411320644",
      "t" : 1756451622411,
      "tn" : 1756451622411320644,
      "q" : "1300000",
      "p" : "0.00000089897",
      "s" : "buy",
      "i" : "MOG_USD",
      "m" : "4611686018428901629"
    }, {
      "d" : "1756451622251024564",
      "t" : 1756451622251,
      "tn" : 1756451622251024564,
      "q" : "1300000",
      "p" : "0.00000089897",
      "s" : "buy",
      "i" : "MOG_USD",
      "m" : "4611686018428901628"
    }, {
      "d" : "1756451622130958330",
      "t" : 1756451622130,
      "tn" : 1756451622130958330,
      "q" : "1300000",
      "p" : "0.00000089897",
      "s" : "buy",
      "i" : "MOG_USD",
      "m" : "4611686018428901627"
    }, {
      "d" : "1756451622020938500",
      "t" : 1756451622020,
      "tn" : 1756451622020938500,
      "q" : "1300000",
      "p" : "0.00000089897",
      "s" : "buy",
      "i" : "MOG_USD",
      "m" : "4611686018428901626"
    }, {
      "d" : "1756451621614645282",
      "t" : 1756451621614,
      "tn" : 1756451621614645282,
      "q" : "1300000",
      "p" : "0.00000089897",
      "s" : "buy",
      "i" : "MOG_USD",
      "m" : "4611686018428901625"
    }, {
      "d" : "1756451619971735338",
      "t" : 1756451619971,
      "tn" : 1756451619971735338,
      "q" : "64000000",
      "p" : "0.00000090000",
      "s" : "sell",
      "i" : "MOG_USD",
      "m" : "4611686018428901624"
    }, {
      "d" : "1756451423955480561",
      "t" : 1756451423955,
      "tn" : 1756451423955480561,
      "q" : "13900000",
      "p" : "0.00000090826",
      "s" : "sell",
      "i" : "MOG_USD",
      "m" : "4611686018428901623"
    }, {
      "d" : "1756450900888394921",
      "t" : 1756450900888,
      "tn" : 1756450900888394919,
      "q" : "669000000",
      "p" : "0.00000090000",
      "s" : "sell",
      "i" : "MOG_USD",
      "m" : "4611686018428901622"
    }, {
      "d" : "1756450900888394920",
      "t" : 1756450900888,
      "tn" : 1756450900888394919,
      "q" : "20000000",
      "p" : "0.00000090000",
      "s" : "sell",
      "i" : "MOG_USD",
      "m" : "4611686018428901622"
    }, {
      "d" : "1756450900888394919",
      "t" : 1756450900888,
      "tn" : 1756450900888394919,
      "q" : "2300000",
      "p" : "0.00000090000",
      "s" : "sell",
      "i" : "MOG_USD",
      "m" : "4611686018428901622"
    }, {
      "d" : "1756450900888390827",
      "t" : 1756450900888,
      "tn" : 1756450900888390827,
      "q" : "250300000",
      "p" : "0.00000090359",
      "s" : "sell",
      "i" : "MOG_USD",
      "m" : "4611686018428901621"
    }, {
      "d" : "1756450900888388478",
      "t" : 1756450900888,
      "tn" : 1756450900888388478,
      "q" : "1300000",
      "p" : "0.00000090601",
      "s" : "sell",
      "i" : "MOG_USD",
      "m" : "4611686018428901620"
    }, {
      "d" : "1756450900210208231",
      "t" : 1756450900210,
      "tn" : 1756450900210208230,
      "q" : "105900000",
      "p" : "0.00000090800",
      "s" : "sell",
      "i" : "MOG_USD",
      "m" : "4611686018428901619"
    }, {
      "d" : "1756450900210208230",
      "t" : 1756450900210,
      "tn" : 1756450900210208230,
      "q" : "220200000",
      "p" : "0.00000090800",
      "s" : "sell",
      "i" : "MOG_USD",
      "m" : "4611686018428901619"
    }, {
      "d" : "1756450895816263725",
      "t" : 1756450895816,
      "tn" : 1756450895816263725,
      "q" : "1300000",
      "p" : "0.00000091528",
      "s" : "buy",
      "i" : "MOG_USD",
      "m" : "4611686018428901618"
    }, {
      "d" : "1756450895700785210",
      "t" : 1756450895700,
      "tn" : 1756450895700785210,
      "q" : "1300000",
      "p" : "0.00000091528",
      "s" : "buy",
      "i" : "MOG_USD",
      "m" : "4611686018428901617"
    }, {
      "d" : "1756448634582206915",
      "t" : 1756448634582,
      "tn" : 1756448634582206915,
      "q" : "124400000",
      "p" : "0.00000092139",
      "s" : "sell",
      "i" : "MOG_USD",
      "m" : "4611686018428901616"
    }, {
      "d" : "1756448634572413368",
      "t" : 1756448634572,
      "tn" : 1756448634572413368,
      "q" : "1300000",
      "p" : "0.00000092139",
      "s" : "buy",
      "i" : "MOG_USD",
      "m" : "4611686018428901615"
    }, {
      "d" : "1756442928716871476",
      "t" : 1756442928716,
      "tn" : 1756442928716871476,
      "q" : "9700000",
      "p" : "0.00000094350",
      "s" : "buy",
      "i" : "MOG_USD",
      "m" : "4611686018428901614"
    }, {
      "d" : "1756442928716869456",
      "t" : 1756442928716,
      "tn" : 1756442928716869456,
      "q" : "1300000",
      "p" : "0.00000094161",
      "s" : "buy",
      "i" : "MOG_USD",
      "m" : "4611686018428901613"
    }, {
      "d" : "1756442755535335568",
      "t" : 1756442755535,
      "tn" : 1756442755535335568,
      "q" : "1200000",
      "p" : "0.00000094178",
      "s" : "sell",
      "i" : "MOG_USD",
      "m" : "4611686018428901612"
    }, {
      "d" : "1756439123939449811",
      "t" : 1756439123939,
      "tn" : 1756439123939449811,
      "q" : "3800000",
      "p" : "0.00000094389",
      "s" : "buy",
      "i" : "MOG_USD",
      "m" : "4611686018428901611"
    }, {
      "d" : "1756439123939447628",
      "t" : 1756439123939,
      "tn" : 1756439123939447628,
      "q" : "1300000",
      "p" : "0.00000094060",
      "s" : "buy",
      "i" : "MOG_USD",
      "m" : "4611686018428901610"
    }, {
      "d" : "1756438685844874731",
      "t" : 1756438685844,
      "tn" : 1756438685844874731,
      "q" : "1300000",
      "p" : "0.00000094297",
      "s" : "sell",
      "i" : "MOG_USD",
      "m" : "4611686018428901609"
    }, {
      "d" : "1756427431161264119",
      "t" : 1756427431161,
      "tn" : 1756427431161264119,
      "q" : "73500000",
      "p" : "0.00000094645",
      "s" : "sell",
      "i" : "MOG_USD",
      "m" : "4611686018428901608"
    }, {
      "d" : "1756425640600571730",
      "t" : 1756425640600,
      "tn" : 1756425640600571730,
      "q" : "1100000",
      "p" : "0.00000094372",
      "s" : "sell",
      "i" : "MOG_USD",
      "m" : "4611686018428901607"
    }, {
      "d" : "1756425359756934127",
      "t" : 1756425359756,
      "tn" : 1756425359756934127,
      "q" : "169100000",
      "p" : "0.00000094568",
      "s" : "sell",
      "i" : "MOG_USD",
      "m" : "4611686018428901606"
    }, {
      "d" : "1756425359756932208",
      "t" : 1756425359756,
      "tn" : 1756425359756932208,
      "q" : "136900000",
      "p" : "0.00000094569",
      "s" : "sell",
      "i" : "MOG_USD",
      "m" : "4611686018428901605"
    }, {
      "d" : "1756425086706875322",
      "t" : 1756425086706,
      "tn" : 1756425086706875322,
      "q" : "120600000",
      "p" : "0.00000094255",
      "s" : "sell",
      "i" : "MOG_USD",
      "m" : "4611686018428901604"
    }, {
      "d" : "1756425086706873087",
      "t" : 1756425086706,
      "tn" : 1756425086706873087,
      "q" : "1300000",
      "p" : "0.00000094377",
      "s" : "sell",
      "i" : "MOG_USD",
      "m" : "4611686018428901603"
    }, {
      "d" : "1756421194818947454",
      "t" : 1756421194818,
      "tn" : 1756421194818947454,
      "q" : "3900000",
      "p" : "0.00000094571",
      "s" : "buy",
      "i" : "MOG_USD",
      "m" : "4611686018428901602"
    }, {
      "d" : "1756421194818945202",
      "t" : 1756421194818,
      "tn" : 1756421194818945202,
      "q" : "264400000",
      "p" : "0.00000094570",
      "s" : "buy",
      "i" : "MOG_USD",
      "m" : "4611686018428901601"
    }, {
      "d" : "1756420772102344636",
      "t" : 1756420772102,
      "tn" : 1756420772102344636,
      "q" : "263500000",
      "p" : "0.00000094875",
      "s" : "buy",
      "i" : "MOG_USD",
      "m" : "4611686018428901600"
    }, {
      "d" : "1756420319527824223",
      "t" : 1756420319527,
      "tn" : 1756420319527824223,
      "q" : "1300000",
      "p" : "0.00000095112",
      "s" : "sell",
      "i" : "MOG_USD",
      "m" : "4611686018428901599"
    }, {
      "d" : "1756420319061118331",
      "t" : 1756420319061,
      "tn" : 1756420319061118331,
      "q" : "1300000",
      "p" : "0.00000095112",
      "s" : "sell",
      "i" : "MOG_USD",
      "m" : "4611686018428901598"
    }, {
      "d" : "1756420318910955107",
      "t" : 1756420318910,
      "tn" : 1756420318910955107,
      "q" : "1300000",
      "p" : "0.00000095112",
      "s" : "sell",
      "i" : "MOG_USD",
      "m" : "4611686018428901597"
    }, {
      "d" : "1756420318615151764",
      "t" : 1756420318615,
      "tn" : 1756420318615151764,
      "q" : "1300000",
      "p" : "0.00000095112",
      "s" : "sell",
      "i" : "MOG_USD",
      "m" : "4611686018428901596"
    }, {
      "d" : "1756420318530346085",
      "t" : 1756420318530,
      "tn" : 1756420318530346085,
      "q" : "1300000",
      "p" : "0.00000095112",
      "s" : "sell",
      "i" : "MOG_USD",
      "m" : "4611686018428901595"
    }, {
      "d" : "1756420317572290963",
      "t" : 1756420317572,
      "tn" : 1756420317572290963,
      "q" : "1300000",
      "p" : "0.00000095107",
      "s" : "sell",
      "i" : "MOG_USD",
      "m" : "4611686018428901594"
    }, {
      "d" : "1756420317527367434",
      "t" : 1756420317527,
      "tn" : 1756420317527367434,
      "q" : "1300000",
      "p" : "0.00000095107",
      "s" : "sell",
      "i" : "MOG_USD",
      "m" : "4611686018428901593"
    }, {
      "d" : "1756420313125281618",
      "t" : 1756420313125,
      "tn" : 1756420313125281618,
      "q" : "1300000",
      "p" : "0.00000095117",
      "s" : "sell",
      "i" : "MOG_USD",
      "m" : "4611686018428901592"
    }, {
      "d" : "1756420242856144969",
      "t" : 1756420242856,
      "tn" : 1756420242856144969,
      "q" : "900000",
      "p" : "0.00000094914",
      "s" : "sell",
      "i" : "MOG_USD",
      "m" : "4611686018428901591"
    }, {
      "d" : "1756420242856142930",
      "t" : 1756420242856,
      "tn" : 1756420242856142930,
      "q" : "1300000",
      "p" : "0.00000094927",
      "s" : "sell",
      "i" : "MOG_USD",
      "m" : "4611686018428901590"
    }, {
      "d" : "1756420212855339491",
      "t" : 1756420212855,
      "tn" : 1756420212855339491,
      "q" : "1000000",
      "p" : "0.00000095198",
      "s" : "buy",
      "i" : "MOG_USD",
      "m" : "4611686018428901589"
    }, {
      "d" : "1756420212855337098",
      "t" : 1756420212855,
      "tn" : 1756420212855337098,
      "q" : "1300000",
      "p" : "0.00000094951",
      "s" : "buy",
      "i" : "MOG_USD",
      "m" : "4611686018428901588"
    }, {
      "d" : "1756420182854716201",
      "t" : 1756420182854,
      "tn" : 1756420182854716201,
      "q" : "2200000",
      "p" : "0.00000094642",
      "s" : "sell",
      "i" : "MOG_USD",
      "m" : "4611686018428901587"
    }, {
      "d" : "1756420152854067892",
      "t" : 1756420152854,
      "tn" : 1756420152854067892,
      "q" : "2300000",
      "p" : "0.00000095196",
      "s" : "buy",
      "i" : "MOG_USD",
      "m" : "4611686018428901586"
    }, {
      "d" : "1756420122853476593",
      "t" : 1756420122853,
      "tn" : 1756420122853476593,
      "q" : "2200000",
      "p" : "0.00000094834",
      "s" : "sell",
      "i" : "MOG_USD",
      "m" : "4611686018428901585"
    }, {
      "d" : "1756420092852875109",
      "t" : 1756420092852,
      "tn" : 1756420092852875109,
      "q" : "1000000",
      "p" : "0.00000094949",
      "s" : "buy",
      "i" : "MOG_USD",
      "m" : "4611686018428901584"
    }, {
      "d" : "1756420092852873198",
      "t" : 1756420092852,
      "tn" : 1756420092852873198,
      "q" : "1300000",
      "p" : "0.00000094851",
      "s" : "buy",
      "i" : "MOG_USD",
      "m" : "4611686018428901583"
    }, {
      "d" : "1756420062852321685",
      "t" : 1756420062852,
      "tn" : 1756420062852321685,
      "q" : "900000",
      "p" : "0.00000094772",
      "s" : "sell",
      "i" : "MOG_USD",
      "m" : "4611686018428901582"
    }, {
      "d" : "1756420062852319841",
      "t" : 1756420062852,
      "tn" : 1756420062852319841,
      "q" : "1300000",
      "p" : "0.00000094777",
      "s" : "sell",
      "i" : "MOG_USD",
      "m" : "4611686018428901581"
    }, {
      "d" : "1756420032851705355",
      "t" : 1756420032851,
      "tn" : 1756420032851705355,
      "q" : "1000000",
      "p" : "0.00000094804",
      "s" : "buy",
      "i" : "MOG_USD",
      "m" : "4611686018428901580"
    }, {
      "d" : "1756420032851703046",
      "t" : 1756420032851,
      "tn" : 1756420032851703046,
      "q" : "1300000",
      "p" : "0.00000094796",
      "s" : "buy",
      "i" : "MOG_USD",
      "m" : "4611686018428901579"
    }, {
      "d" : "1756420002851137274",
      "t" : 1756420002851,
      "tn" : 1756420002851137274,
      "q" : "2200000",
      "p" : "0.00000094722",
      "s" : "sell",
      "i" : "MOG_USD",
      "m" : "4611686018428901578"
    }, {
      "d" : "1756419972850671907",
      "t" : 1756419972850,
      "tn" : 1756419972850671907,
      "q" : "2300000",
      "p" : "0.00000094771",
      "s" : "buy",
      "i" : "MOG_USD",
      "m" : "4611686018428901577"
    }, {
      "d" : "1756419942850082387",
      "t" : 1756419942850,
      "tn" : 1756419942850082387,
      "q" : "900000",
      "p" : "0.00000094663",
      "s" : "sell",
      "i" : "MOG_USD",
      "m" : "4611686018428901576"
    }, {
      "d" : "1756419942850080324",
      "t" : 1756419942850,
      "tn" : 1756419942850080324,
      "q" : "1300000",
      "p" : "0.00000094692",
      "s" : "sell",
      "i" : "MOG_USD",
      "m" : "4611686018428901575"
    }, {
      "d" : "1756419912849722023",
      "t" : 1756419912849,
      "tn" : 1756419912849722023,
      "q" : "1000000",
      "p" : "0.00000094764",
      "s" : "buy",
      "i" : "MOG_USD",
      "m" : "4611686018428901574"
    }, {
      "d" : "1756419912849719791",
      "t" : 1756419912849,
      "tn" : 1756419912849719791,
      "q" : "1300000",
      "p" : "0.00000094751",
      "s" : "buy",
      "i" : "MOG_USD",
      "m" : "4611686018428901573"
    }, {
      "d" : "1756419882848813881",
      "t" : 1756419882848,
      "tn" : 1756419882848813881,
      "q" : "900000",
      "p" : "0.00000094705",
      "s" : "sell",
      "i" : "MOG_USD",
      "m" : "4611686018428901572"
    }, {
      "d" : "1756419882848811693",
      "t" : 1756419882848,
      "tn" : 1756419882848811693,
      "q" : "1300000",
      "p" : "0.00000094717",
      "s" : "sell",
      "i" : "MOG_USD",
      "m" : "4611686018428901571"
    }, {
      "d" : "1756419852848263046",
      "t" : 1756419852848,
      "tn" : 1756419852848263046,
      "q" : "2300000",
      "p" : "0.00000094786",
      "s" : "buy",
      "i" : "MOG_USD",
      "m" : "4611686018428901570"
    }, {
      "d" : "1756419822847613042",
      "t" : 1756419822847,
      "tn" : 1756419822847613042,
      "q" : "2700000",
      "p" : "0.00000094637",
      "s" : "sell",
      "i" : "MOG_USD",
      "m" : "4611686018428901569"
    }, {
      "d" : "1756419792846990895",
      "t" : 1756419792846,
      "tn" : 1756419792846990895,
      "q" : "1000000",
      "p" : "0.00000094693",
      "s" : "buy",
      "i" : "MOG_USD",
      "m" : "4611686018428901568"
    }, {
      "d" : "1756419792846988658",
      "t" : 1756419792846,
      "tn" : 1756419792846988658,
      "q" : "1300000",
      "p" : "0.00000094691",
      "s" : "buy",
      "i" : "MOG_USD",
      "m" : "4611686018428901567"
    }, {
      "d" : "1756419749527429992",
      "t" : 1756419749527,
      "tn" : 1756419749527429992,
      "q" : "1300000",
      "p" : "0.00000094562",
      "s" : "sell",
      "i" : "MOG_USD",
      "m" : "4611686018428901566"
    }, {
      "d" : "1756419749447162249",
      "t" : 1756419749447,
      "tn" : 1756419749447162249,
      "q" : "1300000",
      "p" : "0.00000094562",
      "s" : "sell",
      "i" : "MOG_USD",
      "m" : "4611686018428901565"
    }, {
      "d" : "1756419749437142554",
      "t" : 1756419749437,
      "tn" : 1756419749437142554,
      "q" : "1300000",
      "p" : "0.00000094562",
      "s" : "sell",
      "i" : "MOG_USD",
      "m" : "4611686018428901564"
    }, {
      "d" : "1756419749427296705",
      "t" : 1756419749427,
      "tn" : 1756419749427296705,
      "q" : "1300000",
      "p" : "0.00000094562",
      "s" : "sell",
      "i" : "MOG_USD",
      "m" : "4611686018428901563"
    }, {
      "d" : "1756419749310947874",
      "t" : 1756419749310,
      "tn" : 1756419749310947874,
      "q" : "1300000",
      "p" : "0.00000094562",
      "s" : "sell",
      "i" : "MOG_USD",
      "m" : "4611686018428901562"
    }, {
      "d" : "1756419749190884415",
      "t" : 1756419749190,
      "tn" : 1756419749190884415,
      "q" : "1300000",
      "p" : "0.00000094562",
      "s" : "sell",
      "i" : "MOG_USD",
      "m" : "4611686018428901561"
    }, {
      "d" : "1756419749150829939",
      "t" : 1756419749150,
      "tn" : 1756419749150829939,
      "q" : "1300000",
      "p" : "0.00000094562",
      "s" : "sell",
      "i" : "MOG_USD",
      "m" : "4611686018428901560"
    }, {
      "d" : "1756419749050828654",
      "t" : 1756419749050,
      "tn" : 1756419749050828654,
      "q" : "1300000",
      "p" : "0.00000094562",
      "s" : "sell",
      "i" : "MOG_USD",
      "m" : "4611686018428901559"
    }, {
      "d" : "1756419748930481253",
      "t" : 1756419748930,
      "tn" : 1756419748930481253,
      "q" : "1300000",
      "p" : "0.00000094562",
      "s" : "sell",
      "i" : "MOG_USD",
      "m" : "4611686018428901558"
    }, {
      "d" : "1756419748890487951",
      "t" : 1756419748890,
      "tn" : 1756419748890487951,
      "q" : "1300000",
      "p" : "0.00000094562",
      "s" : "sell",
      "i" : "MOG_USD",
      "m" : "4611686018428901557"
    }, {
      "d" : "1756419748771047479",
      "t" : 1756419748771,
      "tn" : 1756419748771047479,
      "q" : "1300000",
      "p" : "0.00000094562",
      "s" : "sell",
      "i" : "MOG_USD",
      "m" : "4611686018428901556"
    }, {
      "d" : "1756419748669779011",
      "t" : 1756419748669,
      "tn" : 1756419748669779011,
      "q" : "1300000",
      "p" : "0.00000094562",
      "s" : "sell",
      "i" : "MOG_USD",
      "m" : "4611686018428901555"
    }, {
      "d" : "1756419748589642735",
      "t" : 1756419748589,
      "tn" : 1756419748589642735,
      "q" : "1300000",
      "p" : "0.00000094562",
      "s" : "sell",
      "i" : "MOG_USD",
      "m" : "4611686018428901554"
    }, {
      "d" : "1756419748529594135",
      "t" : 1756419748529,
      "tn" : 1756419748529594135,
      "q" : "1300000",
      "p" : "0.00000094562",
      "s" : "sell",
      "i" : "MOG_USD",
      "m" : "4611686018428901553"
    }, {
      "d" : "1756419748490055186",
      "t" : 1756419748490,
      "tn" : 1756419748490055186,
      "q" : "1300000",
      "p" : "0.00000094562",
      "s" : "sell",
      "i" : "MOG_USD",
      "m" : "4611686018428901552"
    }, {
      "d" : "1756419065456286732",
      "t" : 1756419065456,
      "tn" : 1756419065456286732,
      "q" : "90200000",
      "p" : "0.00000094163",
      "s" : "sell",
      "i" : "MOG_USD",
      "m" : "4611686018428901551"
    }, {
      "d" : "1756419050027234098",
      "t" : 1756419050027,
      "tn" : 1756419050027234098,
      "q" : "10700000",
      "p" : "0.00000094265",
      "s" : "sell",
      "i" : "MOG_USD",
      "m" : "4611686018428901550"
    }, {
      "d" : "1756418369921742963",
      "t" : 1756418369921,
      "tn" : 1756418369921742963,
      "q" : "10800000",
      "p" : "0.00000093440",
      "s" : "sell",
      "i" : "MOG_USD",
      "m" : "4611686018428901549"
    }, {
      "d" : "1756417584056103865",
      "t" : 1756417584056,
      "tn" : 1756417584056103865,
      "q" : "1300000",
      "p" : "0.00000093233",
      "s" : "sell",
      "i" : "MOG_USD",
      "m" : "4611686018428901548"
    }, {
      "d" : "1756417584056101477",
      "t" : 1756417584056,
      "tn" : 1756417584056101477,
      "q" : "268000000",
      "p" : "0.00000093234",
      "s" : "sell",
      "i" : "MOG_USD",
      "m" : "4611686018428901547"
    }, {
      "d" : "1756417578607654229",
      "t" : 1756417578607,
      "tn" : 1756417578607654229,
      "q" : "265400000",
      "p" : "0.00000093259",
      "s" : "sell",
      "i" : "MOG_USD",
      "m" : "4611686018428901546"
    }, {
      "d" : "1756417578361333484",
      "t" : 1756417578361,
      "tn" : 1756417578361333484,
      "q" : "2500000",
      "p" : "0.00000093259",
      "s" : "sell",
      "i" : "MOG_USD",
      "m" : "4611686018428901545"
    }, {
      "d" : "1756417578361331442",
      "t" : 1756417578361,
      "tn" : 1756417578361331442,
      "q" : "267100000",
      "p" : "0.00000093260",
      "s" : "sell",
      "i" : "MOG_USD",
      "m" : "4611686018428901544"
    }, {
      "d" : "1756417578084529377",
      "t" : 1756417578084,
      "tn" : 1756417578084529377,
      "q" : "275600000",
      "p" : "0.00000093260",
      "s" : "sell",
      "i" : "MOG_USD",
      "m" : "4611686018428901543"
    }, {
      "d" : "1756417568787092545",
      "t" : 1756417568787,
      "tn" : 1756417568787092545,
      "q" : "1300000",
      "p" : "0.00000093342",
      "s" : "sell",
      "i" : "MOG_USD",
      "m" : "4611686018428901542"
    }, {
      "d" : "1756417568288519424",
      "t" : 1756417568288,
      "tn" : 1756417568288519424,
      "q" : "1300000",
      "p" : "0.00000093342",
      "s" : "sell",
      "i" : "MOG_USD",
      "m" : "4611686018428901541"
    }, {
      "d" : "1756417568032199751",
      "t" : 1756417568032,
      "tn" : 1756417568032199751,
      "q" : "1300000",
      "p" : "0.00000093342",
      "s" : "sell",
      "i" : "MOG_USD",
      "m" : "4611686018428901540"
    }, {
      "d" : "1756417567776526569",
      "t" : 1756417567776,
      "tn" : 1756417567776526569,
      "q" : "1300000",
      "p" : "0.00000093342",
      "s" : "sell",
      "i" : "MOG_USD",
      "m" : "4611686018428901539"
    }, {
      "d" : "1756417567009616221",
      "t" : 1756417567009,
      "tn" : 1756417567009616221,
      "q" : "1300000",
      "p" : "0.00000093342",
      "s" : "sell",
      "i" : "MOG_USD",
      "m" : "4611686018428901538"
    }, {
      "d" : "1756414343290227687",
      "t" : 1756414343290,
      "tn" : 1756414343290227687,
      "q" : "8700000",
      "p" : "0.00000091630",
      "s" : "sell",
      "i" : "MOG_USD",
      "m" : "4611686018428901537"
    }, {
      "d" : "1756414343290225180",
      "t" : 1756414343290,
      "tn" : 1756414343290225180,
      "q" : "1300000",
      "p" : "0.00000091843",
      "s" : "sell",
      "i" : "MOG_USD",
      "m" : "4611686018428901536"
    }, {
      "d" : "1756412633736457755",
      "t" : 1756412633736,
      "tn" : 1756412633736457755,
      "q" : "200000000",
      "p" : "0.00000092000",
      "s" : "sell",
      "i" : "MOG_USD",
      "m" : "4611686018428901535"
    }, {
      "d" : "1756412416777968280",
      "t" : 1756412416777,
      "tn" : 1756412416777968280,
      "q" : "271700000",
      "p" : "0.00000091934",
      "s" : "sell",
      "i" : "MOG_USD",
      "m" : "4611686018428901534"
    }, {
      "d" : "1756411217554862127",
      "t" : 1756411217554,
      "tn" : 1756411217554862127,
      "q" : "1300000",
      "p" : "0.00000091393",
      "s" : "sell",
      "i" : "MOG_USD",
      "m" : "4611686018428901533"
    }, {
      "d" : "1756411217300254159",
      "t" : 1756411217300,
      "tn" : 1756411217300254159,
      "q" : "1300000",
      "p" : "0.00000091393",
      "s" : "sell",
      "i" : "MOG_USD",
      "m" : "4611686018428901532"
    }, {
      "d" : "1756411216939653935",
      "t" : 1756411216939,
      "tn" : 1756411216939653935,
      "q" : "1300000",
      "p" : "0.00000091393",
      "s" : "sell",
      "i" : "MOG_USD",
      "m" : "4611686018428901531"
    }, {
      "d" : "1756411216688960755",
      "t" : 1756411216688,
      "tn" : 1756411216688960755,
      "q" : "1300000",
      "p" : "0.00000091393",
      "s" : "sell",
      "i" : "MOG_USD",
      "m" : "4611686018428901530"
    }, {
      "d" : "1756411214544276425",
      "t" : 1756411214544,
      "tn" : 1756411214544276425,
      "q" : "1300000",
      "p" : "0.00000091383",
      "s" : "sell",
      "i" : "MOG_USD",
      "m" : "4611686018428901529"
    }, {
      "d" : "1756411214284053032",
      "t" : 1756411214284,
      "tn" : 1756411214284053032,
      "q" : "1300000",
      "p" : "0.00000091383",
      "s" : "sell",
      "i" : "MOG_USD",
      "m" : "4611686018428901528"
    }, {
      "d" : "1756411213836100153",
      "t" : 1756411213836,
      "tn" : 1756411213836100153,
      "q" : "1300000",
      "p" : "0.00000091383",
      "s" : "sell",
      "i" : "MOG_USD",
      "m" : "4611686018428901527"
    }, {
      "d" : "1756411213557643797",
      "t" : 1756411213557,
      "tn" : 1756411213557643797,
      "q" : "1300000",
      "p" : "0.00000091383",
      "s" : "sell",
      "i" : "MOG_USD",
      "m" : "4611686018428901526"
    }, {
      "d" : "1756411212778848882",
      "t" : 1756411212778,
      "tn" : 1756411212778848882,
      "q" : "1300000",
      "p" : "0.00000091388",
      "s" : "sell",
      "i" : "MOG_USD",
      "m" : "4611686018428901525"
    }, {
      "d" : "1756411212497152740",
      "t" : 1756411212497,
      "tn" : 1756411212497152740,
      "q" : "1300000",
      "p" : "0.00000091388",
      "s" : "sell",
      "i" : "MOG_USD",
      "m" : "4611686018428901524"
    }, {
      "d" : "1756411211979942719",
      "t" : 1756411211979,
      "tn" : 1756411211979942719,
      "q" : "1300000",
      "p" : "0.00000091393",
      "s" : "sell",
      "i" : "MOG_USD",
      "m" : "4611686018428901523"
    }, {
      "d" : "1756411210159516219",
      "t" : 1756411210159,
      "tn" : 1756411210159516219,
      "q" : "1300000",
      "p" : "0.00000091383",
      "s" : "sell",
      "i" : "MOG_USD",
      "m" : "4611686018428901522"
    }, {
      "d" : "1756411209905758679",
      "t" : 1756411209905,
      "tn" : 1756411209905758679,
      "q" : "1300000",
      "p" : "0.00000091378",
      "s" : "sell",
      "i" : "MOG_USD",
      "m" : "4611686018428901521"
    }, {
      "d" : "1756411209655260909",
      "t" : 1756411209655,
      "tn" : 1756411209655260909,
      "q" : "1300000",
      "p" : "0.00000091393",
      "s" : "sell",
      "i" : "MOG_USD",
      "m" : "4611686018428901520"
    }, {
      "d" : "1756411209404958002",
      "t" : 1756411209404,
      "tn" : 1756411209404958002,
      "q" : "1300000",
      "p" : "0.00000091393",
      "s" : "sell",
      "i" : "MOG_USD",
      "m" : "4611686018428901519"
    }, {
      "d" : "1756411209147914975",
      "t" : 1756411209147,
      "tn" : 1756411209147914975,
      "q" : "1300000",
      "p" : "0.00000091393",
      "s" : "sell",
      "i" : "MOG_USD",
      "m" : "4611686018428901518"
    }, {
      "d" : "1756411208896581287",
      "t" : 1756411208896,
      "tn" : 1756411208896581287,
      "q" : "1300000",
      "p" : "0.00000091393",
      "s" : "sell",
      "i" : "MOG_USD",
      "m" : "4611686018428901517"
    }, {
      "d" : "1756411208645818639",
      "t" : 1756411208645,
      "tn" : 1756411208645818639,
      "q" : "1300000",
      "p" : "0.00000091393",
      "s" : "sell",
      "i" : "MOG_USD",
      "m" : "4611686018428901516"
    }, {
      "d" : "1756411208394977907",
      "t" : 1756411208394,
      "tn" : 1756411208394977907,
      "q" : "1300000",
      "p" : "0.00000091393",
      "s" : "sell",
      "i" : "MOG_USD",
      "m" : "4611686018428901515"
    }, {
      "d" : "1756411208144153502",
      "t" : 1756411208144,
      "tn" : 1756411208144153502,
      "q" : "1300000",
      "p" : "0.00000091393",
      "s" : "sell",
      "i" : "MOG_USD",
      "m" : "4611686018428901514"
    }, {
      "d" : "1756411207893383657",
      "t" : 1756411207893,
      "tn" : 1756411207893383657,
      "q" : "1300000",
      "p" : "0.00000091393",
      "s" : "sell",
      "i" : "MOG_USD",
      "m" : "4611686018428901513"
    }, {
      "d" : "1756411207641344344",
      "t" : 1756411207641,
      "tn" : 1756411207641344344,
      "q" : "1300000",
      "p" : "0.00000091393",
      "s" : "sell",
      "i" : "MOG_USD",
      "m" : "4611686018428901512"
    }, {
      "d" : "1756411207391171833",
      "t" : 1756411207391,
      "tn" : 1756411207391171833,
      "q" : "1300000",
      "p" : "0.00000091388",
      "s" : "sell",
      "i" : "MOG_USD",
      "m" : "4611686018428901511"
    }, {
      "d" : "1756411207137431476",
      "t" : 1756411207137,
      "tn" : 1756411207137431476,
      "q" : "1300000",
      "p" : "0.00000091388",
      "s" : "sell",
      "i" : "MOG_USD",
      "m" : "4611686018428901510"
    }, {
      "d" : "1756411206636887389",
      "t" : 1756411206636,
      "tn" : 1756411206636887389,
      "q" : "1300000",
      "p" : "0.00000091388",
      "s" : "sell",
      "i" : "MOG_USD",
      "m" : "4611686018428901509"
    }, {
      "d" : "1756410959518248232",
      "t" : 1756410959518,
      "tn" : 1756410959518248232,
      "q" : "10800000",
      "p" : "0.00000091531",
      "s" : "buy",
      "i" : "MOG_USD",
      "m" : "4611686018428901508"
    } ]
  }
}