{
  "id" : -1,
  "method" : "public/get-trades",
  "code" : 0,
  "result" : {
    "data" : [ {
      "d" : "1756461246690096773",
      "t" : 1756461246690,
      "tn" : 1756461246690096773,
      "q" : "980",
      "p" : "0.136178",
      "s" : "sell",
      "i" : "MOODENGUSD-PERP",
      "m" : "4611686018429075925"
    }, {
      "d" : "1756461246684963429",
      "t" : 1756461246684,
      "tn" : 1756461246684963429,
      "q" : "10",
      "p" : "0.136122",
      "s" : "buy",
      "i" : "MOODENGUSD-PERP",
      "m" : "4611686018429075924"
    }, {
      "d" : "1756461246684959361",
      "t" : 1756461246684,
      "tn" : 1756461246684959361,
      "q" : "10",
      "p" : "0.136093",
      "s" : "buy",
      "i" : "MOODENGUSD-PERP",
      "m" : "4611686018429075923"
    }, {
      "d" : "1756461169544270786",
      "t" : 1756461169544,
      "tn" : 1756461169544270786,
      "q" : "10",
      "p" : "0.136028",
      "s" : "buy",
      "i" : "MOODENGUSD-PERP",
      "m" : "4611686018429075922"
    }, {
      "d" : "1756461149441449437",
      "t" : 1756461149441,
      "tn" : 1756461149441449437,
      "q" : "10",
      "p" : "0.136063",
      "s" : "buy",
      "i" : "MOODENGUSD-PERP",
      "m" : "4611686018429075921"
    }, {
      "d" : "1756460786822053358",
      "t" : 1756460786822,
      "tn" : 1756460786822053358,
      "q" : "10",
      "p" : "0.135918",
      "s" : "buy",
      "i" : "MOODENGUSD-PERP",
      "m" : "4611686018429075920"
    }, {
      "d" : "1756460159181223359",
      "t" : 1756460159181,
      "tn" : 1756460159181223359,
      "q" : "10",
      "p" : "0.135436",
      "s" : "sell",
      "i" : "MOODENGUSD-PERP",
      "m" : "4611686018429075919"
    }, {
      "d" : "1756460159181221159",
      "t" : 1756460159181,
      "tn" : 1756460159181221159,
      "q" : "10",
      "p" : "0.135463",
      "s" : "sell",
      "i" : "MOODENGUSD-PERP",
      "m" : "4611686018429075918"
    }, {
      "d" : "1756460003030483249",
      "t" : 1756460003030,
      "tn" : 1756460003030483249,
      "q" : "10",
      "p" : "0.135568",
      "s" : "sell",
      "i" : "MOODENGUSD-PERP",
      "m" : "4611686018429075917"
    }, {
      "d" : "1756459338158346789",
      "t" : 1756459338158,
      "tn" : 1756459338158346789,
      "q" : "10",
      "p" : "0.135743",
      "s" : "buy",
      "i" : "MOODENGUSD-PERP",
      "m" : "4611686018429075916"
    }, {
      "d" : "1756458689052570088",
      "t" : 1756458689052,
      "tn" : 1756458689052570088,
      "q" : "10",
      "p" : "0.134878",
      "s" : "buy",
      "i" : "MOODENGUSD-PERP",
      "m" : "4611686018429075915"
    }, {
      "d" : "1756458177258221283",
      "t" : 1756458177258,
      "tn" : 1756458177258221283,
      "q" : "10",
      "p" : "0.134533",
      "s" : "sell",
      "i" : "MOODENGUSD-PERP",
      "m" : "4611686018429075914"
    }, {
      "d" : "1756457731651324149",
      "t" : 1756457731651,
      "tn" : 1756457731651324149,
      "q" : "10",
      "p" : "0.135518",
      "s" : "sell",
      "i" : "MOODENGUSD-PERP",
      "m" : "4611686018429075913"
    }, {
      "d" : "1756457686694616315",
      "t" : 1756457686694,
      "tn" : 1756457686694616315,
      "q" : "10",
      "p" : "0.135713",
      "s" : "sell",
      "i" : "MOODENGUSD-PERP",
      "m" : "4611686018429075912"
    }, {
      "d" : "1756456350668687017",
      "t" : 1756456350668,
      "tn" : 1756456350668687017,
      "q" : "10",
      "p" : "0.136968",
      "s" : "buy",
      "i" : "MOODENGUSD-PERP",
      "m" : "4611686018429075911"
    }, {
      "d" : "1756455749754526304",
      "t" : 1756455749754,
      "tn" : 1756455749754526304,
      "q" : "10",
      "p" : "0.136033",
      "s" : "buy",
      "i" : "MOODENGUSD-PERP",
      "m" : "4611686018429075910"
    }, {
      "d" : "1756455692854711227",
      "t" : 1756455692854,
      "tn" : 1756455692854711227,
      "q" : "10",
      "p" : "0.135878",
      "s" : "buy",
      "i" : "MOODENGUSD-PERP",
      "m" : "4611686018429075909"
    }, {
      "d" : "1756454716142921221",
      "t" : 1756454716142,
      "tn" : 1756454716142921221,
      "q" : "10",
      "p" : "0.136514",
      "s" : "sell",
      "i" : "MOODENGUSD-PERP",
      "m" : "4611686018429075908"
    }, {
      "d" : "1756454421166769748",
      "t" : 1756454421166,
      "tn" : 1756454421166769748,
      "q" : "10",
      "p" : "0.136696",
      "s" : "buy",
      "i" : "MOODENGUSD-PERP",
      "m" : "4611686018429075907"
    }, {
      "d" : "1756454421165518656",
      "t" : 1756454421165,
      "tn" : 1756454421165518656,
      "q" : "10",
      "p" : "0.136618",
      "s" : "buy",
      "i" : "MOODENGUSD-PERP",
      "m" : "4611686018429075906"
    }, {
      "d" : "1756454409861115999",
      "t" : 1756454409861,
      "tn" : 1756454409861115999,
      "q" : "10",
      "p" : "0.136614",
      "s" : "buy",
      "i" : "MOODENGUSD-PERP",
      "m" : "4611686018429075905"
    }, {
      "d" : "1756454404331775443",
      "t" : 1756454404331,
      "tn" : 1756454404331775443,
      "q" : "10",
      "p" : "0.136759",
      "s" : "buy",
      "i" : "MOODENGUSD-PERP",
      "m" : "4611686018429075904"
    }, {
      "d" : "1756454383927668714",
      "t" : 1756454383927,
      "tn" : 1756454383927668714,
      "q" : "890",
      "p" : "0.136658",
      "s" : "sell",
      "i" : "MOODENGUSD-PERP",
      "m" : "4611686018429075903"
    }, {
      "d" : "1756454383927184693",
      "t" : 1756454383927,
      "tn" : 1756454383927184693,
      "q" : "2000",
      "p" : "0.136658",
      "s" : "sell",
      "i" : "MOODENGUSD-PERP",
      "m" : "4611686018429075902"
    }, {
      "d" : "1756453324890239204",
      "t" : 1756453324890,
      "tn" : 1756453324890239204,
      "q" : "10",
      "p" : "0.137485",
      "s" : "buy",
      "i" : "MOODENGUSD-PERP",
      "m" : "4611686018429075901"
    }, {
      "d" : "1756453003791103503",
      "t" : 1756453003791,
      "tn" : 1756453003791103503,
      "q" : "10",
      "p" : "0.137131",
      "s" : "buy",
      "i" : "MOODENGUSD-PERP",
      "m" : "4611686018429075900"
    }, {
      "d" : "1756452944230518728",
      "t" : 1756452944230,
      "tn" : 1756452944230518728,
      "q" : "10",
      "p" : "0.137245",
      "s" : "buy",
      "i" : "MOODENGUSD-PERP",
      "m" : "4611686018429075899"
    }, {
      "d" : "1756452787208021126",
      "t" : 1756452787208,
      "tn" : 1756452787208021126,
      "q" : "10",
      "p" : "0.137630",
      "s" : "buy",
      "i" : "MOODENGUSD-PERP",
      "m" : "4611686018429075898"
    }, {
      "d" : "1756452414288607833",
      "t" : 1756452414288,
      "tn" : 1756452414288607833,
      "q" : "10",
      "p" : "0.136746",
      "s" : "sell",
      "i" : "MOODENGUSD-PERP",
      "m" : "4611686018429075897"
    }, {
      "d" : "1756452414288493800",
      "t" : 1756452414288,
      "tn" : 1756452414288493800,
      "q" : "10",
      "p" : "0.136780",
      "s" : "sell",
      "i" : "MOODENGUSD-PERP",
      "m" : "4611686018429075896"
    }, {
      "d" : "1756452385203903394",
      "t" : 1756452385203,
      "tn" : 1756452385203903394,
      "q" : "10",
      "p" : "0.136878",
      "s" : "sell",
      "i" : "MOODENGUSD-PERP",
      "m" : "4611686018429075895"
    }, {
      "d" : "1756452382214366436",
      "t" : 1756452382214,
      "tn" : 1756452382214366436,
      "q" : "10",
      "p" : "0.137000",
      "s" : "sell",
      "i" : "MOODENGUSD-PERP",
      "m" : "4611686018429075894"
    }, {
      "d" : "1756452382210031745",
      "t" : 1756452382210,
      "tn" : 1756452382210031745,
      "q" : "10",
      "p" : "0.137032",
      "s" : "sell",
      "i" : "MOODENGUSD-PERP",
      "m" : "4611686018429075893"
    }, {
      "d" : "1756452113863119587",
      "t" : 1756452113863,
      "tn" : 1756452113863119587,
      "q" : "10",
      "p" : "0.137718",
      "s" : "sell",
      "i" : "MOODENGUSD-PERP",
      "m" : "4611686018429075892"
    }, {
      "d" : "1756451691580106154",
      "t" : 1756451691580,
      "tn" : 1756451691580106154,
      "q" : "10",
      "p" : "0.137315",
      "s" : "sell",
      "i" : "MOODENGUSD-PERP",
      "m" : "4611686018429075891"
    }, {
      "d" : "1756451691580103696",
      "t" : 1756451691580,
      "tn" : 1756451691580103696,
      "q" : "10",
      "p" : "0.137326",
      "s" : "sell",
      "i" : "MOODENGUSD-PERP",
      "m" : "4611686018429075890"
    }, {
      "d" : "1756451684470113530",
      "t" : 1756451684470,
      "tn" : 1756451684470113530,
      "q" : "10",
      "p" : "0.137452",
      "s" : "sell",
      "i" : "MOODENGUSD-PERP",
      "m" : "4611686018429075889"
    }, {
      "d" : "1756451684470111158",
      "t" : 1756451684470,
      "tn" : 1756451684470111158,
      "q" : "10",
      "p" : "0.137460",
      "s" : "sell",
      "i" : "MOODENGUSD-PERP",
      "m" : "4611686018429075888"
    }, {
      "d" : "1756451663762484973",
      "t" : 1756451663762,
      "tn" : 1756451663762484973,
      "q" : "10",
      "p" : "0.137695",
      "s" : "sell",
      "i" : "MOODENGUSD-PERP",
      "m" : "4611686018429075887"
    }, {
      "d" : "1756451623168551229",
      "t" : 1756451623168,
      "tn" : 1756451623168551229,
      "q" : "10",
      "p" : "0.137897",
      "s" : "sell",
      "i" : "MOODENGUSD-PERP",
      "m" : "4611686018429075886"
    }, {
      "d" : "1756451623077619026",
      "t" : 1756451623077,
      "tn" : 1756451623077619026,
      "q" : "10",
      "p" : "0.137919",
      "s" : "sell",
      "i" : "MOODENGUSD-PERP",
      "m" : "4611686018429075885"
    }, {
      "d" : "1756451617174596501",
      "t" : 1756451617174,
      "tn" : 1756451617174596501,
      "q" : "10",
      "p" : "0.137984",
      "s" : "sell",
      "i" : "MOODENGUSD-PERP",
      "m" : "4611686018429075884"
    }, {
      "d" : "1756451455217737359",
      "t" : 1756451455217,
      "tn" : 1756451455217737359,
      "q" : "1150",
      "p" : "0.138478",
      "s" : "sell",
      "i" : "MOODENGUSD-PERP",
      "m" : "4611686018429075883"
    }, {
      "d" : "1756451455216877228",
      "t" : 1756451455216,
      "tn" : 1756451455216877228,
      "q" : "4000",
      "p" : "0.138478",
      "s" : "sell",
      "i" : "MOODENGUSD-PERP",
      "m" : "4611686018429075882"
    }, {
      "d" : "1756451291976355938",
      "t" : 1756451291976,
      "tn" : 1756451291976355938,
      "q" : "10",
      "p" : "0.138449",
      "s" : "sell",
      "i" : "MOODENGUSD-PERP",
      "m" : "4611686018429075881"
    }, {
      "d" : "1756451002585944502",
      "t" : 1756451002585,
      "tn" : 1756451002585944502,
      "q" : "2000",
      "p" : "0.138851",
      "s" : "buy",
      "i" : "MOODENGUSD-PERP",
      "m" : "4611686018429075880"
    }, {
      "d" : "1756451002585812227",
      "t" : 1756451002585,
      "tn" : 1756451002585812227,
      "q" : "2000",
      "p" : "0.138851",
      "s" : "buy",
      "i" : "MOODENGUSD-PERP",
      "m" : "4611686018429075879"
    }, {
      "d" : "1756451002585756920",
      "t" : 1756451002585,
      "tn" : 1756451002585756920,
      "q" : "2000",
      "p" : "0.138851",
      "s" : "buy",
      "i" : "MOODENGUSD-PERP",
      "m" : "4611686018429075878"
    }, {
      "d" : "1756451002585224720",
      "t" : 1756451002585,
      "tn" : 1756451002585224720,
      "q" : "2020",
      "p" : "0.138851",
      "s" : "buy",
      "i" : "MOODENGUSD-PERP",
      "m" : "4611686018429075877"
    }, {
      "d" : "1756451002583315825",
      "t" : 1756451002583,
      "tn" : 1756451002583315825,
      "q" : "6000",
      "p" : "0.138851",
      "s" : "buy",
      "i" : "MOODENGUSD-PERP",
      "m" : "4611686018429075876"
    }, {
      "d" : "1756448096663959871",
      "t" : 1756448096663,
      "tn" : 1756448096663959871,
      "q" : "10",
      "p" : "0.140756",
      "s" : "sell",
      "i" : "MOODENGUSD-PERP",
      "m" : "4611686018429075875"
    }, {
      "d" : "1756446730227037849",
      "t" : 1756446730227,
      "tn" : 1756446730227037849,
      "q" : "10",
      "p" : "0.141581",
      "s" : "sell",
      "i" : "MOODENGUSD-PERP",
      "m" : "4611686018429075874"
    }, {
      "d" : "1756445373637627754",
      "t" : 1756445373637,
      "tn" : 1756445373637627754,
      "q" : "10",
      "p" : "0.141616",
      "s" : "buy",
      "i" : "MOODENGUSD-PERP",
      "m" : "4611686018429075873"
    }, {
      "d" : "1756445158723648897",
      "t" : 1756445158723,
      "tn" : 1756445158723648897,
      "q" : "10",
      "p" : "0.141631",
      "s" : "sell",
      "i" : "MOODENGUSD-PERP",
      "m" : "4611686018429075872"
    }, {
      "d" : "1756445066347163382",
      "t" : 1756445066347,
      "tn" : 1756445066347163382,
      "q" : "10",
      "p" : "0.141826",
      "s" : "sell",
      "i" : "MOODENGUSD-PERP",
      "m" : "4611686018429075871"
    }, {
      "d" : "1756444696342485446",
      "t" : 1756444696342,
      "tn" : 1756444696342485446,
      "q" : "10",
      "p" : "0.141851",
      "s" : "sell",
      "i" : "MOODENGUSD-PERP",
      "m" : "4611686018429075870"
    }, {
      "d" : "1756444587826132517",
      "t" : 1756444587826,
      "tn" : 1756444587826132517,
      "q" : "10",
      "p" : "0.142026",
      "s" : "sell",
      "i" : "MOODENGUSD-PERP",
      "m" : "4611686018429075869"
    }, {
      "d" : "1756444582304824441",
      "t" : 1756444582304,
      "tn" : 1756444582304824441,
      "q" : "10",
      "p" : "0.142071",
      "s" : "sell",
      "i" : "MOODENGUSD-PERP",
      "m" : "4611686018429075868"
    }, {
      "d" : "1756443430234345629",
      "t" : 1756443430234,
      "tn" : 1756443430234345629,
      "q" : "10",
      "p" : "0.141866",
      "s" : "sell",
      "i" : "MOODENGUSD-PERP",
      "m" : "4611686018429075867"
    }, {
      "d" : "1756443367284303475",
      "t" : 1756443367284,
      "tn" : 1756443367284303475,
      "q" : "10",
      "p" : "0.142091",
      "s" : "sell",
      "i" : "MOODENGUSD-PERP",
      "m" : "4611686018429075866"
    }, {
      "d" : "1756442642373297261",
      "t" : 1756442642373,
      "tn" : 1756442642373297261,
      "q" : "10",
      "p" : "0.142977",
      "s" : "sell",
      "i" : "MOODENGUSD-PERP",
      "m" : "4611686018429075865"
    }, {
      "d" : "1756441841013463138",
      "t" : 1756441841013,
      "tn" : 1756441841013463138,
      "q" : "10",
      "p" : "0.142781",
      "s" : "sell",
      "i" : "MOODENGUSD-PERP",
      "m" : "4611686018429075864"
    }, {
      "d" : "1756441198497433029",
      "t" : 1756441198497,
      "tn" : 1756441198497433029,
      "q" : "10",
      "p" : "0.142936",
      "s" : "sell",
      "i" : "MOODENGUSD-PERP",
      "m" : "4611686018429075863"
    }, {
      "d" : "1756441027743198151",
      "t" : 1756441027743,
      "tn" : 1756441027743198151,
      "q" : "10",
      "p" : "0.142751",
      "s" : "sell",
      "i" : "MOODENGUSD-PERP",
      "m" : "4611686018429075862"
    }, {
      "d" : "1756440614686673774",
      "t" : 1756440614686,
      "tn" : 1756440614686673774,
      "q" : "10",
      "p" : "0.142576",
      "s" : "sell",
      "i" : "MOODENGUSD-PERP",
      "m" : "4611686018429075861"
    }, {
      "d" : "1756440009764875669",
      "t" : 1756440009764,
      "tn" : 1756440009764875669,
      "q" : "2000",
      "p" : "0.142652",
      "s" : "buy",
      "i" : "MOODENGUSD-PERP",
      "m" : "4611686018429075860"
    }, {
      "d" : "1756439823353038690",
      "t" : 1756439823353,
      "tn" : 1756439823353038690,
      "q" : "10",
      "p" : "0.142690",
      "s" : "buy",
      "i" : "MOODENGUSD-PERP",
      "m" : "4611686018429075859"
    }, {
      "d" : "1756439823351089178",
      "t" : 1756439823351,
      "tn" : 1756439823351089178,
      "q" : "10",
      "p" : "0.142674",
      "s" : "buy",
      "i" : "MOODENGUSD-PERP",
      "m" : "4611686018429075858"
    }, {
      "d" : "1756439751034536603",
      "t" : 1756439751034,
      "tn" : 1756439751034536603,
      "q" : "10",
      "p" : "0.142726",
      "s" : "sell",
      "i" : "MOODENGUSD-PERP",
      "m" : "4611686018429075857"
    }, {
      "d" : "1756439646360260533",
      "t" : 1756439646360,
      "tn" : 1756439646360260533,
      "q" : "10",
      "p" : "0.143065",
      "s" : "sell",
      "i" : "MOODENGUSD-PERP",
      "m" : "4611686018429075856"
    }, {
      "d" : "1756439605511641531",
      "t" : 1756439605511,
      "tn" : 1756439605511641531,
      "q" : "10",
      "p" : "0.142982",
      "s" : "buy",
      "i" : "MOODENGUSD-PERP",
      "m" : "4611686018429075855"
    }, {
      "d" : "1756439549164474755",
      "t" : 1756439549164,
      "tn" : 1756439549164474755,
      "q" : "10",
      "p" : "0.142674",
      "s" : "buy",
      "i" : "MOODENGUSD-PERP",
      "m" : "4611686018429075854"
    }, {
      "d" : "1756439549164471834",
      "t" : 1756439549164,
      "tn" : 1756439549164471834,
      "q" : "10",
      "p" : "0.142665",
      "s" : "buy",
      "i" : "MOODENGUSD-PERP",
      "m" : "4611686018429075853"
    }, {
      "d" : "1756438801521268197",
      "t" : 1756438801521,
      "tn" : 1756438801521268197,
      "q" : "2000",
      "p" : "0.142491",
      "s" : "buy",
      "i" : "MOODENGUSD-PERP",
      "m" : "4611686018429075852"
    }, {
      "d" : "1756438801427229117",
      "t" : 1756438801427,
      "tn" : 1756438801427229117,
      "q" : "900",
      "p" : "0.142491",
      "s" : "buy",
      "i" : "MOODENGUSD-PERP",
      "m" : "4611686018429075851"
    }, {
      "d" : "1756438607980102382",
      "t" : 1756438607980,
      "tn" : 1756438607980102382,
      "q" : "10",
      "p" : "0.142076",
      "s" : "buy",
      "i" : "MOODENGUSD-PERP",
      "m" : "4611686018429075850"
    }, {
      "d" : "1756438606044935966",
      "t" : 1756438606044,
      "tn" : 1756438606044935966,
      "q" : "10",
      "p" : "0.142066",
      "s" : "buy",
      "i" : "MOODENGUSD-PERP",
      "m" : "4611686018429075849"
    }, {
      "d" : "1756438605192054176",
      "t" : 1756438605192,
      "tn" : 1756438605192054176,
      "q" : "10",
      "p" : "0.142036",
      "s" : "buy",
      "i" : "MOODENGUSD-PERP",
      "m" : "4611686018429075848"
    }, {
      "d" : "1756438602246646404",
      "t" : 1756438602246,
      "tn" : 1756438602246646404,
      "q" : "10",
      "p" : "0.142026",
      "s" : "buy",
      "i" : "MOODENGUSD-PERP",
      "m" : "4611686018429075847"
    }, {
      "d" : "1756438601934626858",
      "t" : 1756438601934,
      "tn" : 1756438601934626858,
      "q" : "10",
      "p" : "0.142016",
      "s" : "buy",
      "i" : "MOODENGUSD-PERP",
      "m" : "4611686018429075846"
    }, {
      "d" : "1756438601850366728",
      "t" : 1756438601850,
      "tn" : 1756438601850366728,
      "q" : "10",
      "p" : "0.142010",
      "s" : "buy",
      "i" : "MOODENGUSD-PERP",
      "m" : "4611686018429075845"
    }, {
      "d" : "1756438601472038706",
      "t" : 1756438601472,
      "tn" : 1756438601472038706,
      "q" : "10",
      "p" : "0.141988",
      "s" : "buy",
      "i" : "MOODENGUSD-PERP",
      "m" : "4611686018429075844"
    }, {
      "d" : "1756438601411957192",
      "t" : 1756438601411,
      "tn" : 1756438601411957192,
      "q" : "10",
      "p" : "0.141974",
      "s" : "buy",
      "i" : "MOODENGUSD-PERP",
      "m" : "4611686018429075843"
    }, {
      "d" : "1756438595374993042",
      "t" : 1756438595374,
      "tn" : 1756438595374993042,
      "q" : "10",
      "p" : "0.141960",
      "s" : "buy",
      "i" : "MOODENGUSD-PERP",
      "m" : "4611686018429075842"
    }, {
      "d" : "1756438576945681677",
      "t" : 1756438576945,
      "tn" : 1756438576945681677,
      "q" : "10",
      "p" : "0.142016",
      "s" : "buy",
      "i" : "MOODENGUSD-PERP",
      "m" : "4611686018429075841"
    }, {
      "d" : "1756438559321388195",
      "t" : 1756438559321,
      "tn" : 1756438559321388195,
      "q" : "10",
      "p" : "0.141932",
      "s" : "buy",
      "i" : "MOODENGUSD-PERP",
      "m" : "4611686018429075840"
    }, {
      "d" : "1756438547681584259",
      "t" : 1756438547681,
      "tn" : 1756438547681584259,
      "q" : "10",
      "p" : "0.141890",
      "s" : "buy",
      "i" : "MOODENGUSD-PERP",
      "m" : "4611686018429075839"
    }, {
      "d" : "1756438547659407689",
      "t" : 1756438547659,
      "tn" : 1756438547659407689,
      "q" : "10",
      "p" : "0.141905",
      "s" : "buy",
      "i" : "MOODENGUSD-PERP",
      "m" : "4611686018429075838"
    }, {
      "d" : "1756438547617937143",
      "t" : 1756438547617,
      "tn" : 1756438547617937143,
      "q" : "10",
      "p" : "0.141876",
      "s" : "buy",
      "i" : "MOODENGUSD-PERP",
      "m" : "4611686018429075837"
    }, {
      "d" : "1756438543652193430",
      "t" : 1756438543652,
      "tn" : 1756438543652193430,
      "q" : "10",
      "p" : "0.141836",
      "s" : "buy",
      "i" : "MOODENGUSD-PERP",
      "m" : "4611686018429075836"
    }, {
      "d" : "1756438528748712348",
      "t" : 1756438528748,
      "tn" : 1756438528748712348,
      "q" : "10",
      "p" : "0.141778",
      "s" : "buy",
      "i" : "MOODENGUSD-PERP",
      "m" : "4611686018429075835"
    }, {
      "d" : "1756438407528055523",
      "t" : 1756438407528,
      "tn" : 1756438407528055523,
      "q" : "10",
      "p" : "0.141932",
      "s" : "buy",
      "i" : "MOODENGUSD-PERP",
      "m" : "4611686018429075834"
    }, {
      "d" : "1756438346982696706",
      "t" : 1756438346982,
      "tn" : 1756438346982696706,
      "q" : "10",
      "p" : "0.141876",
      "s" : "buy",
      "i" : "MOODENGUSD-PERP",
      "m" : "4611686018429075833"
    }, {
      "d" : "1756438227966720684",
      "t" : 1756438227966,
      "tn" : 1756438227966720684,
      "q" : "10",
      "p" : "0.142128",
      "s" : "buy",
      "i" : "MOODENGUSD-PERP",
      "m" : "4611686018429075832"
    }, {
      "d" : "1756438227942118306",
      "t" : 1756438227942,
      "tn" : 1756438227942118306,
      "q" : "10",
      "p" : "0.142140",
      "s" : "buy",
      "i" : "MOODENGUSD-PERP",
      "m" : "4611686018429075831"
    }, {
      "d" : "1756438227900901456",
      "t" : 1756438227900,
      "tn" : 1756438227900901456,
      "q" : "10",
      "p" : "0.142114",
      "s" : "buy",
      "i" : "MOODENGUSD-PERP",
      "m" : "4611686018429075830"
    }, {
      "d" : "1756438227764320772",
      "t" : 1756438227764,
      "tn" : 1756438227764320772,
      "q" : "10",
      "p" : "0.142102",
      "s" : "buy",
      "i" : "MOODENGUSD-PERP",
      "m" : "4611686018429075829"
    }, {
      "d" : "1756438226807170828",
      "t" : 1756438226807,
      "tn" : 1756438226807170828,
      "q" : "10",
      "p" : "0.142092",
      "s" : "buy",
      "i" : "MOODENGUSD-PERP",
      "m" : "4611686018429075828"
    }, {
      "d" : "1756438225771930718",
      "t" : 1756438225771,
      "tn" : 1756438225771930718,
      "q" : "10",
      "p" : "0.142082",
      "s" : "buy",
      "i" : "MOODENGUSD-PERP",
      "m" : "4611686018429075827"
    }, {
      "d" : "1756438224807873011",
      "t" : 1756438224807,
      "tn" : 1756438224807873011,
      "q" : "10",
      "p" : "0.142072",
      "s" : "buy",
      "i" : "MOODENGUSD-PERP",
      "m" : "4611686018429075826"
    }, {
      "d" : "1756438224623939546",
      "t" : 1756438224623,
      "tn" : 1756438224623939546,
      "q" : "10",
      "p" : "0.142058",
      "s" : "buy",
      "i" : "MOODENGUSD-PERP",
      "m" : "4611686018429075825"
    }, {
      "d" : "1756438224546614341",
      "t" : 1756438224546,
      "tn" : 1756438224546614341,
      "q" : "10",
      "p" : "0.142052",
      "s" : "buy",
      "i" : "MOODENGUSD-PERP",
      "m" : "4611686018429075824"
    }, {
      "d" : "1756438223873932591",
      "t" : 1756438223873,
      "tn" : 1756438223873932591,
      "q" : "10",
      "p" : "0.142044",
      "s" : "buy",
      "i" : "MOODENGUSD-PERP",
      "m" : "4611686018429075823"
    }, {
      "d" : "1756438211105148302",
      "t" : 1756438211105,
      "tn" : 1756438211105148302,
      "q" : "10",
      "p" : "0.142025",
      "s" : "buy",
      "i" : "MOODENGUSD-PERP",
      "m" : "4611686018429075822"
    }, {
      "d" : "1756438211100140005",
      "t" : 1756438211100,
      "tn" : 1756438211100140005,
      "q" : "10",
      "p" : "0.142016",
      "s" : "buy",
      "i" : "MOODENGUSD-PERP",
      "m" : "4611686018429075821"
    }, {
      "d" : "1756438100315760690",
      "t" : 1756438100315,
      "tn" : 1756438100315760690,
      "q" : "10",
      "p" : "0.142000",
      "s" : "buy",
      "i" : "MOODENGUSD-PERP",
      "m" : "4611686018429075820"
    }, {
      "d" : "1756438100288036579",
      "t" : 1756438100288,
      "tn" : 1756438100288036579,
      "q" : "10",
      "p" : "0.141988",
      "s" : "buy",
      "i" : "MOODENGUSD-PERP",
      "m" : "4611686018429075819"
    }, {
      "d" : "1756437926015360927",
      "t" : 1756437926015,
      "tn" : 1756437926015360927,
      "q" : "10",
      "p" : "0.142030",
      "s" : "buy",
      "i" : "MOODENGUSD-PERP",
      "m" : "4611686018429075818"
    }, {
      "d" : "1756437925938036793",
      "t" : 1756437925938,
      "tn" : 1756437925938036793,
      "q" : "10",
      "p" : "0.142016",
      "s" : "buy",
      "i" : "MOODENGUSD-PERP",
      "m" : "4611686018429075817"
    }, {
      "d" : "1756437925871813379",
      "t" : 1756437925871,
      "tn" : 1756437925871813379,
      "q" : "10",
      "p" : "0.141988",
      "s" : "buy",
      "i" : "MOODENGUSD-PERP",
      "m" : "4611686018429075816"
    }, {
      "d" : "1756437871770164184",
      "t" : 1756437871770,
      "tn" : 1756437871770164184,
      "q" : "10",
      "p" : "0.142100",
      "s" : "buy",
      "i" : "MOODENGUSD-PERP",
      "m" : "4611686018429075815"
    }, {
      "d" : "1756437838182363775",
      "t" : 1756437838182,
      "tn" : 1756437838182363775,
      "q" : "10",
      "p" : "0.142085",
      "s" : "buy",
      "i" : "MOODENGUSD-PERP",
      "m" : "4611686018429075814"
    }, {
      "d" : "1756437836933591704",
      "t" : 1756437836933,
      "tn" : 1756437836933591704,
      "q" : "10",
      "p" : "0.142072",
      "s" : "buy",
      "i" : "MOODENGUSD-PERP",
      "m" : "4611686018429075813"
    }, {
      "d" : "1756437831933082782",
      "t" : 1756437831933,
      "tn" : 1756437831933082782,
      "q" : "10",
      "p" : "0.142058",
      "s" : "buy",
      "i" : "MOODENGUSD-PERP",
      "m" : "4611686018429075812"
    }, {
      "d" : "1756437831464492220",
      "t" : 1756437831464,
      "tn" : 1756437831464492220,
      "q" : "10",
      "p" : "0.142002",
      "s" : "buy",
      "i" : "MOODENGUSD-PERP",
      "m" : "4611686018429075811"
    }, {
      "d" : "1756437799415632310",
      "t" : 1756437799415,
      "tn" : 1756437799415632310,
      "q" : "10",
      "p" : "0.141988",
      "s" : "buy",
      "i" : "MOODENGUSD-PERP",
      "m" : "4611686018429075810"
    }, {
      "d" : "1756437698052469119",
      "t" : 1756437698052,
      "tn" : 1756437698052469119,
      "q" : "10",
      "p" : "0.142041",
      "s" : "buy",
      "i" : "MOODENGUSD-PERP",
      "m" : "4611686018429075809"
    }, {
      "d" : "1756437697703964282",
      "t" : 1756437697703,
      "tn" : 1756437697703964282,
      "q" : "10",
      "p" : "0.142036",
      "s" : "buy",
      "i" : "MOODENGUSD-PERP",
      "m" : "4611686018429075808"
    }, {
      "d" : "1756437687996359360",
      "t" : 1756437687996,
      "tn" : 1756437687996359360,
      "q" : "10",
      "p" : "0.141974",
      "s" : "buy",
      "i" : "MOODENGUSD-PERP",
      "m" : "4611686018429075807"
    }, {
      "d" : "1756437685768768758",
      "t" : 1756437685768,
      "tn" : 1756437685768768758,
      "q" : "10",
      "p" : "0.141960",
      "s" : "buy",
      "i" : "MOODENGUSD-PERP",
      "m" : "4611686018429075806"
    }, {
      "d" : "1756437672380864660",
      "t" : 1756437672380,
      "tn" : 1756437672380864660,
      "q" : "10",
      "p" : "0.141932",
      "s" : "buy",
      "i" : "MOODENGUSD-PERP",
      "m" : "4611686018429075805"
    }, {
      "d" : "1756437672374469875",
      "t" : 1756437672374,
      "tn" : 1756437672374469875,
      "q" : "10",
      "p" : "0.141931",
      "s" : "buy",
      "i" : "MOODENGUSD-PERP",
      "m" : "4611686018429075804"
    }, {
      "d" : "1756437645061940135",
      "t" : 1756437645061,
      "tn" : 1756437645061940135,
      "q" : "10",
      "p" : "0.141916",
      "s" : "buy",
      "i" : "MOODENGUSD-PERP",
      "m" : "4611686018429075803"
    }, {
      "d" : "1756437642313758868",
      "t" : 1756437642313,
      "tn" : 1756437642313758868,
      "q" : "10",
      "p" : "0.141891",
      "s" : "buy",
      "i" : "MOODENGUSD-PERP",
      "m" : "4611686018429075802"
    }, {
      "d" : "1756437641669694580",
      "t" : 1756437641669,
      "tn" : 1756437641669694580,
      "q" : "10",
      "p" : "0.141866",
      "s" : "buy",
      "i" : "MOODENGUSD-PERP",
      "m" : "4611686018429075801"
    }, {
      "d" : "1756437607890852294",
      "t" : 1756437607890,
      "tn" : 1756437607890852294,
      "q" : "10",
      "p" : "0.141912",
      "s" : "sell",
      "i" : "MOODENGUSD-PERP",
      "m" : "4611686018429075800"
    }, {
      "d" : "1756437605980276532",
      "t" : 1756437605980,
      "tn" : 1756437605980276532,
      "q" : "10",
      "p" : "0.141886",
      "s" : "buy",
      "i" : "MOODENGUSD-PERP",
      "m" : "4611686018429075799"
    }, {
      "d" : "1756437605358937016",
      "t" : 1756437605358,
      "tn" : 1756437605358937016,
      "q" : "10",
      "p" : "0.141882",
      "s" : "sell",
      "i" : "MOODENGUSD-PERP",
      "m" : "4611686018429075798"
    }, {
      "d" : "1756437600778906589",
      "t" : 1756437600778,
      "tn" : 1756437600778906589,
      "q" : "10",
      "p" : "0.141846",
      "s" : "sell",
      "i" : "MOODENGUSD-PERP",
      "m" : "4611686018429075797"
    }, {
      "d" : "1756437595228771259",
      "t" : 1756437595228,
      "tn" : 1756437595228771259,
      "q" : "10",
      "p" : "0.141851",
      "s" : "sell",
      "i" : "MOODENGUSD-PERP",
      "m" : "4611686018429075796"
    }, {
      "d" : "1756437595058973570",
      "t" : 1756437595058,
      "tn" : 1756437595058973570,
      "q" : "10",
      "p" : "0.141856",
      "s" : "sell",
      "i" : "MOODENGUSD-PERP",
      "m" : "4611686018429075795"
    }, {
      "d" : "1756437587185446321",
      "t" : 1756437587185,
      "tn" : 1756437587185446321,
      "q" : "10",
      "p" : "0.141834",
      "s" : "buy",
      "i" : "MOODENGUSD-PERP",
      "m" : "4611686018429075794"
    }, {
      "d" : "1756437587178557957",
      "t" : 1756437587178,
      "tn" : 1756437587178557957,
      "q" : "10",
      "p" : "0.141831",
      "s" : "buy",
      "i" : "MOODENGUSD-PERP",
      "m" : "4611686018429075793"
    }, {
      "d" : "1756437579959496732",
      "t" : 1756437579959,
      "tn" : 1756437579959496732,
      "q" : "10",
      "p" : "0.141866",
      "s" : "sell",
      "i" : "MOODENGUSD-PERP",
      "m" : "4611686018429075792"
    }, {
      "d" : "1756437576076669012",
      "t" : 1756437576076,
      "tn" : 1756437576076669012,
      "q" : "10",
      "p" : "0.141861",
      "s" : "sell",
      "i" : "MOODENGUSD-PERP",
      "m" : "4611686018429075791"
    }, {
      "d" : "1756437575784984289",
      "t" : 1756437575784,
      "tn" : 1756437575784984289,
      "q" : "10",
      "p" : "0.141876",
      "s" : "sell",
      "i" : "MOODENGUSD-PERP",
      "m" : "4611686018429075790"
    }, {
      "d" : "1756437573584400956",
      "t" : 1756437573584,
      "tn" : 1756437573584400956,
      "q" : "10",
      "p" : "0.141840",
      "s" : "buy",
      "i" : "MOODENGUSD-PERP",
      "m" : "4611686018429075789"
    }, {
      "d" : "1756437573574556753",
      "t" : 1756437573574,
      "tn" : 1756437573574556753,
      "q" : "10",
      "p" : "0.141834",
      "s" : "buy",
      "i" : "MOODENGUSD-PERP",
      "m" : "4611686018429075788"
    }, {
      "d" : "1756437559192693496",
      "t" : 1756437559192,
      "tn" : 1756437559192693496,
      "q" : "10",
      "p" : "0.141805",
      "s" : "buy",
      "i" : "MOODENGUSD-PERP",
      "m" : "4611686018429075787"
    }, {
      "d" : "1756437559071259442",
      "t" : 1756437559071,
      "tn" : 1756437559071259442,
      "q" : "10",
      "p" : "0.141791",
      "s" : "buy",
      "i" : "MOODENGUSD-PERP",
      "m" : "4611686018429075786"
    }, {
      "d" : "1756437546458469789",
      "t" : 1756437546458,
      "tn" : 1756437546458469789,
      "q" : "10",
      "p" : "0.141776",
      "s" : "sell",
      "i" : "MOODENGUSD-PERP",
      "m" : "4611686018429075785"
    }, {
      "d" : "1756437545644608844",
      "t" : 1756437545644,
      "tn" : 1756437545644608844,
      "q" : "10",
      "p" : "0.141777",
      "s" : "sell",
      "i" : "MOODENGUSD-PERP",
      "m" : "4611686018429075784"
    }, {
      "d" : "1756437543239097457",
      "t" : 1756437543239,
      "tn" : 1756437543239097457,
      "q" : "10",
      "p" : "0.141778",
      "s" : "buy",
      "i" : "MOODENGUSD-PERP",
      "m" : "4611686018429075783"
    }, {
      "d" : "1756437543227792484",
      "t" : 1756437543227,
      "tn" : 1756437543227792484,
      "q" : "10",
      "p" : "0.141775",
      "s" : "buy",
      "i" : "MOODENGUSD-PERP",
      "m" : "4611686018429075782"
    }, {
      "d" : "1756437542091633811",
      "t" : 1756437542091,
      "tn" : 1756437542091633811,
      "q" : "10",
      "p" : "0.141750",
      "s" : "buy",
      "i" : "MOODENGUSD-PERP",
      "m" : "4611686018429075781"
    }, {
      "d" : "1756437542074396242",
      "t" : 1756437542074,
      "tn" : 1756437542074396242,
      "q" : "10",
      "p" : "0.141731",
      "s" : "buy",
      "i" : "MOODENGUSD-PERP",
      "m" : "4611686018429075780"
    }, {
      "d" : "1756437510985199760",
      "t" : 1756437510985,
      "tn" : 1756437510985199760,
      "q" : "10",
      "p" : "0.141726",
      "s" : "sell",
      "i" : "MOODENGUSD-PERP",
      "m" : "4611686018429075779"
    }, {
      "d" : "1756437487841802744",
      "t" : 1756437487841,
      "tn" : 1756437487841802744,
      "q" : "10",
      "p" : "0.141671",
      "s" : "buy",
      "i" : "MOODENGUSD-PERP",
      "m" : "4611686018429075778"
    }, {
      "d" : "1756437487835911285",
      "t" : 1756437487835,
      "tn" : 1756437487835911285,
      "q" : "10",
      "p" : "0.141666",
      "s" : "buy",
      "i" : "MOODENGUSD-PERP",
      "m" : "4611686018429075777"
    }, {
      "d" : "1756437486464349617",
      "t" : 1756437486464,
      "tn" : 1756437486464349617,
      "q" : "10",
      "p" : "0.141606",
      "s" : "buy",
      "i" : "MOODENGUSD-PERP",
      "m" : "4611686018429075776"
    } ]
  }
}