{
  "id" : -1,
  "method" : "public/get-trades",
  "code" : 0,
  "result" : {
    "data" : [ {
      "d" : "1756461498651588282",
      "t" : 1756461498651,
      "tn" : 1756461498651588282,
      "q" : "9",
      "p" : "0.136138",
      "s" : "sell",
      "i" : "MOODENG_USD",
      "m" : "4611686018427995538"
    }, {
      "d" : "1756461304316992341",
      "t" : 1756461304316,
      "tn" : 1756461304316992341,
      "q" : "9",
      "p" : "0.136178",
      "s" : "sell",
      "i" : "MOODENG_USD",
      "m" : "4611686018427995537"
    }, {
      "d" : "1756461233285009011",
      "t" : 1756461233285,
      "tn" : 1756461233285009011,
      "q" : "9",
      "p" : "0.136108",
      "s" : "sell",
      "i" : "MOODENG_USD",
      "m" : "4611686018427995536"
    }, {
      "d" : "1756461149441479986",
      "t" : 1756461149441,
      "tn" : 1756461149441479986,
      "q" : "9",
      "p" : "0.136123",
      "s" : "buy",
      "i" : "MOODENG_USD",
      "m" : "4611686018427995535"
    }, {
      "d" : "1756460957325639276",
      "t" : 1756460957325,
      "tn" : 1756460957325639276,
      "q" : "9",
      "p" : "0.136413",
      "s" : "sell",
      "i" : "MOODENG_USD",
      "m" : "4611686018427995534"
    }, {
      "d" : "1756460805518061928",
      "t" : 1756460805518,
      "tn" : 1756460805518061928,
      "q" : "9",
      "p" : "0.136018",
      "s" : "sell",
      "i" : "MOODENG_USD",
      "m" : "4611686018427995533"
    }, {
      "d" : "1756460805373143545",
      "t" : 1756460805373,
      "tn" : 1756460805373143545,
      "q" : "9",
      "p" : "0.136023",
      "s" : "sell",
      "i" : "MOODENG_USD",
      "m" : "4611686018427995532"
    }, {
      "d" : "1756460805353080997",
      "t" : 1756460805353,
      "tn" : 1756460805353080997,
      "q" : "9",
      "p" : "0.136028",
      "s" : "sell",
      "i" : "MOODENG_USD",
      "m" : "4611686018427995531"
    }, {
      "d" : "1756460805333101714",
      "t" : 1756460805333,
      "tn" : 1756460805333101714,
      "q" : "9",
      "p" : "0.136033",
      "s" : "sell",
      "i" : "MOODENG_USD",
      "m" : "4611686018427995530"
    }, {
      "d" : "1756460805265751491",
      "t" : 1756460805265,
      "tn" : 1756460805265751491,
      "q" : "9",
      "p" : "0.136038",
      "s" : "sell",
      "i" : "MOODENG_USD",
      "m" : "4611686018427995529"
    }, {
      "d" : "1756460805240540077",
      "t" : 1756460805240,
      "tn" : 1756460805240540077,
      "q" : "9",
      "p" : "0.136038",
      "s" : "sell",
      "i" : "MOODENG_USD",
      "m" : "4611686018427995528"
    }, {
      "d" : "1756460804060918571",
      "t" : 1756460804060,
      "tn" : 1756460804060918571,
      "q" : "9",
      "p" : "0.136043",
      "s" : "sell",
      "i" : "MOODENG_USD",
      "m" : "4611686018427995527"
    }, {
      "d" : "1756460803517839669",
      "t" : 1756460803517,
      "tn" : 1756460803517839669,
      "q" : "9",
      "p" : "0.136098",
      "s" : "sell",
      "i" : "MOODENG_USD",
      "m" : "4611686018427995526"
    }, {
      "d" : "1756460803486455318",
      "t" : 1756460803486,
      "tn" : 1756460803486455318,
      "q" : "9",
      "p" : "0.136098",
      "s" : "sell",
      "i" : "MOODENG_USD",
      "m" : "4611686018427995525"
    }, {
      "d" : "1756460792415091697",
      "t" : 1756460792415,
      "tn" : 1756460792415091697,
      "q" : "9",
      "p" : "0.136018",
      "s" : "buy",
      "i" : "MOODENG_USD",
      "m" : "4611686018427995524"
    }, {
      "d" : "1756460767952454773",
      "t" : 1756460767952,
      "tn" : 1756460767952454773,
      "q" : "9",
      "p" : "0.135898",
      "s" : "sell",
      "i" : "MOODENG_USD",
      "m" : "4611686018427995523"
    }, {
      "d" : "1756460767891021325",
      "t" : 1756460767891,
      "tn" : 1756460767891021325,
      "q" : "9",
      "p" : "0.135898",
      "s" : "sell",
      "i" : "MOODENG_USD",
      "m" : "4611686018427995522"
    }, {
      "d" : "1756460760618918366",
      "t" : 1756460760618,
      "tn" : 1756460760618918366,
      "q" : "101",
      "p" : "0.135889",
      "s" : "sell",
      "i" : "MOODENG_USD",
      "m" : "4611686018427995521"
    }, {
      "d" : "1756460705196729291",
      "t" : 1756460705196,
      "tn" : 1756460705196729291,
      "q" : "9",
      "p" : "0.135553",
      "s" : "sell",
      "i" : "MOODENG_USD",
      "m" : "4611686018427995520"
    }, {
      "d" : "1756460159181199950",
      "t" : 1756460159181,
      "tn" : 1756460159181199950,
      "q" : "9",
      "p" : "0.135473",
      "s" : "sell",
      "i" : "MOODENG_USD",
      "m" : "4611686018427995519"
    }, {
      "d" : "1756460003025856512",
      "t" : 1756460003025,
      "tn" : 1756460003025856512,
      "q" : "9",
      "p" : "0.135608",
      "s" : "sell",
      "i" : "MOODENG_USD",
      "m" : "4611686018427995518"
    }, {
      "d" : "1756459332898140080",
      "t" : 1756459332898,
      "tn" : 1756459332898140080,
      "q" : "9",
      "p" : "0.135688",
      "s" : "sell",
      "i" : "MOODENG_USD",
      "m" : "4611686018427995517"
    }, {
      "d" : "1756459281678280096",
      "t" : 1756459281678,
      "tn" : 1756459281678280096,
      "q" : "9",
      "p" : "0.135708",
      "s" : "sell",
      "i" : "MOODENG_USD",
      "m" : "4611686018427995516"
    }, {
      "d" : "1756458642020315823",
      "t" : 1756458642020,
      "tn" : 1756458642020315823,
      "q" : "9",
      "p" : "0.134562",
      "s" : "sell",
      "i" : "MOODENG_USD",
      "m" : "4611686018427995515"
    }, {
      "d" : "1756458543183572178",
      "t" : 1756458543183,
      "tn" : 1756458543183572178,
      "q" : "9",
      "p" : "0.134877",
      "s" : "sell",
      "i" : "MOODENG_USD",
      "m" : "4611686018427995514"
    }, {
      "d" : "1756458543126833238",
      "t" : 1756458543126,
      "tn" : 1756458543126833238,
      "q" : "9",
      "p" : "0.134907",
      "s" : "sell",
      "i" : "MOODENG_USD",
      "m" : "4611686018427995513"
    }, {
      "d" : "1756458305915520291",
      "t" : 1756458305915,
      "tn" : 1756458305915520291,
      "q" : "100",
      "p" : "0.134842",
      "s" : "buy",
      "i" : "MOODENG_USD",
      "m" : "4611686018427995512"
    }, {
      "d" : "1756458218039247746",
      "t" : 1756458218039,
      "tn" : 1756458218039247746,
      "q" : "9",
      "p" : "0.134662",
      "s" : "sell",
      "i" : "MOODENG_USD",
      "m" : "4611686018427995511"
    }, {
      "d" : "1756458182871533697",
      "t" : 1756458182871,
      "tn" : 1756458182871533697,
      "q" : "9",
      "p" : "0.134323",
      "s" : "buy",
      "i" : "MOODENG_USD",
      "m" : "4611686018427995510"
    }, {
      "d" : "1756458179681569356",
      "t" : 1756458179681,
      "tn" : 1756458179681569356,
      "q" : "9",
      "p" : "0.134462",
      "s" : "sell",
      "i" : "MOODENG_USD",
      "m" : "4611686018427995509"
    }, {
      "d" : "1756458136902326698",
      "t" : 1756458136902,
      "tn" : 1756458136902326698,
      "q" : "9",
      "p" : "0.135032",
      "s" : "sell",
      "i" : "MOODENG_USD",
      "m" : "4611686018427995508"
    }, {
      "d" : "1756458128251799512",
      "t" : 1756458128251,
      "tn" : 1756458128251799512,
      "q" : "9",
      "p" : "0.135106",
      "s" : "sell",
      "i" : "MOODENG_USD",
      "m" : "4611686018427995507"
    }, {
      "d" : "1756458103624486329",
      "t" : 1756458103624,
      "tn" : 1756458103624486329,
      "q" : "8",
      "p" : "0.135109",
      "s" : "sell",
      "i" : "MOODENG_USD",
      "m" : "4611686018427995506"
    }, {
      "d" : "1756458103624484272",
      "t" : 1756458103624,
      "tn" : 1756458103624484272,
      "q" : "9",
      "p" : "0.135112",
      "s" : "sell",
      "i" : "MOODENG_USD",
      "m" : "4611686018427995505"
    }, {
      "d" : "1756458102479658295",
      "t" : 1756458102479,
      "tn" : 1756458102479658295,
      "q" : "776",
      "p" : "0.135109",
      "s" : "sell",
      "i" : "MOODENG_USD",
      "m" : "4611686018427995504"
    }, {
      "d" : "1756458102479175642",
      "t" : 1756458102479,
      "tn" : 1756458102479175642,
      "q" : "91",
      "p" : "0.135109",
      "s" : "sell",
      "i" : "MOODENG_USD",
      "m" : "4611686018427995503"
    }, {
      "d" : "1756458102479171195",
      "t" : 1756458102479,
      "tn" : 1756458102479171195,
      "q" : "9",
      "p" : "0.135112",
      "s" : "sell",
      "i" : "MOODENG_USD",
      "m" : "4611686018427995502"
    }, {
      "d" : "1756458033037166498",
      "t" : 1756458033037,
      "tn" : 1756458033037166498,
      "q" : "9",
      "p" : "0.135478",
      "s" : "sell",
      "i" : "MOODENG_USD",
      "m" : "4611686018427995501"
    }, {
      "d" : "1756457776759545669",
      "t" : 1756457776759,
      "tn" : 1756457776759545669,
      "q" : "9",
      "p" : "0.135703",
      "s" : "sell",
      "i" : "MOODENG_USD",
      "m" : "4611686018427995500"
    }, {
      "d" : "1756457731647610760",
      "t" : 1756457731647,
      "tn" : 1756457731647610760,
      "q" : "9",
      "p" : "0.135583",
      "s" : "sell",
      "i" : "MOODENG_USD",
      "m" : "4611686018427995499"
    }, {
      "d" : "1756457696467150745",
      "t" : 1756457696467,
      "tn" : 1756457696467150745,
      "q" : "9",
      "p" : "0.135663",
      "s" : "sell",
      "i" : "MOODENG_USD",
      "m" : "4611686018427995498"
    }, {
      "d" : "1756457686690418729",
      "t" : 1756457686690,
      "tn" : 1756457686690418729,
      "q" : "9",
      "p" : "0.135738",
      "s" : "sell",
      "i" : "MOODENG_USD",
      "m" : "4611686018427995497"
    }, {
      "d" : "1756457428530900996",
      "t" : 1756457428530,
      "tn" : 1756457428530900996,
      "q" : "1835",
      "p" : "0.136232",
      "s" : "buy",
      "i" : "MOODENG_USD",
      "m" : "4611686018427995496"
    }, {
      "d" : "1756457193059560789",
      "t" : 1756457193059,
      "tn" : 1756457193059560789,
      "q" : "9",
      "p" : "0.136440",
      "s" : "sell",
      "i" : "MOODENG_USD",
      "m" : "4611686018427995495"
    }, {
      "d" : "1756456801866068153",
      "t" : 1756456801866,
      "tn" : 1756456801866068153,
      "q" : "9",
      "p" : "0.136603",
      "s" : "sell",
      "i" : "MOODENG_USD",
      "m" : "4611686018427995494"
    }, {
      "d" : "1756456504907523585",
      "t" : 1756456504907,
      "tn" : 1756456504907523585,
      "q" : "9",
      "p" : "0.136918",
      "s" : "sell",
      "i" : "MOODENG_USD",
      "m" : "4611686018427995493"
    }, {
      "d" : "1756456457062741849",
      "t" : 1756456457062,
      "tn" : 1756456457062741849,
      "q" : "9",
      "p" : "0.136913",
      "s" : "buy",
      "i" : "MOODENG_USD",
      "m" : "4611686018427995492"
    }, {
      "d" : "1756456450478528961",
      "t" : 1756456450478,
      "tn" : 1756456450478528961,
      "q" : "9",
      "p" : "0.136998",
      "s" : "sell",
      "i" : "MOODENG_USD",
      "m" : "4611686018427995491"
    }, {
      "d" : "1756456210970001935",
      "t" : 1756456210970,
      "tn" : 1756456210970001935,
      "q" : "9",
      "p" : "0.136483",
      "s" : "sell",
      "i" : "MOODENG_USD",
      "m" : "4611686018427995490"
    }, {
      "d" : "1756456183274716407",
      "t" : 1756456183274,
      "tn" : 1756456183274716407,
      "q" : "1856",
      "p" : "0.136527",
      "s" : "buy",
      "i" : "MOODENG_USD",
      "m" : "4611686018427995489"
    }, {
      "d" : "1756455639667315672",
      "t" : 1756455639667,
      "tn" : 1756455639667315672,
      "q" : "9",
      "p" : "0.136146",
      "s" : "sell",
      "i" : "MOODENG_USD",
      "m" : "4611686018427995488"
    }, {
      "d" : "1756455464068181175",
      "t" : 1756455464068,
      "tn" : 1756455464068181175,
      "q" : "9",
      "p" : "0.136061",
      "s" : "sell",
      "i" : "MOODENG_USD",
      "m" : "4611686018427995487"
    }, {
      "d" : "1756455070826832269",
      "t" : 1756455070826,
      "tn" : 1756455070826832269,
      "q" : "9",
      "p" : "0.136141",
      "s" : "sell",
      "i" : "MOODENG_USD",
      "m" : "4611686018427995486"
    }, {
      "d" : "1756454842692734394",
      "t" : 1756454842692,
      "tn" : 1756454842692734394,
      "q" : "9",
      "p" : "0.136980",
      "s" : "sell",
      "i" : "MOODENG_USD",
      "m" : "4611686018427995485"
    }, {
      "d" : "1756454421165514031",
      "t" : 1756454421165,
      "tn" : 1756454421165514031,
      "q" : "9",
      "p" : "0.136632",
      "s" : "buy",
      "i" : "MOODENG_USD",
      "m" : "4611686018427995484"
    }, {
      "d" : "1756453354734391824",
      "t" : 1756453354734,
      "tn" : 1756453354734391824,
      "q" : "9",
      "p" : "0.137397",
      "s" : "buy",
      "i" : "MOODENG_USD",
      "m" : "4611686018427995483"
    }, {
      "d" : "1756453003791085675",
      "t" : 1756453003791,
      "tn" : 1756453003791085675,
      "q" : "9",
      "p" : "0.137172",
      "s" : "buy",
      "i" : "MOODENG_USD",
      "m" : "4611686018427995482"
    }, {
      "d" : "1756452944230595998",
      "t" : 1756452944230,
      "tn" : 1756452944230595998,
      "q" : "9",
      "p" : "0.137312",
      "s" : "buy",
      "i" : "MOODENG_USD",
      "m" : "4611686018427995481"
    }, {
      "d" : "1756452414288531106",
      "t" : 1756452414288,
      "tn" : 1756452414288531106,
      "q" : "9",
      "p" : "0.136791",
      "s" : "sell",
      "i" : "MOODENG_USD",
      "m" : "4611686018427995480"
    }, {
      "d" : "1756452407075206206",
      "t" : 1756452407075,
      "tn" : 1756452407075206206,
      "q" : "9",
      "p" : "0.136756",
      "s" : "sell",
      "i" : "MOODENG_USD",
      "m" : "4611686018427995479"
    }, {
      "d" : "1756452385203899580",
      "t" : 1756452385203,
      "tn" : 1756452385203899580,
      "q" : "9",
      "p" : "0.136941",
      "s" : "sell",
      "i" : "MOODENG_USD",
      "m" : "4611686018427995478"
    }, {
      "d" : "1756452382214339901",
      "t" : 1756452382214,
      "tn" : 1756452382214339901,
      "q" : "9",
      "p" : "0.137036",
      "s" : "sell",
      "i" : "MOODENG_USD",
      "m" : "4611686018427995477"
    }, {
      "d" : "1756452258464832048",
      "t" : 1756452258464,
      "tn" : 1756452258464832048,
      "q" : "9",
      "p" : "0.137582",
      "s" : "sell",
      "i" : "MOODENG_USD",
      "m" : "4611686018427995476"
    }, {
      "d" : "1756451892095212806",
      "t" : 1756451892095,
      "tn" : 1756451892095212806,
      "q" : "101",
      "p" : "0.137777",
      "s" : "buy",
      "i" : "MOODENG_USD",
      "m" : "4611686018427995475"
    }, {
      "d" : "1756451856223994053",
      "t" : 1756451856223,
      "tn" : 1756451856223994053,
      "q" : "101",
      "p" : "0.137645",
      "s" : "buy",
      "i" : "MOODENG_USD",
      "m" : "4611686018427995474"
    }, {
      "d" : "1756451856223991334",
      "t" : 1756451856223,
      "tn" : 1756451856223991334,
      "q" : "18",
      "p" : "0.137645",
      "s" : "buy",
      "i" : "MOODENG_USD",
      "m" : "4611686018427995473"
    }, {
      "d" : "1756451833088742076",
      "t" : 1756451833088,
      "tn" : 1756451833088742076,
      "q" : "102",
      "p" : "0.137740",
      "s" : "buy",
      "i" : "MOODENG_USD",
      "m" : "4611686018427995472"
    }, {
      "d" : "1756451833088739734",
      "t" : 1756451833088,
      "tn" : 1756451833088739734,
      "q" : "883",
      "p" : "0.137740",
      "s" : "buy",
      "i" : "MOODENG_USD",
      "m" : "4611686018427995471"
    }, {
      "d" : "1756451833088736338",
      "t" : 1756451833088,
      "tn" : 1756451833088736338,
      "q" : "78",
      "p" : "0.137740",
      "s" : "buy",
      "i" : "MOODENG_USD",
      "m" : "4611686018427995470"
    }, {
      "d" : "1756451832384345387",
      "t" : 1756451832384,
      "tn" : 1756451832384345387,
      "q" : "84",
      "p" : "0.137674",
      "s" : "buy",
      "i" : "MOODENG_USD",
      "m" : "4611686018427995469"
    }, {
      "d" : "1756451695607087565",
      "t" : 1756451695607,
      "tn" : 1756451695607087565,
      "q" : "9",
      "p" : "0.137365",
      "s" : "sell",
      "i" : "MOODENG_USD",
      "m" : "4611686018427995468"
    }, {
      "d" : "1756451691564999542",
      "t" : 1756451691564,
      "tn" : 1756451691564999541,
      "q" : "548",
      "p" : "0.137409",
      "s" : "sell",
      "i" : "MOODENG_USD",
      "m" : "4611686018427995467"
    }, {
      "d" : "1756451691564999541",
      "t" : 1756451691564,
      "tn" : 1756451691564999541,
      "q" : "166",
      "p" : "0.137409",
      "s" : "sell",
      "i" : "MOODENG_USD",
      "m" : "4611686018427995467"
    }, {
      "d" : "1756451689713746110",
      "t" : 1756451689713,
      "tn" : 1756451689713746110,
      "q" : "101",
      "p" : "0.137409",
      "s" : "sell",
      "i" : "MOODENG_USD",
      "m" : "4611686018427995466"
    }, {
      "d" : "1756451689251898909",
      "t" : 1756451689251,
      "tn" : 1756451689251898909,
      "q" : "92",
      "p" : "0.137409",
      "s" : "sell",
      "i" : "MOODENG_USD",
      "m" : "4611686018427995465"
    }, {
      "d" : "1756451689251896112",
      "t" : 1756451689251,
      "tn" : 1756451689251896112,
      "q" : "9",
      "p" : "0.137420",
      "s" : "sell",
      "i" : "MOODENG_USD",
      "m" : "4611686018427995464"
    }, {
      "d" : "1756451688554303426",
      "t" : 1756451688554,
      "tn" : 1756451688554303426,
      "q" : "102",
      "p" : "0.137409",
      "s" : "sell",
      "i" : "MOODENG_USD",
      "m" : "4611686018427995463"
    }, {
      "d" : "1756451688546420748",
      "t" : 1756451688546,
      "tn" : 1756451688546420747,
      "q" : "337",
      "p" : "0.137409",
      "s" : "sell",
      "i" : "MOODENG_USD",
      "m" : "4611686018427995462"
    }, {
      "d" : "1756451688546420747",
      "t" : 1756451688546,
      "tn" : 1756451688546420747,
      "q" : "562",
      "p" : "0.137409",
      "s" : "sell",
      "i" : "MOODENG_USD",
      "m" : "4611686018427995462"
    }, {
      "d" : "1756451688546417168",
      "t" : 1756451688546,
      "tn" : 1756451688546417168,
      "q" : "9",
      "p" : "0.137430",
      "s" : "sell",
      "i" : "MOODENG_USD",
      "m" : "4611686018427995461"
    }, {
      "d" : "1756451686135529474",
      "t" : 1756451686135,
      "tn" : 1756451686135529474,
      "q" : "101",
      "p" : "0.137409",
      "s" : "sell",
      "i" : "MOODENG_USD",
      "m" : "4611686018427995460"
    }, {
      "d" : "1756451686126964547",
      "t" : 1756451686126,
      "tn" : 1756451686126964547,
      "q" : "100",
      "p" : "0.137409",
      "s" : "sell",
      "i" : "MOODENG_USD",
      "m" : "4611686018427995459"
    }, {
      "d" : "1756451670790647751",
      "t" : 1756451670790,
      "tn" : 1756451670790647751,
      "q" : "9",
      "p" : "0.137615",
      "s" : "sell",
      "i" : "MOODENG_USD",
      "m" : "4611686018427995458"
    }, {
      "d" : "1756451257999465810",
      "t" : 1756451257999,
      "tn" : 1756451257999465810,
      "q" : "9",
      "p" : "0.138686",
      "s" : "sell",
      "i" : "MOODENG_USD",
      "m" : "4611686018427995457"
    }, {
      "d" : "1756451233052284181",
      "t" : 1756451233052,
      "tn" : 1756451233052284181,
      "q" : "9",
      "p" : "0.138841",
      "s" : "sell",
      "i" : "MOODENG_USD",
      "m" : "4611686018427995456"
    }, {
      "d" : "1756451228859566248",
      "t" : 1756451228859,
      "tn" : 1756451228859566248,
      "q" : "9",
      "p" : "0.138861",
      "s" : "sell",
      "i" : "MOODENG_USD",
      "m" : "4611686018427995455"
    }, {
      "d" : "1756451228814453503",
      "t" : 1756451228814,
      "tn" : 1756451228814453503,
      "q" : "9",
      "p" : "0.138886",
      "s" : "sell",
      "i" : "MOODENG_USD",
      "m" : "4611686018427995454"
    }, {
      "d" : "1756451228786320554",
      "t" : 1756451228786,
      "tn" : 1756451228786320554,
      "q" : "9",
      "p" : "0.138906",
      "s" : "sell",
      "i" : "MOODENG_USD",
      "m" : "4611686018427995453"
    }, {
      "d" : "1756451228716196919",
      "t" : 1756451228716,
      "tn" : 1756451228716196919,
      "q" : "9",
      "p" : "0.138916",
      "s" : "sell",
      "i" : "MOODENG_USD",
      "m" : "4611686018427995452"
    }, {
      "d" : "1756451228658717788",
      "t" : 1756451228658,
      "tn" : 1756451228658717788,
      "q" : "9",
      "p" : "0.138916",
      "s" : "sell",
      "i" : "MOODENG_USD",
      "m" : "4611686018427995451"
    }, {
      "d" : "1756451228244784402",
      "t" : 1756451228244,
      "tn" : 1756451228244784402,
      "q" : "9",
      "p" : "0.138931",
      "s" : "sell",
      "i" : "MOODENG_USD",
      "m" : "4611686018427995450"
    }, {
      "d" : "1756451228218238091",
      "t" : 1756451228218,
      "tn" : 1756451228218238091,
      "q" : "9",
      "p" : "0.138936",
      "s" : "sell",
      "i" : "MOODENG_USD",
      "m" : "4611686018427995449"
    }, {
      "d" : "1756451227965832153",
      "t" : 1756451227965,
      "tn" : 1756451227965832153,
      "q" : "9",
      "p" : "0.138936",
      "s" : "sell",
      "i" : "MOODENG_USD",
      "m" : "4611686018427995448"
    }, {
      "d" : "1756451224432675817",
      "t" : 1756451224432,
      "tn" : 1756451224432675817,
      "q" : "9",
      "p" : "0.138971",
      "s" : "sell",
      "i" : "MOODENG_USD",
      "m" : "4611686018427995447"
    }, {
      "d" : "1756451222307370261",
      "t" : 1756451222307,
      "tn" : 1756451222307370261,
      "q" : "9",
      "p" : "0.138986",
      "s" : "sell",
      "i" : "MOODENG_USD",
      "m" : "4611686018427995446"
    }, {
      "d" : "1756451221941109336",
      "t" : 1756451221941,
      "tn" : 1756451221941109336,
      "q" : "9",
      "p" : "0.139001",
      "s" : "sell",
      "i" : "MOODENG_USD",
      "m" : "4611686018427995445"
    }, {
      "d" : "1756451208577867182",
      "t" : 1756451208577,
      "tn" : 1756451208577867182,
      "q" : "9",
      "p" : "0.139071",
      "s" : "sell",
      "i" : "MOODENG_USD",
      "m" : "4611686018427995444"
    }, {
      "d" : "1756451208102623870",
      "t" : 1756451208102,
      "tn" : 1756451208102623870,
      "q" : "9",
      "p" : "0.139076",
      "s" : "sell",
      "i" : "MOODENG_USD",
      "m" : "4611686018427995443"
    }, {
      "d" : "1756451206391385498",
      "t" : 1756451206391,
      "tn" : 1756451206391385498,
      "q" : "9",
      "p" : "0.139091",
      "s" : "sell",
      "i" : "MOODENG_USD",
      "m" : "4611686018427995442"
    }, {
      "d" : "1756451205345379184",
      "t" : 1756451205345,
      "tn" : 1756451205345379184,
      "q" : "9",
      "p" : "0.139126",
      "s" : "sell",
      "i" : "MOODENG_USD",
      "m" : "4611686018427995441"
    }, {
      "d" : "1756451182232282332",
      "t" : 1756451182232,
      "tn" : 1756451182232282332,
      "q" : "9",
      "p" : "0.139330",
      "s" : "sell",
      "i" : "MOODENG_USD",
      "m" : "4611686018427995440"
    }, {
      "d" : "1756451137836580380",
      "t" : 1756451137836,
      "tn" : 1756451137836580380,
      "q" : "9",
      "p" : "0.139131",
      "s" : "sell",
      "i" : "MOODENG_USD",
      "m" : "4611686018427995439"
    }, {
      "d" : "1756451137767504083",
      "t" : 1756451137767,
      "tn" : 1756451137767504083,
      "q" : "9",
      "p" : "0.139136",
      "s" : "sell",
      "i" : "MOODENG_USD",
      "m" : "4611686018427995438"
    }, {
      "d" : "1756451111490834252",
      "t" : 1756451111490,
      "tn" : 1756451111490834252,
      "q" : "9",
      "p" : "0.139271",
      "s" : "sell",
      "i" : "MOODENG_USD",
      "m" : "4611686018427995437"
    }, {
      "d" : "1756451111446109053",
      "t" : 1756451111446,
      "tn" : 1756451111446109053,
      "q" : "9",
      "p" : "0.139271",
      "s" : "sell",
      "i" : "MOODENG_USD",
      "m" : "4611686018427995436"
    }, {
      "d" : "1756451110072284922",
      "t" : 1756451110072,
      "tn" : 1756451110072284922,
      "q" : "9",
      "p" : "0.139406",
      "s" : "sell",
      "i" : "MOODENG_USD",
      "m" : "4611686018427995435"
    }, {
      "d" : "1756451046788928997",
      "t" : 1756451046788,
      "tn" : 1756451046788928997,
      "q" : "9",
      "p" : "0.139202",
      "s" : "buy",
      "i" : "MOODENG_USD",
      "m" : "4611686018427995434"
    }, {
      "d" : "1756451002573542233",
      "t" : 1756451002573,
      "tn" : 1756451002573542233,
      "q" : "101",
      "p" : "0.138697",
      "s" : "buy",
      "i" : "MOODENG_USD",
      "m" : "4611686018427995433"
    }, {
      "d" : "1756451002540187850",
      "t" : 1756451002540,
      "tn" : 1756451002540187850,
      "q" : "79",
      "p" : "0.138697",
      "s" : "buy",
      "i" : "MOODENG_USD",
      "m" : "4611686018427995432"
    }, {
      "d" : "1756451002512414677",
      "t" : 1756451002512,
      "tn" : 1756451002512414677,
      "q" : "101",
      "p" : "0.138697",
      "s" : "buy",
      "i" : "MOODENG_USD",
      "m" : "4611686018427995431"
    }, {
      "d" : "1756451002511386718",
      "t" : 1756451002511,
      "tn" : 1756451002511386718,
      "q" : "101",
      "p" : "0.138697",
      "s" : "buy",
      "i" : "MOODENG_USD",
      "m" : "4611686018427995430"
    }, {
      "d" : "1756451002510825725",
      "t" : 1756451002510,
      "tn" : 1756451002510825725,
      "q" : "75",
      "p" : "0.138697",
      "s" : "buy",
      "i" : "MOODENG_USD",
      "m" : "4611686018427995429"
    }, {
      "d" : "1756451002453588370",
      "t" : 1756451002453,
      "tn" : 1756451002453588370,
      "q" : "754",
      "p" : "0.138697",
      "s" : "buy",
      "i" : "MOODENG_USD",
      "m" : "4611686018427995428"
    }, {
      "d" : "1756450980015639805",
      "t" : 1756450980015,
      "tn" : 1756450980015639805,
      "q" : "101",
      "p" : "0.138521",
      "s" : "sell",
      "i" : "MOODENG_USD",
      "m" : "4611686018427995427"
    }, {
      "d" : "1756450980015637851",
      "t" : 1756450980015,
      "tn" : 1756450980015637851,
      "q" : "9",
      "p" : "0.138589",
      "s" : "sell",
      "i" : "MOODENG_USD",
      "m" : "4611686018427995426"
    }, {
      "d" : "1756450979859937008",
      "t" : 1756450979859,
      "tn" : 1756450979859937008,
      "q" : "9",
      "p" : "0.138626",
      "s" : "sell",
      "i" : "MOODENG_USD",
      "m" : "4611686018427995425"
    }, {
      "d" : "1756450979817756312",
      "t" : 1756450979817,
      "tn" : 1756450979817756312,
      "q" : "101",
      "p" : "0.138519",
      "s" : "sell",
      "i" : "MOODENG_USD",
      "m" : "4611686018427995424"
    }, {
      "d" : "1756450979817753573",
      "t" : 1756450979817,
      "tn" : 1756450979817753573,
      "q" : "9",
      "p" : "0.138631",
      "s" : "sell",
      "i" : "MOODENG_USD",
      "m" : "4611686018427995423"
    }, {
      "d" : "1756450946250543515",
      "t" : 1756450946250,
      "tn" : 1756450946250543515,
      "q" : "9",
      "p" : "0.139051",
      "s" : "sell",
      "i" : "MOODENG_USD",
      "m" : "4611686018427995422"
    }, {
      "d" : "1756450945772419703",
      "t" : 1756450945772,
      "tn" : 1756450945772419703,
      "q" : "379",
      "p" : "0.139167",
      "s" : "sell",
      "i" : "MOODENG_USD",
      "m" : "4611686018427995421"
    }, {
      "d" : "1756450945766511960",
      "t" : 1756450945766,
      "tn" : 1756450945766511960,
      "q" : "102",
      "p" : "0.139167",
      "s" : "sell",
      "i" : "MOODENG_USD",
      "m" : "4611686018427995420"
    }, {
      "d" : "1756450945766504694",
      "t" : 1756450945766,
      "tn" : 1756450945766504694,
      "q" : "201",
      "p" : "0.139167",
      "s" : "sell",
      "i" : "MOODENG_USD",
      "m" : "4611686018427995419"
    }, {
      "d" : "1756450945715592355",
      "t" : 1756450945715,
      "tn" : 1756450945715592355,
      "q" : "9",
      "p" : "0.139196",
      "s" : "sell",
      "i" : "MOODENG_USD",
      "m" : "4611686018427995418"
    }, {
      "d" : "1756450928796639899",
      "t" : 1756450928796,
      "tn" : 1756450928796639899,
      "q" : "9",
      "p" : "0.139341",
      "s" : "sell",
      "i" : "MOODENG_USD",
      "m" : "4611686018427995417"
    }, {
      "d" : "1756450897759767186",
      "t" : 1756450897759,
      "tn" : 1756450897759767186,
      "q" : "9",
      "p" : "0.139546",
      "s" : "sell",
      "i" : "MOODENG_USD",
      "m" : "4611686018427995416"
    }, {
      "d" : "1756449833586689807",
      "t" : 1756449833586,
      "tn" : 1756449833586689807,
      "q" : "9",
      "p" : "0.140192",
      "s" : "sell",
      "i" : "MOODENG_USD",
      "m" : "4611686018427995415"
    }, {
      "d" : "1756449638579782173",
      "t" : 1756449638579,
      "tn" : 1756449638579782173,
      "q" : "9",
      "p" : "0.139877",
      "s" : "sell",
      "i" : "MOODENG_USD",
      "m" : "4611686018427995414"
    }, {
      "d" : "1756449539723870266",
      "t" : 1756449539723,
      "tn" : 1756449539723870266,
      "q" : "9",
      "p" : "0.140067",
      "s" : "sell",
      "i" : "MOODENG_USD",
      "m" : "4611686018427995413"
    }, {
      "d" : "1756449204980255018",
      "t" : 1756449204980,
      "tn" : 1756449204980255018,
      "q" : "9",
      "p" : "0.140118",
      "s" : "sell",
      "i" : "MOODENG_USD",
      "m" : "4611686018427995412"
    }, {
      "d" : "1756449096868911455",
      "t" : 1756449096868,
      "tn" : 1756449096868911455,
      "q" : "9",
      "p" : "0.140147",
      "s" : "sell",
      "i" : "MOODENG_USD",
      "m" : "4611686018427995411"
    }, {
      "d" : "1756448587309926929",
      "t" : 1756448587309,
      "tn" : 1756448587309926929,
      "q" : "9",
      "p" : "0.140142",
      "s" : "sell",
      "i" : "MOODENG_USD",
      "m" : "4611686018427995410"
    }, {
      "d" : "1756448383324492880",
      "t" : 1756448383324,
      "tn" : 1756448383324492880,
      "q" : "9",
      "p" : "0.140188",
      "s" : "sell",
      "i" : "MOODENG_USD",
      "m" : "4611686018427995409"
    }, {
      "d" : "1756448370088960655",
      "t" : 1756448370088,
      "tn" : 1756448370088960655,
      "q" : "9",
      "p" : "0.140221",
      "s" : "sell",
      "i" : "MOODENG_USD",
      "m" : "4611686018427995408"
    }, {
      "d" : "1756448369020712811",
      "t" : 1756448369020,
      "tn" : 1756448369020712811,
      "q" : "9",
      "p" : "0.140221",
      "s" : "sell",
      "i" : "MOODENG_USD",
      "m" : "4611686018427995407"
    }, {
      "d" : "1756448244068776454",
      "t" : 1756448244068,
      "tn" : 1756448244068776454,
      "q" : "9",
      "p" : "0.140343",
      "s" : "sell",
      "i" : "MOODENG_USD",
      "m" : "4611686018427995406"
    }, {
      "d" : "1756448232709320725",
      "t" : 1756448232709,
      "tn" : 1756448232709320725,
      "q" : "9",
      "p" : "0.140523",
      "s" : "sell",
      "i" : "MOODENG_USD",
      "m" : "4611686018427995405"
    }, {
      "d" : "1756446642606802285",
      "t" : 1756446642606,
      "tn" : 1756446642606802285,
      "q" : "9",
      "p" : "0.141679",
      "s" : "buy",
      "i" : "MOODENG_USD",
      "m" : "4611686018427995404"
    }, {
      "d" : "1756445819129646833",
      "t" : 1756445819129,
      "tn" : 1756445819129646833,
      "q" : "9",
      "p" : "0.141329",
      "s" : "buy",
      "i" : "MOODENG_USD",
      "m" : "4611686018427995403"
    }, {
      "d" : "1756445483303505770",
      "t" : 1756445483303,
      "tn" : 1756445483303505770,
      "q" : "9",
      "p" : "0.141519",
      "s" : "buy",
      "i" : "MOODENG_USD",
      "m" : "4611686018427995402"
    }, {
      "d" : "1756445158723642518",
      "t" : 1756445158723,
      "tn" : 1756445158723642518,
      "q" : "9",
      "p" : "0.141548",
      "s" : "sell",
      "i" : "MOODENG_USD",
      "m" : "4611686018427995401"
    }, {
      "d" : "1756444776801324597",
      "t" : 1756444776801,
      "tn" : 1756444776801324597,
      "q" : "9",
      "p" : "0.141829",
      "s" : "buy",
      "i" : "MOODENG_USD",
      "m" : "4611686018427995400"
    }, {
      "d" : "1756444582303875138",
      "t" : 1756444582303,
      "tn" : 1756444582303875138,
      "q" : "9",
      "p" : "0.142013",
      "s" : "sell",
      "i" : "MOODENG_USD",
      "m" : "4611686018427995399"
    }, {
      "d" : "1756443430234325193",
      "t" : 1756443430234,
      "tn" : 1756443430234325193,
      "q" : "9",
      "p" : "0.141783",
      "s" : "sell",
      "i" : "MOODENG_USD",
      "m" : "4611686018427995398"
    }, {
      "d" : "1756443367285498489",
      "t" : 1756443367285,
      "tn" : 1756443367285498489,
      "q" : "9",
      "p" : "0.141983",
      "s" : "sell",
      "i" : "MOODENG_USD",
      "m" : "4611686018427995397"
    }, {
      "d" : "1756443366678064252",
      "t" : 1756443366678,
      "tn" : 1756443366678064252,
      "q" : "9",
      "p" : "0.142013",
      "s" : "sell",
      "i" : "MOODENG_USD",
      "m" : "4611686018427995396"
    }, {
      "d" : "1756443366647799719",
      "t" : 1756443366647,
      "tn" : 1756443366647799719,
      "q" : "9",
      "p" : "0.142028",
      "s" : "sell",
      "i" : "MOODENG_USD",
      "m" : "4611686018427995395"
    }, {
      "d" : "1756443366614280473",
      "t" : 1756443366614,
      "tn" : 1756443366614280473,
      "q" : "9",
      "p" : "0.142028",
      "s" : "sell",
      "i" : "MOODENG_USD",
      "m" : "4611686018427995394"
    }, {
      "d" : "1756443365332930032",
      "t" : 1756443365332,
      "tn" : 1756443365332930032,
      "q" : "9",
      "p" : "0.142073",
      "s" : "sell",
      "i" : "MOODENG_USD",
      "m" : "4611686018427995393"
    }, {
      "d" : "1756443299018065554",
      "t" : 1756443299018,
      "tn" : 1756443299018065554,
      "q" : "9",
      "p" : "0.142303",
      "s" : "sell",
      "i" : "MOODENG_USD",
      "m" : "4611686018427995392"
    }, {
      "d" : "1756443178869208580",
      "t" : 1756443178869,
      "tn" : 1756443178869208580,
      "q" : "9",
      "p" : "0.142323",
      "s" : "sell",
      "i" : "MOODENG_USD",
      "m" : "4611686018427995391"
    } ]
  }
}