{
  "id" : -1,
  "method" : "public/get-trades",
  "code" : 0,
  "result" : {
    "data" : [ {
      "d" : "1756461809502656982",
      "t" : 1756461809502,
      "tn" : 1756461809502656982,
      "q" : "1",
      "p" : "2.0471",
      "s" : "sell",
      "i" : "MORPHOUSD-PERP",
      "m" : "4611686018427554747"
    }, {
      "d" : "1756461805162798388",
      "t" : 1756461805162,
      "tn" : 1756461805162798388,
      "q" : "1",
      "p" : "2.0477",
      "s" : "sell",
      "i" : "MORPHOUSD-PERP",
      "m" : "4611686018427554746"
    }, {
      "d" : "1756461804768552576",
      "t" : 1756461804768,
      "tn" : 1756461804768552576,
      "q" : "1",
      "p" : "2.0480",
      "s" : "sell",
      "i" : "MORPHOUSD-PERP",
      "m" : "4611686018427554745"
    }, {
      "d" : "1756461804634713065",
      "t" : 1756461804634,
      "tn" : 1756461804634713065,
      "q" : "1",
      "p" : "2.0481",
      "s" : "sell",
      "i" : "MORPHOUSD-PERP",
      "m" : "4611686018427554744"
    }, {
      "d" : "1756461804515723422",
      "t" : 1756461804515,
      "tn" : 1756461804515723422,
      "q" : "1",
      "p" : "2.0483",
      "s" : "sell",
      "i" : "MORPHOUSD-PERP",
      "m" : "4611686018427554743"
    }, {
      "d" : "1756461785302501502",
      "t" : 1756461785302,
      "tn" : 1756461785302501501,
      "q" : "1",
      "p" : "2.0480",
      "s" : "buy",
      "i" : "MORPHOUSD-PERP",
      "m" : "4611686018427554742"
    }, {
      "d" : "1756461785302501501",
      "t" : 1756461785302,
      "tn" : 1756461785302501501,
      "q" : "1",
      "p" : "2.0480",
      "s" : "buy",
      "i" : "MORPHOUSD-PERP",
      "m" : "4611686018427554742"
    }, {
      "d" : "1756461779404805901",
      "t" : 1756461779404,
      "tn" : 1756461779404805901,
      "q" : "1",
      "p" : "2.0479",
      "s" : "buy",
      "i" : "MORPHOUSD-PERP",
      "m" : "4611686018427554741"
    }, {
      "d" : "1756461774174364341",
      "t" : 1756461774174,
      "tn" : 1756461774174364341,
      "q" : "1",
      "p" : "2.0472",
      "s" : "sell",
      "i" : "MORPHOUSD-PERP",
      "m" : "4611686018427554740"
    }, {
      "d" : "1756461768821667856",
      "t" : 1756461768821,
      "tn" : 1756461768821667856,
      "q" : "1",
      "p" : "2.0483",
      "s" : "sell",
      "i" : "MORPHOUSD-PERP",
      "m" : "4611686018427554739"
    }, {
      "d" : "1756461768183993418",
      "t" : 1756461768183,
      "tn" : 1756461768183993418,
      "q" : "1",
      "p" : "2.0486",
      "s" : "sell",
      "i" : "MORPHOUSD-PERP",
      "m" : "4611686018427554738"
    }, {
      "d" : "1756461758037286944",
      "t" : 1756461758037,
      "tn" : 1756461758037286944,
      "q" : "1",
      "p" : "2.0489",
      "s" : "sell",
      "i" : "MORPHOUSD-PERP",
      "m" : "4611686018427554737"
    }, {
      "d" : "1756461751276354905",
      "t" : 1756461751276,
      "tn" : 1756461751276354905,
      "q" : "1",
      "p" : "2.0474",
      "s" : "buy",
      "i" : "MORPHOUSD-PERP",
      "m" : "4611686018427554736"
    }, {
      "d" : "1756461747700701193",
      "t" : 1756461747700,
      "tn" : 1756461747700701193,
      "q" : "1",
      "p" : "2.0475",
      "s" : "sell",
      "i" : "MORPHOUSD-PERP",
      "m" : "4611686018427554735"
    }, {
      "d" : "1756461747588801223",
      "t" : 1756461747588,
      "tn" : 1756461747588801223,
      "q" : "1",
      "p" : "2.0471",
      "s" : "sell",
      "i" : "MORPHOUSD-PERP",
      "m" : "4611686018427554734"
    }, {
      "d" : "1756461689320950718",
      "t" : 1756461689320,
      "tn" : 1756461689320950717,
      "q" : "1",
      "p" : "2.0436",
      "s" : "buy",
      "i" : "MORPHOUSD-PERP",
      "m" : "4611686018427554733"
    }, {
      "d" : "1756461689320950717",
      "t" : 1756461689320,
      "tn" : 1756461689320950717,
      "q" : "1",
      "p" : "2.0436",
      "s" : "buy",
      "i" : "MORPHOUSD-PERP",
      "m" : "4611686018427554733"
    }, {
      "d" : "1756461686750247121",
      "t" : 1756461686750,
      "tn" : 1756461686750247121,
      "q" : "1",
      "p" : "2.0428",
      "s" : "buy",
      "i" : "MORPHOUSD-PERP",
      "m" : "4611686018427554732"
    }, {
      "d" : "1756461686341881685",
      "t" : 1756461686341,
      "tn" : 1756461686341881685,
      "q" : "1",
      "p" : "2.0430",
      "s" : "buy",
      "i" : "MORPHOUSD-PERP",
      "m" : "4611686018427554731"
    }, {
      "d" : "1756461686038958022",
      "t" : 1756461686038,
      "tn" : 1756461686038958022,
      "q" : "1",
      "p" : "2.0436",
      "s" : "buy",
      "i" : "MORPHOUSD-PERP",
      "m" : "4611686018427554730"
    }, {
      "d" : "1756461682701417247",
      "t" : 1756461682701,
      "tn" : 1756461682701417247,
      "q" : "1",
      "p" : "2.0430",
      "s" : "buy",
      "i" : "MORPHOUSD-PERP",
      "m" : "4611686018427554729"
    }, {
      "d" : "1756461681977697682",
      "t" : 1756461681977,
      "tn" : 1756461681977697682,
      "q" : "1",
      "p" : "2.0432",
      "s" : "buy",
      "i" : "MORPHOUSD-PERP",
      "m" : "4611686018427554728"
    }, {
      "d" : "1756461681903834789",
      "t" : 1756461681903,
      "tn" : 1756461681903834789,
      "q" : "1",
      "p" : "2.0434",
      "s" : "buy",
      "i" : "MORPHOUSD-PERP",
      "m" : "4611686018427554727"
    }, {
      "d" : "1756461680300756184",
      "t" : 1756461680300,
      "tn" : 1756461680300756184,
      "q" : "1",
      "p" : "2.0443",
      "s" : "sell",
      "i" : "MORPHOUSD-PERP",
      "m" : "4611686018427554726"
    }, {
      "d" : "1756461678688637848",
      "t" : 1756461678688,
      "tn" : 1756461678688637848,
      "q" : "1",
      "p" : "2.0440",
      "s" : "buy",
      "i" : "MORPHOUSD-PERP",
      "m" : "4611686018427554725"
    }, {
      "d" : "1756461678652555228",
      "t" : 1756461678652,
      "tn" : 1756461678652555228,
      "q" : "1",
      "p" : "2.0448",
      "s" : "sell",
      "i" : "MORPHOUSD-PERP",
      "m" : "4611686018427554724"
    }, {
      "d" : "1756461678571289070",
      "t" : 1756461678571,
      "tn" : 1756461678571289070,
      "q" : "1",
      "p" : "2.0442",
      "s" : "buy",
      "i" : "MORPHOUSD-PERP",
      "m" : "4611686018427554723"
    }, {
      "d" : "1756461678535046090",
      "t" : 1756461678535,
      "tn" : 1756461678535046090,
      "q" : "1",
      "p" : "2.0454",
      "s" : "sell",
      "i" : "MORPHOUSD-PERP",
      "m" : "4611686018427554722"
    }, {
      "d" : "1756461678214393292",
      "t" : 1756461678214,
      "tn" : 1756461678214393292,
      "q" : "1",
      "p" : "2.0448",
      "s" : "buy",
      "i" : "MORPHOUSD-PERP",
      "m" : "4611686018427554721"
    }, {
      "d" : "1756461678141718460",
      "t" : 1756461678141,
      "tn" : 1756461678141718460,
      "q" : "1",
      "p" : "2.0450",
      "s" : "buy",
      "i" : "MORPHOUSD-PERP",
      "m" : "4611686018427554720"
    }, {
      "d" : "1756461677352774162",
      "t" : 1756461677352,
      "tn" : 1756461677352774162,
      "q" : "1",
      "p" : "2.0452",
      "s" : "buy",
      "i" : "MORPHOUSD-PERP",
      "m" : "4611686018427554719"
    }, {
      "d" : "1756461675879602054",
      "t" : 1756461675879,
      "tn" : 1756461675879602054,
      "q" : "1",
      "p" : "2.0453",
      "s" : "buy",
      "i" : "MORPHOUSD-PERP",
      "m" : "4611686018427554718"
    }, {
      "d" : "1756461664842066749",
      "t" : 1756461664842,
      "tn" : 1756461664842066749,
      "q" : "1",
      "p" : "2.0454",
      "s" : "buy",
      "i" : "MORPHOUSD-PERP",
      "m" : "4611686018427554717"
    }, {
      "d" : "1756461664364994143",
      "t" : 1756461664364,
      "tn" : 1756461664364994143,
      "q" : "1",
      "p" : "2.0460",
      "s" : "buy",
      "i" : "MORPHOUSD-PERP",
      "m" : "4611686018427554716"
    }, {
      "d" : "1756461662002626526",
      "t" : 1756461662002,
      "tn" : 1756461662002626526,
      "q" : "1",
      "p" : "2.0452",
      "s" : "buy",
      "i" : "MORPHOUSD-PERP",
      "m" : "4611686018427554715"
    }, {
      "d" : "1756461641257603961",
      "t" : 1756461641257,
      "tn" : 1756461641257603960,
      "q" : "1",
      "p" : "2.0448",
      "s" : "buy",
      "i" : "MORPHOUSD-PERP",
      "m" : "4611686018427554714"
    }, {
      "d" : "1756461641257603960",
      "t" : 1756461641257,
      "tn" : 1756461641257603960,
      "q" : "1",
      "p" : "2.0448",
      "s" : "buy",
      "i" : "MORPHOUSD-PERP",
      "m" : "4611686018427554714"
    }, {
      "d" : "1756461637215848046",
      "t" : 1756461637215,
      "tn" : 1756461637215848046,
      "q" : "1",
      "p" : "2.0440",
      "s" : "buy",
      "i" : "MORPHOUSD-PERP",
      "m" : "4611686018427554713"
    }, {
      "d" : "1756461637146669397",
      "t" : 1756461637146,
      "tn" : 1756461637146669397,
      "q" : "1",
      "p" : "2.0447",
      "s" : "buy",
      "i" : "MORPHOUSD-PERP",
      "m" : "4611686018427554712"
    }, {
      "d" : "1756461637146667701",
      "t" : 1756461637146,
      "tn" : 1756461637146667701,
      "q" : "1",
      "p" : "2.0446",
      "s" : "buy",
      "i" : "MORPHOUSD-PERP",
      "m" : "4611686018427554711"
    }, {
      "d" : "1756461637082222197",
      "t" : 1756461637082,
      "tn" : 1756461637082222197,
      "q" : "1",
      "p" : "2.0438",
      "s" : "buy",
      "i" : "MORPHOUSD-PERP",
      "m" : "4611686018427554710"
    }, {
      "d" : "1756461637020057445",
      "t" : 1756461637020,
      "tn" : 1756461637020057445,
      "q" : "1",
      "p" : "2.0445",
      "s" : "buy",
      "i" : "MORPHOUSD-PERP",
      "m" : "4611686018427554709"
    }, {
      "d" : "1756461637020054595",
      "t" : 1756461637020,
      "tn" : 1756461637020054595,
      "q" : "1",
      "p" : "2.0436",
      "s" : "buy",
      "i" : "MORPHOUSD-PERP",
      "m" : "4611686018427554708"
    }, {
      "d" : "1756461636945630638",
      "t" : 1756461636945,
      "tn" : 1756461636945630638,
      "q" : "1",
      "p" : "2.0441",
      "s" : "buy",
      "i" : "MORPHOUSD-PERP",
      "m" : "4611686018427554707"
    }, {
      "d" : "1756461635777758715",
      "t" : 1756461635777,
      "tn" : 1756461635777758715,
      "q" : "1",
      "p" : "2.0444",
      "s" : "sell",
      "i" : "MORPHOUSD-PERP",
      "m" : "4611686018427554706"
    }, {
      "d" : "1756461635442218607",
      "t" : 1756461635442,
      "tn" : 1756461635442218607,
      "q" : "1",
      "p" : "2.0436",
      "s" : "buy",
      "i" : "MORPHOUSD-PERP",
      "m" : "4611686018427554705"
    }, {
      "d" : "1756461620188838732",
      "t" : 1756461620188,
      "tn" : 1756461620188838732,
      "q" : "1",
      "p" : "2.0432",
      "s" : "buy",
      "i" : "MORPHOUSD-PERP",
      "m" : "4611686018427554704"
    }, {
      "d" : "1756461619354087029",
      "t" : 1756461619354,
      "tn" : 1756461619354087028,
      "q" : "1",
      "p" : "2.0437",
      "s" : "buy",
      "i" : "MORPHOUSD-PERP",
      "m" : "4611686018427554703"
    }, {
      "d" : "1756461619354087028",
      "t" : 1756461619354,
      "tn" : 1756461619354087028,
      "q" : "1",
      "p" : "2.0437",
      "s" : "buy",
      "i" : "MORPHOUSD-PERP",
      "m" : "4611686018427554703"
    }, {
      "d" : "1756461619247482748",
      "t" : 1756461619247,
      "tn" : 1756461619247482748,
      "q" : "1",
      "p" : "2.0430",
      "s" : "buy",
      "i" : "MORPHOUSD-PERP",
      "m" : "4611686018427554702"
    }, {
      "d" : "1756461619162160913",
      "t" : 1756461619162,
      "tn" : 1756461619162160913,
      "q" : "1",
      "p" : "2.0436",
      "s" : "buy",
      "i" : "MORPHOUSD-PERP",
      "m" : "4611686018427554701"
    }, {
      "d" : "1756461618742326267",
      "t" : 1756461618742,
      "tn" : 1756461618742326267,
      "q" : "1",
      "p" : "2.0428",
      "s" : "buy",
      "i" : "MORPHOUSD-PERP",
      "m" : "4611686018427554700"
    }, {
      "d" : "1756461618252832678",
      "t" : 1756461618252,
      "tn" : 1756461618252832678,
      "q" : "1",
      "p" : "2.0430",
      "s" : "buy",
      "i" : "MORPHOUSD-PERP",
      "m" : "4611686018427554699"
    }, {
      "d" : "1756461616196120918",
      "t" : 1756461616196,
      "tn" : 1756461616196120918,
      "q" : "1",
      "p" : "2.0434",
      "s" : "buy",
      "i" : "MORPHOUSD-PERP",
      "m" : "4611686018427554698"
    }, {
      "d" : "1756461616168932587",
      "t" : 1756461616168,
      "tn" : 1756461616168932587,
      "q" : "1",
      "p" : "2.0433",
      "s" : "buy",
      "i" : "MORPHOUSD-PERP",
      "m" : "4611686018427554697"
    }, {
      "d" : "1756461613284072326",
      "t" : 1756461613284,
      "tn" : 1756461613284072326,
      "q" : "1",
      "p" : "2.0434",
      "s" : "buy",
      "i" : "MORPHOUSD-PERP",
      "m" : "4611686018427554696"
    }, {
      "d" : "1756461613232847904",
      "t" : 1756461613232,
      "tn" : 1756461613232847904,
      "q" : "1",
      "p" : "2.0436",
      "s" : "buy",
      "i" : "MORPHOUSD-PERP",
      "m" : "4611686018427554695"
    }, {
      "d" : "1756461612341873880",
      "t" : 1756461612341,
      "tn" : 1756461612341873880,
      "q" : "1",
      "p" : "2.0437",
      "s" : "buy",
      "i" : "MORPHOUSD-PERP",
      "m" : "4611686018427554694"
    }, {
      "d" : "1756461612222854995",
      "t" : 1756461612222,
      "tn" : 1756461612222854995,
      "q" : "1",
      "p" : "2.0436",
      "s" : "buy",
      "i" : "MORPHOUSD-PERP",
      "m" : "4611686018427554693"
    }, {
      "d" : "1756461612063622849",
      "t" : 1756461612063,
      "tn" : 1756461612063622849,
      "q" : "1",
      "p" : "2.0438",
      "s" : "buy",
      "i" : "MORPHOUSD-PERP",
      "m" : "4611686018427554692"
    }, {
      "d" : "1756461611227919577",
      "t" : 1756461611227,
      "tn" : 1756461611227919577,
      "q" : "1",
      "p" : "2.0436",
      "s" : "buy",
      "i" : "MORPHOUSD-PERP",
      "m" : "4611686018427554691"
    }, {
      "d" : "1756461611104158012",
      "t" : 1756461611104,
      "tn" : 1756461611104158012,
      "q" : "1",
      "p" : "2.0435",
      "s" : "buy",
      "i" : "MORPHOUSD-PERP",
      "m" : "4611686018427554690"
    }, {
      "d" : "1756461611052403322",
      "t" : 1756461611052,
      "tn" : 1756461611052403322,
      "q" : "1",
      "p" : "2.0438",
      "s" : "buy",
      "i" : "MORPHOUSD-PERP",
      "m" : "4611686018427554689"
    }, {
      "d" : "1756461610990961648",
      "t" : 1756461610990,
      "tn" : 1756461610990961648,
      "q" : "1",
      "p" : "2.0434",
      "s" : "buy",
      "i" : "MORPHOUSD-PERP",
      "m" : "4611686018427554688"
    }, {
      "d" : "1756461610961407260",
      "t" : 1756461610961,
      "tn" : 1756461610961407260,
      "q" : "1",
      "p" : "2.0436",
      "s" : "buy",
      "i" : "MORPHOUSD-PERP",
      "m" : "4611686018427554687"
    }, {
      "d" : "1756461609977819312",
      "t" : 1756461609977,
      "tn" : 1756461609977819312,
      "q" : "1",
      "p" : "2.0432",
      "s" : "buy",
      "i" : "MORPHOUSD-PERP",
      "m" : "4611686018427554686"
    }, {
      "d" : "1756461609961812726",
      "t" : 1756461609961,
      "tn" : 1756461609961812726,
      "q" : "1",
      "p" : "2.0436",
      "s" : "buy",
      "i" : "MORPHOUSD-PERP",
      "m" : "4611686018427554685"
    }, {
      "d" : "1756461609752954509",
      "t" : 1756461609752,
      "tn" : 1756461609752954509,
      "q" : "1",
      "p" : "2.0425",
      "s" : "buy",
      "i" : "MORPHOUSD-PERP",
      "m" : "4611686018427554684"
    }, {
      "d" : "1756461609142465499",
      "t" : 1756461609142,
      "tn" : 1756461609142465499,
      "q" : "1",
      "p" : "2.0422",
      "s" : "buy",
      "i" : "MORPHOUSD-PERP",
      "m" : "4611686018427554683"
    }, {
      "d" : "1756461609071699804",
      "t" : 1756461609071,
      "tn" : 1756461609071699804,
      "q" : "1",
      "p" : "2.0428",
      "s" : "buy",
      "i" : "MORPHOUSD-PERP",
      "m" : "4611686018427554682"
    }, {
      "d" : "1756461609024732217",
      "t" : 1756461609024,
      "tn" : 1756461609024732217,
      "q" : "1",
      "p" : "2.0424",
      "s" : "buy",
      "i" : "MORPHOUSD-PERP",
      "m" : "4611686018427554681"
    }, {
      "d" : "1756461608916949743",
      "t" : 1756461608916,
      "tn" : 1756461608916949743,
      "q" : "1",
      "p" : "2.0430",
      "s" : "buy",
      "i" : "MORPHOUSD-PERP",
      "m" : "4611686018427554680"
    }, {
      "d" : "1756461608902381809",
      "t" : 1756461608902,
      "tn" : 1756461608902381809,
      "q" : "1",
      "p" : "2.0421",
      "s" : "buy",
      "i" : "MORPHOUSD-PERP",
      "m" : "4611686018427554679"
    }, {
      "d" : "1756461608783496062",
      "t" : 1756461608783,
      "tn" : 1756461608783496062,
      "q" : "1",
      "p" : "2.0420",
      "s" : "buy",
      "i" : "MORPHOUSD-PERP",
      "m" : "4611686018427554678"
    }, {
      "d" : "1756461608068303584",
      "t" : 1756461608068,
      "tn" : 1756461608068303584,
      "q" : "1",
      "p" : "2.0428",
      "s" : "buy",
      "i" : "MORPHOUSD-PERP",
      "m" : "4611686018427554677"
    }, {
      "d" : "1756461608011371535",
      "t" : 1756461608011,
      "tn" : 1756461608011371535,
      "q" : "1",
      "p" : "2.0426",
      "s" : "buy",
      "i" : "MORPHOUSD-PERP",
      "m" : "4611686018427554676"
    }, {
      "d" : "1756461607772764409",
      "t" : 1756461607772,
      "tn" : 1756461607772764409,
      "q" : "1",
      "p" : "2.0420",
      "s" : "buy",
      "i" : "MORPHOUSD-PERP",
      "m" : "4611686018427554675"
    }, {
      "d" : "1756461607660823311",
      "t" : 1756461607660,
      "tn" : 1756461607660823311,
      "q" : "1",
      "p" : "2.0419",
      "s" : "buy",
      "i" : "MORPHOUSD-PERP",
      "m" : "4611686018427554674"
    }, {
      "d" : "1756461607000662865",
      "t" : 1756461607000,
      "tn" : 1756461607000662865,
      "q" : "1",
      "p" : "2.0426",
      "s" : "buy",
      "i" : "MORPHOUSD-PERP",
      "m" : "4611686018427554673"
    }, {
      "d" : "1756461606652755540",
      "t" : 1756461606652,
      "tn" : 1756461606652755540,
      "q" : "1",
      "p" : "2.0419",
      "s" : "buy",
      "i" : "MORPHOUSD-PERP",
      "m" : "4611686018427554672"
    }, {
      "d" : "1756461606540588277",
      "t" : 1756461606540,
      "tn" : 1756461606540588277,
      "q" : "1",
      "p" : "2.0418",
      "s" : "buy",
      "i" : "MORPHOUSD-PERP",
      "m" : "4611686018427554671"
    }, {
      "d" : "1756461605989494586",
      "t" : 1756461605989,
      "tn" : 1756461605989494586,
      "q" : "1",
      "p" : "2.0426",
      "s" : "buy",
      "i" : "MORPHOUSD-PERP",
      "m" : "4611686018427554670"
    }, {
      "d" : "1756461605531126028",
      "t" : 1756461605531,
      "tn" : 1756461605531126028,
      "q" : "1",
      "p" : "2.0418",
      "s" : "buy",
      "i" : "MORPHOUSD-PERP",
      "m" : "4611686018427554669"
    }, {
      "d" : "1756461605264355426",
      "t" : 1756461605264,
      "tn" : 1756461605264355426,
      "q" : "1",
      "p" : "2.0417",
      "s" : "buy",
      "i" : "MORPHOUSD-PERP",
      "m" : "4611686018427554668"
    }, {
      "d" : "1756461605100233756",
      "t" : 1756461605100,
      "tn" : 1756461605100233756,
      "q" : "1",
      "p" : "2.0416",
      "s" : "buy",
      "i" : "MORPHOUSD-PERP",
      "m" : "4611686018427554667"
    }, {
      "d" : "1756461604984081363",
      "t" : 1756461604984,
      "tn" : 1756461604984081363,
      "q" : "1",
      "p" : "2.0426",
      "s" : "buy",
      "i" : "MORPHOUSD-PERP",
      "m" : "4611686018427554666"
    }, {
      "d" : "1756461604984079545",
      "t" : 1756461604984,
      "tn" : 1756461604984079545,
      "q" : "1",
      "p" : "2.0415",
      "s" : "buy",
      "i" : "MORPHOUSD-PERP",
      "m" : "4611686018427554665"
    }, {
      "d" : "1756461604919286811",
      "t" : 1756461604919,
      "tn" : 1756461604919286811,
      "q" : "1",
      "p" : "2.0414",
      "s" : "buy",
      "i" : "MORPHOUSD-PERP",
      "m" : "4611686018427554664"
    }, {
      "d" : "1756461604878907851",
      "t" : 1756461604878,
      "tn" : 1756461604878907851,
      "q" : "1",
      "p" : "2.0418",
      "s" : "buy",
      "i" : "MORPHOUSD-PERP",
      "m" : "4611686018427554663"
    }, {
      "d" : "1756461604832544649",
      "t" : 1756461604832,
      "tn" : 1756461604832544649,
      "q" : "49",
      "p" : "2.0402",
      "s" : "sell",
      "i" : "MORPHOUSD-PERP",
      "m" : "4611686018427554662"
    }, {
      "d" : "1756461604832539728",
      "t" : 1756461604832,
      "tn" : 1756461604832539728,
      "q" : "1",
      "p" : "2.0408",
      "s" : "sell",
      "i" : "MORPHOUSD-PERP",
      "m" : "4611686018427554661"
    }, {
      "d" : "1756461604832536158",
      "t" : 1756461604832,
      "tn" : 1756461604832536158,
      "q" : "1",
      "p" : "2.0417",
      "s" : "sell",
      "i" : "MORPHOUSD-PERP",
      "m" : "4611686018427554660"
    }, {
      "d" : "1756461601368284267",
      "t" : 1756461601368,
      "tn" : 1756461601368284267,
      "q" : "1",
      "p" : "2.0426",
      "s" : "sell",
      "i" : "MORPHOUSD-PERP",
      "m" : "4611686018427554659"
    }, {
      "d" : "1756461601368282232",
      "t" : 1756461601368,
      "tn" : 1756461601368282232,
      "q" : "1",
      "p" : "2.0432",
      "s" : "sell",
      "i" : "MORPHOUSD-PERP",
      "m" : "4611686018427554658"
    }, {
      "d" : "1756461600858854859",
      "t" : 1756461600858,
      "tn" : 1756461600858854859,
      "q" : "1",
      "p" : "2.0440",
      "s" : "sell",
      "i" : "MORPHOUSD-PERP",
      "m" : "4611686018427554657"
    }, {
      "d" : "1756461600180136595",
      "t" : 1756461600180,
      "tn" : 1756461600180136595,
      "q" : "1",
      "p" : "2.0443",
      "s" : "sell",
      "i" : "MORPHOUSD-PERP",
      "m" : "4611686018427554656"
    }, {
      "d" : "1756461585689579842",
      "t" : 1756461585689,
      "tn" : 1756461585689579842,
      "q" : "1",
      "p" : "2.0442",
      "s" : "buy",
      "i" : "MORPHOUSD-PERP",
      "m" : "4611686018427554655"
    }, {
      "d" : "1756461576142259607",
      "t" : 1756461576142,
      "tn" : 1756461576142259607,
      "q" : "1",
      "p" : "2.0440",
      "s" : "sell",
      "i" : "MORPHOUSD-PERP",
      "m" : "4611686018427554654"
    }, {
      "d" : "1756461576092261643",
      "t" : 1756461576092,
      "tn" : 1756461576092261643,
      "q" : "1",
      "p" : "2.0446",
      "s" : "sell",
      "i" : "MORPHOUSD-PERP",
      "m" : "4611686018427554653"
    }, {
      "d" : "1756461568466384210",
      "t" : 1756461568466,
      "tn" : 1756461568466384210,
      "q" : "1",
      "p" : "2.0444",
      "s" : "sell",
      "i" : "MORPHOUSD-PERP",
      "m" : "4611686018427554652"
    }, {
      "d" : "1756461568221156772",
      "t" : 1756461568221,
      "tn" : 1756461568221156772,
      "q" : "1",
      "p" : "2.0445",
      "s" : "sell",
      "i" : "MORPHOUSD-PERP",
      "m" : "4611686018427554651"
    }, {
      "d" : "1756461544309859856",
      "t" : 1756461544309,
      "tn" : 1756461544309859856,
      "q" : "1",
      "p" : "2.0445",
      "s" : "buy",
      "i" : "MORPHOUSD-PERP",
      "m" : "4611686018427554650"
    }, {
      "d" : "1756461542238715199",
      "t" : 1756461542238,
      "tn" : 1756461542238715199,
      "q" : "1",
      "p" : "2.0441",
      "s" : "buy",
      "i" : "MORPHOUSD-PERP",
      "m" : "4611686018427554649"
    }, {
      "d" : "1756461541220694436",
      "t" : 1756461541220,
      "tn" : 1756461541220694436,
      "q" : "1",
      "p" : "2.0432",
      "s" : "buy",
      "i" : "MORPHOUSD-PERP",
      "m" : "4611686018427554648"
    }, {
      "d" : "1756461536849072475",
      "t" : 1756461536849,
      "tn" : 1756461536849072475,
      "q" : "1",
      "p" : "2.0426",
      "s" : "buy",
      "i" : "MORPHOUSD-PERP",
      "m" : "4611686018427554647"
    }, {
      "d" : "1756461532668915162",
      "t" : 1756461532668,
      "tn" : 1756461532668915162,
      "q" : "1",
      "p" : "2.0419",
      "s" : "buy",
      "i" : "MORPHOUSD-PERP",
      "m" : "4611686018427554646"
    }, {
      "d" : "1756461528824967261",
      "t" : 1756461528824,
      "tn" : 1756461528824967261,
      "q" : "1",
      "p" : "2.0427",
      "s" : "sell",
      "i" : "MORPHOUSD-PERP",
      "m" : "4611686018427554645"
    }, {
      "d" : "1756461492691606275",
      "t" : 1756461492691,
      "tn" : 1756461492691606275,
      "q" : "1",
      "p" : "2.0428",
      "s" : "sell",
      "i" : "MORPHOUSD-PERP",
      "m" : "4611686018427554644"
    }, {
      "d" : "1756461491853051267",
      "t" : 1756461491853,
      "tn" : 1756461491853051267,
      "q" : "1",
      "p" : "2.0431",
      "s" : "sell",
      "i" : "MORPHOUSD-PERP",
      "m" : "4611686018427554643"
    }, {
      "d" : "1756461491666056539",
      "t" : 1756461491666,
      "tn" : 1756461491666056539,
      "q" : "1",
      "p" : "2.0434",
      "s" : "sell",
      "i" : "MORPHOUSD-PERP",
      "m" : "4611686018427554642"
    }, {
      "d" : "1756461470338673552",
      "t" : 1756461470338,
      "tn" : 1756461470338673552,
      "q" : "1",
      "p" : "2.0427",
      "s" : "buy",
      "i" : "MORPHOUSD-PERP",
      "m" : "4611686018427554641"
    }, {
      "d" : "1756461469368496183",
      "t" : 1756461469368,
      "tn" : 1756461469368496183,
      "q" : "1",
      "p" : "2.0426",
      "s" : "buy",
      "i" : "MORPHOUSD-PERP",
      "m" : "4611686018427554640"
    }, {
      "d" : "1756461469249171662",
      "t" : 1756461469249,
      "tn" : 1756461469249171662,
      "q" : "1",
      "p" : "2.0423",
      "s" : "buy",
      "i" : "MORPHOUSD-PERP",
      "m" : "4611686018427554639"
    }, {
      "d" : "1756461461903886082",
      "t" : 1756461461903,
      "tn" : 1756461461903886082,
      "q" : "1",
      "p" : "2.0423",
      "s" : "sell",
      "i" : "MORPHOUSD-PERP",
      "m" : "4611686018427554638"
    }, {
      "d" : "1756461441337852960",
      "t" : 1756461441337,
      "tn" : 1756461441337852960,
      "q" : "1",
      "p" : "2.0415",
      "s" : "buy",
      "i" : "MORPHOUSD-PERP",
      "m" : "4611686018427554637"
    }, {
      "d" : "1756461441004902057",
      "t" : 1756461441004,
      "tn" : 1756461441004902057,
      "q" : "1",
      "p" : "2.0413",
      "s" : "buy",
      "i" : "MORPHOUSD-PERP",
      "m" : "4611686018427554636"
    }, {
      "d" : "1756461427401531969",
      "t" : 1756461427401,
      "tn" : 1756461427401531969,
      "q" : "1",
      "p" : "2.0408",
      "s" : "buy",
      "i" : "MORPHOUSD-PERP",
      "m" : "4611686018427554635"
    }, {
      "d" : "1756461427287692734",
      "t" : 1756461427287,
      "tn" : 1756461427287692734,
      "q" : "1",
      "p" : "2.0407",
      "s" : "buy",
      "i" : "MORPHOUSD-PERP",
      "m" : "4611686018427554634"
    }, {
      "d" : "1756461423480807226",
      "t" : 1756461423480,
      "tn" : 1756461423480807226,
      "q" : "1",
      "p" : "2.0409",
      "s" : "sell",
      "i" : "MORPHOUSD-PERP",
      "m" : "4611686018427554633"
    }, {
      "d" : "1756461420662267251",
      "t" : 1756461420662,
      "tn" : 1756461420662267251,
      "q" : "1",
      "p" : "2.0410",
      "s" : "sell",
      "i" : "MORPHOUSD-PERP",
      "m" : "4611686018427554632"
    }, {
      "d" : "1756461420549844500",
      "t" : 1756461420549,
      "tn" : 1756461420549844500,
      "q" : "1",
      "p" : "2.0413",
      "s" : "sell",
      "i" : "MORPHOUSD-PERP",
      "m" : "4611686018427554631"
    }, {
      "d" : "1756461413998892399",
      "t" : 1756461413998,
      "tn" : 1756461413998892399,
      "q" : "1",
      "p" : "2.0409",
      "s" : "buy",
      "i" : "MORPHOUSD-PERP",
      "m" : "4611686018427554630"
    }, {
      "d" : "1756461406399191636",
      "t" : 1756461406399,
      "tn" : 1756461406399191636,
      "q" : "1",
      "p" : "2.0405",
      "s" : "buy",
      "i" : "MORPHOUSD-PERP",
      "m" : "4611686018427554629"
    }, {
      "d" : "1756461386192151490",
      "t" : 1756461386192,
      "tn" : 1756461386192151490,
      "q" : "1",
      "p" : "2.0407",
      "s" : "sell",
      "i" : "MORPHOUSD-PERP",
      "m" : "4611686018427554628"
    }, {
      "d" : "1756461385948005358",
      "t" : 1756461385948,
      "tn" : 1756461385948005358,
      "q" : "1",
      "p" : "2.0414",
      "s" : "sell",
      "i" : "MORPHOUSD-PERP",
      "m" : "4611686018427554627"
    }, {
      "d" : "1756461383789232990",
      "t" : 1756461383789,
      "tn" : 1756461383789232990,
      "q" : "1",
      "p" : "2.0417",
      "s" : "sell",
      "i" : "MORPHOUSD-PERP",
      "m" : "4611686018427554626"
    }, {
      "d" : "1756461383282524732",
      "t" : 1756461383282,
      "tn" : 1756461383282524732,
      "q" : "1",
      "p" : "2.0419",
      "s" : "sell",
      "i" : "MORPHOUSD-PERP",
      "m" : "4611686018427554625"
    }, {
      "d" : "1756461382559248447",
      "t" : 1756461382559,
      "tn" : 1756461382559248447,
      "q" : "1",
      "p" : "2.0421",
      "s" : "sell",
      "i" : "MORPHOUSD-PERP",
      "m" : "4611686018427554624"
    }, {
      "d" : "1756461382435867290",
      "t" : 1756461382435,
      "tn" : 1756461382435867290,
      "q" : "1",
      "p" : "2.0426",
      "s" : "sell",
      "i" : "MORPHOUSD-PERP",
      "m" : "4611686018427554623"
    }, {
      "d" : "1756461339885018608",
      "t" : 1756461339885,
      "tn" : 1756461339885018608,
      "q" : "1",
      "p" : "2.0415",
      "s" : "buy",
      "i" : "MORPHOUSD-PERP",
      "m" : "4611686018427554622"
    }, {
      "d" : "1756461339702002628",
      "t" : 1756461339702,
      "tn" : 1756461339702002628,
      "q" : "1",
      "p" : "2.0409",
      "s" : "buy",
      "i" : "MORPHOUSD-PERP",
      "m" : "4611686018427554621"
    }, {
      "d" : "1756461339268194138",
      "t" : 1756461339268,
      "tn" : 1756461339268194138,
      "q" : "1",
      "p" : "2.0408",
      "s" : "buy",
      "i" : "MORPHOUSD-PERP",
      "m" : "4611686018427554620"
    }, {
      "d" : "1756461338259760140",
      "t" : 1756461338259,
      "tn" : 1756461338259760140,
      "q" : "1",
      "p" : "2.0407",
      "s" : "buy",
      "i" : "MORPHOUSD-PERP",
      "m" : "4611686018427554619"
    }, {
      "d" : "1756461310223004697",
      "t" : 1756461310223,
      "tn" : 1756461310223004697,
      "q" : "1",
      "p" : "2.0410",
      "s" : "sell",
      "i" : "MORPHOUSD-PERP",
      "m" : "4611686018427554618"
    }, {
      "d" : "1756461309382765984",
      "t" : 1756461309382,
      "tn" : 1756461309382765984,
      "q" : "1",
      "p" : "2.0411",
      "s" : "sell",
      "i" : "MORPHOUSD-PERP",
      "m" : "4611686018427554617"
    }, {
      "d" : "1756461309264715130",
      "t" : 1756461309264,
      "tn" : 1756461309264715130,
      "q" : "1",
      "p" : "2.0412",
      "s" : "sell",
      "i" : "MORPHOUSD-PERP",
      "m" : "4611686018427554616"
    }, {
      "d" : "1756461299039022211",
      "t" : 1756461299039,
      "tn" : 1756461299039022211,
      "q" : "1",
      "p" : "2.0410",
      "s" : "buy",
      "i" : "MORPHOUSD-PERP",
      "m" : "4611686018427554615"
    }, {
      "d" : "1756461296315213389",
      "t" : 1756461296315,
      "tn" : 1756461296315213389,
      "q" : "1",
      "p" : "2.0409",
      "s" : "buy",
      "i" : "MORPHOUSD-PERP",
      "m" : "4611686018427554614"
    }, {
      "d" : "1756461287384640563",
      "t" : 1756461287384,
      "tn" : 1756461287384640563,
      "q" : "1",
      "p" : "2.0404",
      "s" : "sell",
      "i" : "MORPHOUSD-PERP",
      "m" : "4611686018427554613"
    }, {
      "d" : "1756461254730650609",
      "t" : 1756461254730,
      "tn" : 1756461254730650609,
      "q" : "1",
      "p" : "2.0407",
      "s" : "sell",
      "i" : "MORPHOUSD-PERP",
      "m" : "4611686018427554612"
    }, {
      "d" : "1756461243309600129",
      "t" : 1756461243309,
      "tn" : 1756461243309600129,
      "q" : "1",
      "p" : "2.0411",
      "s" : "buy",
      "i" : "MORPHOUSD-PERP",
      "m" : "4611686018427554611"
    }, {
      "d" : "1756461231298887058",
      "t" : 1756461231298,
      "tn" : 1756461231298887058,
      "q" : "1",
      "p" : "2.0408",
      "s" : "sell",
      "i" : "MORPHOUSD-PERP",
      "m" : "4611686018427554610"
    }, {
      "d" : "1756461231173815467",
      "t" : 1756461231173,
      "tn" : 1756461231173815467,
      "q" : "1",
      "p" : "2.0409",
      "s" : "sell",
      "i" : "MORPHOUSD-PERP",
      "m" : "4611686018427554609"
    }, {
      "d" : "1756461221317756157",
      "t" : 1756461221317,
      "tn" : 1756461221317756157,
      "q" : "1",
      "p" : "2.0406",
      "s" : "buy",
      "i" : "MORPHOUSD-PERP",
      "m" : "4611686018427554608"
    }, {
      "d" : "1756461198583155694",
      "t" : 1756461198583,
      "tn" : 1756461198583155694,
      "q" : "1",
      "p" : "2.0403",
      "s" : "sell",
      "i" : "MORPHOUSD-PERP",
      "m" : "4611686018427554607"
    }, {
      "d" : "1756461191146080414",
      "t" : 1756461191146,
      "tn" : 1756461191146080414,
      "q" : "1",
      "p" : "2.0404",
      "s" : "sell",
      "i" : "MORPHOUSD-PERP",
      "m" : "4611686018427554606"
    }, {
      "d" : "1756461190211175501",
      "t" : 1756461190211,
      "tn" : 1756461190211175501,
      "q" : "1",
      "p" : "2.0405",
      "s" : "sell",
      "i" : "MORPHOUSD-PERP",
      "m" : "4611686018427554605"
    }, {
      "d" : "1756461190094207185",
      "t" : 1756461190094,
      "tn" : 1756461190094207185,
      "q" : "1",
      "p" : "2.0406",
      "s" : "sell",
      "i" : "MORPHOUSD-PERP",
      "m" : "4611686018427554604"
    }, {
      "d" : "1756461187379568217",
      "t" : 1756461187379,
      "tn" : 1756461187379568217,
      "q" : "1",
      "p" : "2.0406",
      "s" : "buy",
      "i" : "MORPHOUSD-PERP",
      "m" : "4611686018427554603"
    }, {
      "d" : "1756461179803303125",
      "t" : 1756461179803,
      "tn" : 1756461179803303125,
      "q" : "1",
      "p" : "2.0402",
      "s" : "buy",
      "i" : "MORPHOUSD-PERP",
      "m" : "4611686018427554602"
    } ]
  }
}