{
  "id" : -1,
  "method" : "public/get-trades",
  "code" : 0,
  "result" : {
    "data" : [ {
      "d" : "1756461334927935377",
      "t" : 1756461334927,
      "tn" : 1756461334927935377,
      "q" : "246.6",
      "p" : "0.12270",
      "s" : "sell",
      "i" : "MOVE_USD",
      "m" : "4611686018427532133"
    }, {
      "d" : "1756459417818179870",
      "t" : 1756459417818,
      "tn" : 1756459417818179870,
      "q" : "249.1",
      "p" : "0.12202",
      "s" : "sell",
      "i" : "MOVE_USD",
      "m" : "4611686018427532132"
    }, {
      "d" : "1756452453350984772",
      "t" : 1756452453350,
      "tn" : 1756452453350984772,
      "q" : "238.6",
      "p" : "0.12396",
      "s" : "buy",
      "i" : "MOVE_USD",
      "m" : "4611686018427532131"
    }, {
      "d" : "1756451502337719064",
      "t" : 1756451502337,
      "tn" : 1756451502337719064,
      "q" : "4917.1",
      "p" : "0.12515",
      "s" : "sell",
      "i" : "MOVE_USD",
      "m" : "4611686018427532130"
    }, {
      "d" : "1756451500661264610",
      "t" : 1756451500661,
      "tn" : 1756451500661264610,
      "q" : "1486.7",
      "p" : "0.12516",
      "s" : "sell",
      "i" : "MOVE_USD",
      "m" : "4611686018427532129"
    }, {
      "d" : "1756451500661263133",
      "t" : 1756451500661,
      "tn" : 1756451500661263133,
      "q" : "103.3",
      "p" : "0.12517",
      "s" : "sell",
      "i" : "MOVE_USD",
      "m" : "4611686018427532128"
    }, {
      "d" : "1756451500613202238",
      "t" : 1756451500613,
      "tn" : 1756451500613202238,
      "q" : "1248.5",
      "p" : "0.12512",
      "s" : "sell",
      "i" : "MOVE_USD",
      "m" : "4611686018427532127"
    }, {
      "d" : "1756451500613200502",
      "t" : 1756451500613,
      "tn" : 1756451500613200502,
      "q" : "248.8",
      "p" : "0.12514",
      "s" : "sell",
      "i" : "MOVE_USD",
      "m" : "4611686018427532126"
    }, {
      "d" : "1756451500613198311",
      "t" : 1756451500613,
      "tn" : 1756451500613198311,
      "q" : "103.4",
      "p" : "0.12515",
      "s" : "sell",
      "i" : "MOVE_USD",
      "m" : "4611686018427532125"
    }, {
      "d" : "1756450947463137426",
      "t" : 1756450947463,
      "tn" : 1756450947463137426,
      "q" : "223.0",
      "p" : "0.12591",
      "s" : "sell",
      "i" : "MOVE_USD",
      "m" : "4611686018427532124"
    }, {
      "d" : "1756450946860122190",
      "t" : 1756450946860,
      "tn" : 1756450946860122190,
      "q" : "249.5",
      "p" : "0.12603",
      "s" : "sell",
      "i" : "MOVE_USD",
      "m" : "4611686018427532123"
    }, {
      "d" : "1756449809667329385",
      "t" : 1756449809667,
      "tn" : 1756449809667329385,
      "q" : "238.8",
      "p" : "0.12639",
      "s" : "sell",
      "i" : "MOVE_USD",
      "m" : "4611686018427532122"
    }, {
      "d" : "1756449753093242302",
      "t" : 1756449753093,
      "tn" : 1756449753093242302,
      "q" : "241.0",
      "p" : "0.12652",
      "s" : "sell",
      "i" : "MOVE_USD",
      "m" : "4611686018427532121"
    }, {
      "d" : "1756449702934895280",
      "t" : 1756449702934,
      "tn" : 1756449702934895280,
      "q" : "238.7",
      "p" : "0.12651",
      "s" : "sell",
      "i" : "MOVE_USD",
      "m" : "4611686018427532120"
    }, {
      "d" : "1756449525959117687",
      "t" : 1756449525959,
      "tn" : 1756449525959117687,
      "q" : "244.3",
      "p" : "0.12694",
      "s" : "sell",
      "i" : "MOVE_USD",
      "m" : "4611686018427532119"
    }, {
      "d" : "1756449475745104613",
      "t" : 1756449475745,
      "tn" : 1756449475745104613,
      "q" : "238.4",
      "p" : "0.12694",
      "s" : "sell",
      "i" : "MOVE_USD",
      "m" : "4611686018427532118"
    }, {
      "d" : "1756441738931597503",
      "t" : 1756441738931,
      "tn" : 1756441738931597503,
      "q" : "196.2",
      "p" : "0.12797",
      "s" : "buy",
      "i" : "MOVE_USD",
      "m" : "4611686018427532117"
    }, {
      "d" : "1756441738928431565",
      "t" : 1756441738928,
      "tn" : 1756441738928431565,
      "q" : "3187.5",
      "p" : "0.12798",
      "s" : "buy",
      "i" : "MOVE_USD",
      "m" : "4611686018427532116"
    }, {
      "d" : "1756440386659125741",
      "t" : 1756440386659,
      "tn" : 1756440386659125741,
      "q" : "208.0",
      "p" : "0.12755",
      "s" : "sell",
      "i" : "MOVE_USD",
      "m" : "4611686018427532115"
    }, {
      "d" : "1756440319073697008",
      "t" : 1756440319073,
      "tn" : 1756440319073697008,
      "q" : "239.0",
      "p" : "0.12768",
      "s" : "sell",
      "i" : "MOVE_USD",
      "m" : "4611686018427532114"
    }, {
      "d" : "1756440217450983152",
      "t" : 1756440217450,
      "tn" : 1756440217450983152,
      "q" : "245.0",
      "p" : "0.12764",
      "s" : "sell",
      "i" : "MOVE_USD",
      "m" : "4611686018427532113"
    }, {
      "d" : "1756439606721676631",
      "t" : 1756439606721,
      "tn" : 1756439606721676631,
      "q" : "196.1",
      "p" : "0.12730",
      "s" : "sell",
      "i" : "MOVE_USD",
      "m" : "4611686018427532112"
    }, {
      "d" : "1756439606721674505",
      "t" : 1756439606721,
      "tn" : 1756439606721674505,
      "q" : "243.9",
      "p" : "0.12763",
      "s" : "sell",
      "i" : "MOVE_USD",
      "m" : "4611686018427532111"
    }, {
      "d" : "1756439470844499684",
      "t" : 1756439470844,
      "tn" : 1756439470844499684,
      "q" : "247.0",
      "p" : "0.12761",
      "s" : "sell",
      "i" : "MOVE_USD",
      "m" : "4611686018427532110"
    }, {
      "d" : "1756439461391883268",
      "t" : 1756439461391,
      "tn" : 1756439461391883268,
      "q" : "1346.4",
      "p" : "0.12766",
      "s" : "buy",
      "i" : "MOVE_USD",
      "m" : "4611686018427532109"
    }, {
      "d" : "1756439461391881317",
      "t" : 1756439461391,
      "tn" : 1756439461391881317,
      "q" : "223.0",
      "p" : "0.12765",
      "s" : "buy",
      "i" : "MOVE_USD",
      "m" : "4611686018427532108"
    }, {
      "d" : "1756439368720036647",
      "t" : 1756439368720,
      "tn" : 1756439368720036647,
      "q" : "190.0",
      "p" : "0.12747",
      "s" : "sell",
      "i" : "MOVE_USD",
      "m" : "4611686018427532107"
    }, {
      "d" : "1756439335543120343",
      "t" : 1756439335543,
      "tn" : 1756439335543120343,
      "q" : "243.0",
      "p" : "0.12748",
      "s" : "sell",
      "i" : "MOVE_USD",
      "m" : "4611686018427532106"
    }, {
      "d" : "1756438791443640197",
      "t" : 1756438791443,
      "tn" : 1756438791443640197,
      "q" : "245.0",
      "p" : "0.12768",
      "s" : "sell",
      "i" : "MOVE_USD",
      "m" : "4611686018427532105"
    }, {
      "d" : "1756438554462522689",
      "t" : 1756438554462,
      "tn" : 1756438554462522689,
      "q" : "431.9",
      "p" : "0.12670",
      "s" : "sell",
      "i" : "MOVE_USD",
      "m" : "4611686018427532104"
    }, {
      "d" : "1756438554462520833",
      "t" : 1756438554462,
      "tn" : 1756438554462520833,
      "q" : "244.1",
      "p" : "0.12718",
      "s" : "sell",
      "i" : "MOVE_USD",
      "m" : "4611686018427532103"
    }, {
      "d" : "1756437998204409684",
      "t" : 1756437998204,
      "tn" : 1756437998204409684,
      "q" : "241.1",
      "p" : "0.12723",
      "s" : "sell",
      "i" : "MOVE_USD",
      "m" : "4611686018427532102"
    }, {
      "d" : "1756434678993137870",
      "t" : 1756434678993,
      "tn" : 1756434678993137870,
      "q" : "243.2",
      "p" : "0.12731",
      "s" : "sell",
      "i" : "MOVE_USD",
      "m" : "4611686018427532101"
    }, {
      "d" : "1756434476998034130",
      "t" : 1756434476998,
      "tn" : 1756434476998034130,
      "q" : "494.8",
      "p" : "0.12711",
      "s" : "sell",
      "i" : "MOVE_USD",
      "m" : "4611686018427532100"
    }, {
      "d" : "1756434476998032139",
      "t" : 1756434476998,
      "tn" : 1756434476998032139,
      "q" : "178.2",
      "p" : "0.12745",
      "s" : "sell",
      "i" : "MOVE_USD",
      "m" : "4611686018427532099"
    }, {
      "d" : "1756434400169076046",
      "t" : 1756434400169,
      "tn" : 1756434400169076046,
      "q" : "65.0",
      "p" : "0.12745",
      "s" : "sell",
      "i" : "MOVE_USD",
      "m" : "4611686018427532098"
    }, {
      "d" : "1756434206871144315",
      "t" : 1756434206871,
      "tn" : 1756434206871144315,
      "q" : "422.9",
      "p" : "0.12730",
      "s" : "sell",
      "i" : "MOVE_USD",
      "m" : "4611686018427532097"
    }, {
      "d" : "1756434206871142496",
      "t" : 1756434206871,
      "tn" : 1756434206871142496,
      "q" : "247.1",
      "p" : "0.12779",
      "s" : "sell",
      "i" : "MOVE_USD",
      "m" : "4611686018427532096"
    }, {
      "d" : "1756433611002528222",
      "t" : 1756433611002,
      "tn" : 1756433611002528222,
      "q" : "245.6",
      "p" : "0.12783",
      "s" : "buy",
      "i" : "MOVE_USD",
      "m" : "4611686018427532095"
    }, {
      "d" : "1756433606183667390",
      "t" : 1756433606183,
      "tn" : 1756433606183667390,
      "q" : "237.5",
      "p" : "0.12764",
      "s" : "buy",
      "i" : "MOVE_USD",
      "m" : "4611686018427532094"
    }, {
      "d" : "1756431080956865861",
      "t" : 1756431080956,
      "tn" : 1756431080956865861,
      "q" : "246.0",
      "p" : "0.12750",
      "s" : "sell",
      "i" : "MOVE_USD",
      "m" : "4611686018427532093"
    }, {
      "d" : "1756430401371002898",
      "t" : 1756430401371,
      "tn" : 1756430401371002898,
      "q" : "247.0",
      "p" : "0.12736",
      "s" : "sell",
      "i" : "MOVE_USD",
      "m" : "4611686018427532092"
    }, {
      "d" : "1756429607329112729",
      "t" : 1756429607329,
      "tn" : 1756429607329112729,
      "q" : "239.5",
      "p" : "0.12820",
      "s" : "sell",
      "i" : "MOVE_USD",
      "m" : "4611686018427532091"
    }, {
      "d" : "1756428089834789016",
      "t" : 1756428089834,
      "tn" : 1756428089834789016,
      "q" : "238.0",
      "p" : "0.12815",
      "s" : "sell",
      "i" : "MOVE_USD",
      "m" : "4611686018427532090"
    }, {
      "d" : "1756427852516273537",
      "t" : 1756427852516,
      "tn" : 1756427852516273537,
      "q" : "421.5",
      "p" : "0.12787",
      "s" : "sell",
      "i" : "MOVE_USD",
      "m" : "4611686018427532089"
    }, {
      "d" : "1756427852516271541",
      "t" : 1756427852516,
      "tn" : 1756427852516271541,
      "q" : "241.5",
      "p" : "0.12825",
      "s" : "sell",
      "i" : "MOVE_USD",
      "m" : "4611686018427532088"
    }, {
      "d" : "1756427682646829752",
      "t" : 1756427682646,
      "tn" : 1756427682646829752,
      "q" : "661.0",
      "p" : "0.12790",
      "s" : "sell",
      "i" : "MOVE_USD",
      "m" : "4611686018427532087"
    }, {
      "d" : "1756426622950276558",
      "t" : 1756426622950,
      "tn" : 1756426622950276558,
      "q" : "245.3",
      "p" : "0.12785",
      "s" : "buy",
      "i" : "MOVE_USD",
      "m" : "4611686018427532086"
    }, {
      "d" : "1756425719194811793",
      "t" : 1756425719194,
      "tn" : 1756425719194811793,
      "q" : "4927.4",
      "p" : "0.12782",
      "s" : "sell",
      "i" : "MOVE_USD",
      "m" : "4611686018427532085"
    }, {
      "d" : "1756425714107365766",
      "t" : 1756425714107,
      "tn" : 1756425714107365766,
      "q" : "223.0",
      "p" : "0.12781",
      "s" : "sell",
      "i" : "MOVE_USD",
      "m" : "4611686018427532084"
    }, {
      "d" : "1756425498937037125",
      "t" : 1756425498937,
      "tn" : 1756425498937037125,
      "q" : "244.9",
      "p" : "0.12793",
      "s" : "sell",
      "i" : "MOVE_USD",
      "m" : "4611686018427532083"
    }, {
      "d" : "1756422615858990693",
      "t" : 1756422615858,
      "tn" : 1756422615858990693,
      "q" : "417.5",
      "p" : "0.12840",
      "s" : "buy",
      "i" : "MOVE_USD",
      "m" : "4611686018427532082"
    }, {
      "d" : "1756422615858988494",
      "t" : 1756422615858,
      "tn" : 1756422615858988494,
      "q" : "246.9",
      "p" : "0.12804",
      "s" : "buy",
      "i" : "MOVE_USD",
      "m" : "4611686018427532081"
    }, {
      "d" : "1756422476244239337",
      "t" : 1756422476244,
      "tn" : 1756422476244239337,
      "q" : "248.0",
      "p" : "0.12803",
      "s" : "buy",
      "i" : "MOVE_USD",
      "m" : "4611686018427532080"
    }, {
      "d" : "1756422446533127036",
      "t" : 1756422446533,
      "tn" : 1756422446533127036,
      "q" : "240.0",
      "p" : "0.12802",
      "s" : "buy",
      "i" : "MOVE_USD",
      "m" : "4611686018427532079"
    }, {
      "d" : "1756422107272732065",
      "t" : 1756422107272,
      "tn" : 1756422107272732065,
      "q" : "420.1",
      "p" : "0.12857",
      "s" : "buy",
      "i" : "MOVE_USD",
      "m" : "4611686018427532078"
    }, {
      "d" : "1756422107272730083",
      "t" : 1756422107272,
      "tn" : 1756422107272730083,
      "q" : "247.8",
      "p" : "0.12827",
      "s" : "buy",
      "i" : "MOVE_USD",
      "m" : "4611686018427532077"
    }, {
      "d" : "1756420707786092114",
      "t" : 1756420707786,
      "tn" : 1756420707786092114,
      "q" : "1340.4",
      "p" : "0.12815",
      "s" : "buy",
      "i" : "MOVE_USD",
      "m" : "4611686018427532076"
    }, {
      "d" : "1756420707786089805",
      "t" : 1756420707786,
      "tn" : 1756420707786089805,
      "q" : "223.0",
      "p" : "0.12814",
      "s" : "buy",
      "i" : "MOVE_USD",
      "m" : "4611686018427532075"
    }, {
      "d" : "1756420421528402927",
      "t" : 1756420421528,
      "tn" : 1756420421528402927,
      "q" : "249.6",
      "p" : "0.12813",
      "s" : "sell",
      "i" : "MOVE_USD",
      "m" : "4611686018427532074"
    }, {
      "d" : "1756419848221357305",
      "t" : 1756419848221,
      "tn" : 1756419848221357305,
      "q" : "237.7",
      "p" : "0.12761",
      "s" : "sell",
      "i" : "MOVE_USD",
      "m" : "4611686018427532073"
    }, {
      "d" : "1756419848221354573",
      "t" : 1756419848221,
      "tn" : 1756419848221354573,
      "q" : "223.0",
      "p" : "0.12762",
      "s" : "sell",
      "i" : "MOVE_USD",
      "m" : "4611686018427532072"
    }, {
      "d" : "1756419529404923618",
      "t" : 1756419529404,
      "tn" : 1756419529404923618,
      "q" : "241.1",
      "p" : "0.12740",
      "s" : "sell",
      "i" : "MOVE_USD",
      "m" : "4611686018427532071"
    }, {
      "d" : "1756419451493922340",
      "t" : 1756419451493,
      "tn" : 1756419451493922340,
      "q" : "241.6",
      "p" : "0.12753",
      "s" : "sell",
      "i" : "MOVE_USD",
      "m" : "4611686018427532070"
    }, {
      "d" : "1756418900703619022",
      "t" : 1756418900703,
      "tn" : 1756418900703619022,
      "q" : "431.4",
      "p" : "0.12773",
      "s" : "buy",
      "i" : "MOVE_USD",
      "m" : "4611686018427532069"
    }, {
      "d" : "1756418900703616732",
      "t" : 1756418900703,
      "tn" : 1756418900703616732,
      "q" : "238.5",
      "p" : "0.12735",
      "s" : "buy",
      "i" : "MOVE_USD",
      "m" : "4611686018427532068"
    }, {
      "d" : "1756418663073030730",
      "t" : 1756418663073,
      "tn" : 1756418663073030730,
      "q" : "190.9",
      "p" : "0.12713",
      "s" : "buy",
      "i" : "MOVE_USD",
      "m" : "4611686018427532067"
    }, {
      "d" : "1756418595261501166",
      "t" : 1756418595261,
      "tn" : 1756418595261501166,
      "q" : "241.6",
      "p" : "0.12712",
      "s" : "buy",
      "i" : "MOVE_USD",
      "m" : "4611686018427532066"
    }, {
      "d" : "1756417946337492007",
      "t" : 1756417946337,
      "tn" : 1756417946337492007,
      "q" : "238.3",
      "p" : "0.12679",
      "s" : "buy",
      "i" : "MOVE_USD",
      "m" : "4611686018427532065"
    }, {
      "d" : "1756417707461274446",
      "t" : 1756417707461,
      "tn" : 1756417707461274446,
      "q" : "430.8",
      "p" : "0.12715",
      "s" : "buy",
      "i" : "MOVE_USD",
      "m" : "4611686018427532064"
    }, {
      "d" : "1756417707461272225",
      "t" : 1756417707461,
      "tn" : 1756417707461272225,
      "q" : "242.1",
      "p" : "0.12670",
      "s" : "buy",
      "i" : "MOVE_USD",
      "m" : "4611686018427532063"
    }, {
      "d" : "1756417401351418054",
      "t" : 1756417401351,
      "tn" : 1756417401351418054,
      "q" : "188.0",
      "p" : "0.12679",
      "s" : "buy",
      "i" : "MOVE_USD",
      "m" : "4611686018427532062"
    }, {
      "d" : "1756416813978049636",
      "t" : 1756416813978,
      "tn" : 1756416813978049636,
      "q" : "245.1",
      "p" : "0.12687",
      "s" : "sell",
      "i" : "MOVE_USD",
      "m" : "4611686018427532061"
    }, {
      "d" : "1756416195744907506",
      "t" : 1756416195744,
      "tn" : 1756416195744907506,
      "q" : "3023.7",
      "p" : "0.12687",
      "s" : "buy",
      "i" : "MOVE_USD",
      "m" : "4611686018427532060"
    }, {
      "d" : "1756413708959127296",
      "t" : 1756413708959,
      "tn" : 1756413708959127296,
      "q" : "796.0",
      "p" : "0.12576",
      "s" : "buy",
      "i" : "MOVE_USD",
      "m" : "4611686018427532059"
    }, {
      "d" : "1756406840825161768",
      "t" : 1756406840825,
      "tn" : 1756406840825161768,
      "q" : "248.1",
      "p" : "0.12576",
      "s" : "buy",
      "i" : "MOVE_USD",
      "m" : "4611686018427532058"
    }, {
      "d" : "1756406398365433869",
      "t" : 1756406398365,
      "tn" : 1756406398365433869,
      "q" : "238.7",
      "p" : "0.12605",
      "s" : "buy",
      "i" : "MOVE_USD",
      "m" : "4611686018427532057"
    }, {
      "d" : "1756406024685294687",
      "t" : 1756406024685,
      "tn" : 1756406024685294687,
      "q" : "207.2",
      "p" : "0.12610",
      "s" : "buy",
      "i" : "MOVE_USD",
      "m" : "4611686018427532056"
    }, {
      "d" : "1756406024685292946",
      "t" : 1756406024685,
      "tn" : 1756406024685292946,
      "q" : "223.0",
      "p" : "0.12608",
      "s" : "buy",
      "i" : "MOVE_USD",
      "m" : "4611686018427532055"
    }, {
      "d" : "1756406024685290020",
      "t" : 1756406024685,
      "tn" : 1756406024685290020,
      "q" : "245.7",
      "p" : "0.12574",
      "s" : "buy",
      "i" : "MOVE_USD",
      "m" : "4611686018427532054"
    }, {
      "d" : "1756404526659888958",
      "t" : 1756404526659,
      "tn" : 1756404526659888958,
      "q" : "197.8",
      "p" : "0.12503",
      "s" : "buy",
      "i" : "MOVE_USD",
      "m" : "4611686018427532053"
    }, {
      "d" : "1756404152995862693",
      "t" : 1756404152995,
      "tn" : 1756404152995862693,
      "q" : "240.1",
      "p" : "0.12543",
      "s" : "buy",
      "i" : "MOVE_USD",
      "m" : "4611686018427532052"
    }, {
      "d" : "1756403792768770711",
      "t" : 1756403792768,
      "tn" : 1756403792768770711,
      "q" : "246.1",
      "p" : "0.12559",
      "s" : "buy",
      "i" : "MOVE_USD",
      "m" : "4611686018427532051"
    }, {
      "d" : "1756402791160339236",
      "t" : 1756402791160,
      "tn" : 1756402791160339236,
      "q" : "238.3",
      "p" : "0.12604",
      "s" : "buy",
      "i" : "MOVE_USD",
      "m" : "4611686018427532050"
    }, {
      "d" : "1756400703390108314",
      "t" : 1756400703390,
      "tn" : 1756400703390108314,
      "q" : "83.2",
      "p" : "0.12505",
      "s" : "sell",
      "i" : "MOVE_USD",
      "m" : "4611686018427532049"
    }, {
      "d" : "1756400703390106379",
      "t" : 1756400703390,
      "tn" : 1756400703390106379,
      "q" : "348.8",
      "p" : "0.12506",
      "s" : "sell",
      "i" : "MOVE_USD",
      "m" : "4611686018427532048"
    }, {
      "d" : "1756400703390103819",
      "t" : 1756400703390,
      "tn" : 1756400703390103819,
      "q" : "242.0",
      "p" : "0.12548",
      "s" : "sell",
      "i" : "MOVE_USD",
      "m" : "4611686018427532047"
    }, {
      "d" : "1756399989609954225",
      "t" : 1756399989609,
      "tn" : 1756399989609954225,
      "q" : "205.4",
      "p" : "0.12652",
      "s" : "sell",
      "i" : "MOVE_USD",
      "m" : "4611686018427532046"
    }, {
      "d" : "1756399989609952332",
      "t" : 1756399989609,
      "tn" : 1756399989609952332,
      "q" : "223.0",
      "p" : "0.12654",
      "s" : "sell",
      "i" : "MOVE_USD",
      "m" : "4611686018427532045"
    }, {
      "d" : "1756399989609948807",
      "t" : 1756399989609,
      "tn" : 1756399989609948807,
      "q" : "242.6",
      "p" : "0.12690",
      "s" : "sell",
      "i" : "MOVE_USD",
      "m" : "4611686018427532044"
    }, {
      "d" : "1756399902185698241",
      "t" : 1756399902185,
      "tn" : 1756399902185698241,
      "q" : "535.7",
      "p" : "0.12739",
      "s" : "buy",
      "i" : "MOVE_USD",
      "m" : "4611686018427532043"
    }, {
      "d" : "1756399902185696486",
      "t" : 1756399902185,
      "tn" : 1756399902185696486,
      "q" : "223.0",
      "p" : "0.12737",
      "s" : "buy",
      "i" : "MOVE_USD",
      "m" : "4611686018427532042"
    }, {
      "d" : "1756399902185693493",
      "t" : 1756399902185,
      "tn" : 1756399902185693493,
      "q" : "241.3",
      "p" : "0.12700",
      "s" : "buy",
      "i" : "MOVE_USD",
      "m" : "4611686018427532041"
    }, {
      "d" : "1756399888285017211",
      "t" : 1756399888285,
      "tn" : 1756399888285017211,
      "q" : "244.0",
      "p" : "0.12680",
      "s" : "sell",
      "i" : "MOVE_USD",
      "m" : "4611686018427532040"
    }, {
      "d" : "1756399854384274060",
      "t" : 1756399854384,
      "tn" : 1756399854384274060,
      "q" : "245.0",
      "p" : "0.12681",
      "s" : "sell",
      "i" : "MOVE_USD",
      "m" : "4611686018427532039"
    }, {
      "d" : "1756399583605460871",
      "t" : 1756399583605,
      "tn" : 1756399583605460871,
      "q" : "423.7",
      "p" : "0.12635",
      "s" : "sell",
      "i" : "MOVE_USD",
      "m" : "4611686018427532038"
    }, {
      "d" : "1756399583605459113",
      "t" : 1756399583605,
      "tn" : 1756399583605459113,
      "q" : "240.3",
      "p" : "0.12672",
      "s" : "sell",
      "i" : "MOVE_USD",
      "m" : "4611686018427532037"
    }, {
      "d" : "1756399472877975227",
      "t" : 1756399472877,
      "tn" : 1756399472877975227,
      "q" : "247.5",
      "p" : "0.12678",
      "s" : "sell",
      "i" : "MOVE_USD",
      "m" : "4611686018427532036"
    }, {
      "d" : "1756399472797719082",
      "t" : 1756399472797,
      "tn" : 1756399472797719082,
      "q" : "246.6",
      "p" : "0.12679",
      "s" : "sell",
      "i" : "MOVE_USD",
      "m" : "4611686018427532035"
    }, {
      "d" : "1756398989830229675",
      "t" : 1756398989830,
      "tn" : 1756398989830229675,
      "q" : "243.8",
      "p" : "0.12712",
      "s" : "sell",
      "i" : "MOVE_USD",
      "m" : "4611686018427532034"
    }, {
      "d" : "1756398913422924819",
      "t" : 1756398913422,
      "tn" : 1756398913422924819,
      "q" : "5429.5",
      "p" : "0.12704",
      "s" : "sell",
      "i" : "MOVE_USD",
      "m" : "4611686018427532033"
    }, {
      "d" : "1756398909392893250",
      "t" : 1756398909392,
      "tn" : 1756398909392893250,
      "q" : "240.1",
      "p" : "0.12739",
      "s" : "sell",
      "i" : "MOVE_USD",
      "m" : "4611686018427532032"
    }, {
      "d" : "1756398909377261640",
      "t" : 1756398909377,
      "tn" : 1756398909377261640,
      "q" : "247.1",
      "p" : "0.12749",
      "s" : "sell",
      "i" : "MOVE_USD",
      "m" : "4611686018427532031"
    }, {
      "d" : "1756398680330037203",
      "t" : 1756398680330,
      "tn" : 1756398680330037203,
      "q" : "242.9",
      "p" : "0.12770",
      "s" : "sell",
      "i" : "MOVE_USD",
      "m" : "4611686018427532030"
    }, {
      "d" : "1756398641122331174",
      "t" : 1756398641122,
      "tn" : 1756398641122331174,
      "q" : "249.1",
      "p" : "0.12759",
      "s" : "sell",
      "i" : "MOVE_USD",
      "m" : "4611686018427532029"
    }, {
      "d" : "1756398575764015894",
      "t" : 1756398575764,
      "tn" : 1756398575764015894,
      "q" : "247.9",
      "p" : "0.12780",
      "s" : "sell",
      "i" : "MOVE_USD",
      "m" : "4611686018427532028"
    }, {
      "d" : "1756398565552931187",
      "t" : 1756398565552,
      "tn" : 1756398565552931187,
      "q" : "239.9",
      "p" : "0.12790",
      "s" : "sell",
      "i" : "MOVE_USD",
      "m" : "4611686018427532027"
    }, {
      "d" : "1756398419180205324",
      "t" : 1756398419180,
      "tn" : 1756398419180205324,
      "q" : "246.7",
      "p" : "0.12762",
      "s" : "sell",
      "i" : "MOVE_USD",
      "m" : "4611686018427532026"
    }, {
      "d" : "1756398134431374924",
      "t" : 1756398134431,
      "tn" : 1756398134431374924,
      "q" : "238.2",
      "p" : "0.12753",
      "s" : "sell",
      "i" : "MOVE_USD",
      "m" : "4611686018427532025"
    }, {
      "d" : "1756397825601360893",
      "t" : 1756397825601,
      "tn" : 1756397825601360893,
      "q" : "249.5",
      "p" : "0.12769",
      "s" : "sell",
      "i" : "MOVE_USD",
      "m" : "4611686018427532024"
    }, {
      "d" : "1756397388351996026",
      "t" : 1756397388351,
      "tn" : 1756397388351996026,
      "q" : "246.3",
      "p" : "0.12708",
      "s" : "sell",
      "i" : "MOVE_USD",
      "m" : "4611686018427532023"
    }, {
      "d" : "1756397310681997554",
      "t" : 1756397310681,
      "tn" : 1756397310681997554,
      "q" : "248.0",
      "p" : "0.12740",
      "s" : "sell",
      "i" : "MOVE_USD",
      "m" : "4611686018427532022"
    }, {
      "d" : "1756397310681995160",
      "t" : 1756397310681,
      "tn" : 1756397310681995160,
      "q" : "1502.1",
      "p" : "0.12741",
      "s" : "sell",
      "i" : "MOVE_USD",
      "m" : "4611686018427532021"
    }, {
      "d" : "1756397192829943733",
      "t" : 1756397192829,
      "tn" : 1756397192829943733,
      "q" : "240.1",
      "p" : "0.12749",
      "s" : "sell",
      "i" : "MOVE_USD",
      "m" : "4611686018427532020"
    }, {
      "d" : "1756397184678754301",
      "t" : 1756397184678,
      "tn" : 1756397184678754301,
      "q" : "244.6",
      "p" : "0.12762",
      "s" : "sell",
      "i" : "MOVE_USD",
      "m" : "4611686018427532019"
    }, {
      "d" : "1756396990670175645",
      "t" : 1756396990670,
      "tn" : 1756396990670175645,
      "q" : "246.7",
      "p" : "0.12697",
      "s" : "sell",
      "i" : "MOVE_USD",
      "m" : "4611686018427532018"
    }, {
      "d" : "1756396968678301721",
      "t" : 1756396968678,
      "tn" : 1756396968678301721,
      "q" : "241.1",
      "p" : "0.12696",
      "s" : "sell",
      "i" : "MOVE_USD",
      "m" : "4611686018427532017"
    }, {
      "d" : "1756396889067523275",
      "t" : 1756396889067,
      "tn" : 1756396889067523275,
      "q" : "223.0",
      "p" : "0.12725",
      "s" : "sell",
      "i" : "MOVE_USD",
      "m" : "4611686018427532016"
    }, {
      "d" : "1756396708704306573",
      "t" : 1756396708704,
      "tn" : 1756396708704306573,
      "q" : "4967.2",
      "p" : "0.12674",
      "s" : "sell",
      "i" : "MOVE_USD",
      "m" : "4611686018427532015"
    }, {
      "d" : "1756396287061306696",
      "t" : 1756396287061,
      "tn" : 1756396287061306696,
      "q" : "238.3",
      "p" : "0.12684",
      "s" : "sell",
      "i" : "MOVE_USD",
      "m" : "4611686018427532014"
    }, {
      "d" : "1756396287032040351",
      "t" : 1756396287032,
      "tn" : 1756396287032040351,
      "q" : "239.6",
      "p" : "0.12685",
      "s" : "sell",
      "i" : "MOVE_USD",
      "m" : "4611686018427532013"
    }, {
      "d" : "1756396270179089424",
      "t" : 1756396270179,
      "tn" : 1756396270179089424,
      "q" : "245.1",
      "p" : "0.12694",
      "s" : "sell",
      "i" : "MOVE_USD",
      "m" : "4611686018427532012"
    }, {
      "d" : "1756396255972841741",
      "t" : 1756396255972,
      "tn" : 1756396255972841741,
      "q" : "243.2",
      "p" : "0.12695",
      "s" : "sell",
      "i" : "MOVE_USD",
      "m" : "4611686018427532011"
    }, {
      "d" : "1756396235143071055",
      "t" : 1756396235143,
      "tn" : 1756396235143071055,
      "q" : "241.9",
      "p" : "0.12707",
      "s" : "sell",
      "i" : "MOVE_USD",
      "m" : "4611686018427532010"
    }, {
      "d" : "1756396190384962073",
      "t" : 1756396190384,
      "tn" : 1756396190384962073,
      "q" : "247.7",
      "p" : "0.12738",
      "s" : "sell",
      "i" : "MOVE_USD",
      "m" : "4611686018427532009"
    }, {
      "d" : "1756396179622059495",
      "t" : 1756396179622,
      "tn" : 1756396179622059495,
      "q" : "240.5",
      "p" : "0.12738",
      "s" : "sell",
      "i" : "MOVE_USD",
      "m" : "4611686018427532008"
    }, {
      "d" : "1756396169732002490",
      "t" : 1756396169732,
      "tn" : 1756396169732002490,
      "q" : "237.8",
      "p" : "0.12749",
      "s" : "sell",
      "i" : "MOVE_USD",
      "m" : "4611686018427532007"
    }, {
      "d" : "1756395915589256492",
      "t" : 1756395915589,
      "tn" : 1756395915589256492,
      "q" : "1564.0",
      "p" : "0.12800",
      "s" : "sell",
      "i" : "MOVE_USD",
      "m" : "4611686018427532006"
    }, {
      "d" : "1756395772096139314",
      "t" : 1756395772096,
      "tn" : 1756395772096139314,
      "q" : "244.7",
      "p" : "0.12848",
      "s" : "buy",
      "i" : "MOVE_USD",
      "m" : "4611686018427532005"
    }, {
      "d" : "1756395374741199089",
      "t" : 1756395374741,
      "tn" : 1756395374741199089,
      "q" : "223.0",
      "p" : "0.12980",
      "s" : "buy",
      "i" : "MOVE_USD",
      "m" : "4611686018427532004"
    }, {
      "d" : "1756395229700230951",
      "t" : 1756395229700,
      "tn" : 1756395229700230951,
      "q" : "244.6",
      "p" : "0.12956",
      "s" : "sell",
      "i" : "MOVE_USD",
      "m" : "4611686018427532003"
    }, {
      "d" : "1756395212565143442",
      "t" : 1756395212565,
      "tn" : 1756395212565143442,
      "q" : "241.9",
      "p" : "0.12974",
      "s" : "buy",
      "i" : "MOVE_USD",
      "m" : "4611686018427532002"
    }, {
      "d" : "1756395166881262167",
      "t" : 1756395166881,
      "tn" : 1756395166881262167,
      "q" : "239.4",
      "p" : "0.13022",
      "s" : "buy",
      "i" : "MOVE_USD",
      "m" : "4611686018427532001"
    }, {
      "d" : "1756395155817981043",
      "t" : 1756395155817,
      "tn" : 1756395155817981043,
      "q" : "248.1",
      "p" : "0.13030",
      "s" : "buy",
      "i" : "MOVE_USD",
      "m" : "4611686018427532000"
    }, {
      "d" : "1756395149755075601",
      "t" : 1756395149755,
      "tn" : 1756395149755075601,
      "q" : "241.9",
      "p" : "0.13020",
      "s" : "buy",
      "i" : "MOVE_USD",
      "m" : "4611686018427531999"
    }, {
      "d" : "1756395143141927274",
      "t" : 1756395143141,
      "tn" : 1756395143141927274,
      "q" : "245.9",
      "p" : "0.13009",
      "s" : "buy",
      "i" : "MOVE_USD",
      "m" : "4611686018427531998"
    }, {
      "d" : "1756395142595354242",
      "t" : 1756395142595,
      "tn" : 1756395142595354242,
      "q" : "246.5",
      "p" : "0.12993",
      "s" : "buy",
      "i" : "MOVE_USD",
      "m" : "4611686018427531997"
    }, {
      "d" : "1756395130627447689",
      "t" : 1756395130627,
      "tn" : 1756395130627447689,
      "q" : "248.0",
      "p" : "0.13000",
      "s" : "buy",
      "i" : "MOVE_USD",
      "m" : "4611686018427531996"
    }, {
      "d" : "1756395123241161981",
      "t" : 1756395123241,
      "tn" : 1756395123241161981,
      "q" : "237.7",
      "p" : "0.13025",
      "s" : "buy",
      "i" : "MOVE_USD",
      "m" : "4611686018427531995"
    }, {
      "d" : "1756395120036860568",
      "t" : 1756395120036,
      "tn" : 1756395120036860568,
      "q" : "247.7",
      "p" : "0.13011",
      "s" : "buy",
      "i" : "MOVE_USD",
      "m" : "4611686018427531994"
    }, {
      "d" : "1756395115927693982",
      "t" : 1756395115927,
      "tn" : 1756395115927693982,
      "q" : "242.3",
      "p" : "0.13010",
      "s" : "buy",
      "i" : "MOVE_USD",
      "m" : "4611686018427531993"
    }, {
      "d" : "1756395093297018924",
      "t" : 1756395093297,
      "tn" : 1756395093297018924,
      "q" : "240.9",
      "p" : "0.13025",
      "s" : "buy",
      "i" : "MOVE_USD",
      "m" : "4611686018427531992"
    }, {
      "d" : "1756395087566939960",
      "t" : 1756395087566,
      "tn" : 1756395087566939960,
      "q" : "243.5",
      "p" : "0.13029",
      "s" : "buy",
      "i" : "MOVE_USD",
      "m" : "4611686018427531991"
    }, {
      "d" : "1756395087559145510",
      "t" : 1756395087559,
      "tn" : 1756395087559145510,
      "q" : "244.7",
      "p" : "0.13023",
      "s" : "buy",
      "i" : "MOVE_USD",
      "m" : "4611686018427531990"
    }, {
      "d" : "1756395075190405237",
      "t" : 1756395075190,
      "tn" : 1756395075190405237,
      "q" : "248.5",
      "p" : "0.13019",
      "s" : "buy",
      "i" : "MOVE_USD",
      "m" : "4611686018427531989"
    }, {
      "d" : "1756395072066991493",
      "t" : 1756395072066,
      "tn" : 1756395072066991493,
      "q" : "247.1",
      "p" : "0.12996",
      "s" : "buy",
      "i" : "MOVE_USD",
      "m" : "4611686018427531988"
    }, {
      "d" : "1756395071455183068",
      "t" : 1756395071455,
      "tn" : 1756395071455183068,
      "q" : "247.9",
      "p" : "0.12982",
      "s" : "buy",
      "i" : "MOVE_USD",
      "m" : "4611686018427531987"
    }, {
      "d" : "1756395069728249344",
      "t" : 1756395069728,
      "tn" : 1756395069728249344,
      "q" : "243.8",
      "p" : "0.12991",
      "s" : "buy",
      "i" : "MOVE_USD",
      "m" : "4611686018427531986"
    }, {
      "d" : "1756395069464939827",
      "t" : 1756395069464,
      "tn" : 1756395069464939827,
      "q" : "248.6",
      "p" : "0.13002",
      "s" : "sell",
      "i" : "MOVE_USD",
      "m" : "4611686018427531985"
    }, {
      "d" : "1756395056440970523",
      "t" : 1756395056440,
      "tn" : 1756395056440970523,
      "q" : "240.9",
      "p" : "0.13032",
      "s" : "buy",
      "i" : "MOVE_USD",
      "m" : "4611686018427531984"
    } ]
  }
}