{
  "id" : -1,
  "method" : "public/get-trades",
  "code" : 0,
  "result" : {
    "data" : [ {
      "d" : "1756451500558965696",
      "t" : 1756451500558,
      "tn" : 1756451500558965696,
      "q" : "797",
      "p" : "0.1252",
      "s" : "sell",
      "i" : "MOVEUSD-PERP",
      "m" : "4611686018427416634"
    }, {
      "d" : "1756395069466484964",
      "t" : 1756395069466,
      "tn" : 1756395069466484964,
      "q" : "770",
      "p" : "0.1298",
      "s" : "sell",
      "i" : "MOVEUSD-PERP",
      "m" : "4611686018427416633"
    }, {
      "d" : "1756394788454487295",
      "t" : 1756394788454,
      "tn" : 1756394788454487294,
      "q" : "1",
      "p" : "0.1304",
      "s" : "buy",
      "i" : "MOVEUSD-PERP",
      "m" : "4611686018427416632"
    }, {
      "d" : "1756394788454487294",
      "t" : 1756394788454,
      "tn" : 1756394788454487294,
      "q" : "1",
      "p" : "0.1304",
      "s" : "buy",
      "i" : "MOVEUSD-PERP",
      "m" : "4611686018427416632"
    }, {
      "d" : "1756388127102675025",
      "t" : 1756388127102,
      "tn" : 1756388127102675025,
      "q" : "798",
      "p" : "0.1252",
      "s" : "sell",
      "i" : "MOVEUSD-PERP",
      "m" : "4611686018427416631"
    }, {
      "d" : "1756388127101961853",
      "t" : 1756388127101,
      "tn" : 1756388127101961852,
      "q" : "1",
      "p" : "0.1253",
      "s" : "sell",
      "i" : "MOVEUSD-PERP",
      "m" : "4611686018427416630"
    }, {
      "d" : "1756388127101961852",
      "t" : 1756388127101,
      "tn" : 1756388127101961852,
      "q" : "399",
      "p" : "0.1253",
      "s" : "sell",
      "i" : "MOVEUSD-PERP",
      "m" : "4611686018427416630"
    }, {
      "d" : "1756388127101958597",
      "t" : 1756388127101,
      "tn" : 1756388127101958596,
      "q" : "1",
      "p" : "0.1254",
      "s" : "sell",
      "i" : "MOVEUSD-PERP",
      "m" : "4611686018427416629"
    }, {
      "d" : "1756388127101958596",
      "t" : 1756388127101,
      "tn" : 1756388127101958596,
      "q" : "796",
      "p" : "0.1254",
      "s" : "sell",
      "i" : "MOVEUSD-PERP",
      "m" : "4611686018427416629"
    }, {
      "d" : "1756387892768954561",
      "t" : 1756387892768,
      "tn" : 1756387892768954561,
      "q" : "8716",
      "p" : "0.1259",
      "s" : "buy",
      "i" : "MOVEUSD-PERP",
      "m" : "4611686018427416628"
    }, {
      "d" : "1756387859381027787",
      "t" : 1756387859381,
      "tn" : 1756387859381027787,
      "q" : "1",
      "p" : "0.1261",
      "s" : "sell",
      "i" : "MOVEUSD-PERP",
      "m" : "4611686018427416627"
    }, {
      "d" : "1756387859380520562",
      "t" : 1756387859380,
      "tn" : 1756387859380520562,
      "q" : "1",
      "p" : "0.1262",
      "s" : "sell",
      "i" : "MOVEUSD-PERP",
      "m" : "4611686018427416626"
    }, {
      "d" : "1756387859379993230",
      "t" : 1756387859379,
      "tn" : 1756387859379993230,
      "q" : "791",
      "p" : "0.1262",
      "s" : "sell",
      "i" : "MOVEUSD-PERP",
      "m" : "4611686018427416625"
    }, {
      "d" : "1756387859379989747",
      "t" : 1756387859379,
      "tn" : 1756387859379989747,
      "q" : "790",
      "p" : "0.1264",
      "s" : "sell",
      "i" : "MOVEUSD-PERP",
      "m" : "4611686018427416624"
    }, {
      "d" : "1756387853832043118",
      "t" : 1756387853832,
      "tn" : 1756387853832043118,
      "q" : "7969",
      "p" : "0.1270",
      "s" : "sell",
      "i" : "MOVEUSD-PERP",
      "m" : "4611686018427416623"
    }, {
      "d" : "1756387853830959704",
      "t" : 1756387853830,
      "tn" : 1756387853830959704,
      "q" : "784",
      "p" : "0.1270",
      "s" : "sell",
      "i" : "MOVEUSD-PERP",
      "m" : "4611686018427416622"
    }, {
      "d" : "1756387853825032078",
      "t" : 1756387853825,
      "tn" : 1756387853825032078,
      "q" : "393",
      "p" : "0.1272",
      "s" : "sell",
      "i" : "MOVEUSD-PERP",
      "m" : "4611686018427416621"
    }, {
      "d" : "1756387853825030129",
      "t" : 1756387853825,
      "tn" : 1756387853825030129,
      "q" : "784",
      "p" : "0.1273",
      "s" : "sell",
      "i" : "MOVEUSD-PERP",
      "m" : "4611686018427416620"
    }, {
      "d" : "1756387853825027675",
      "t" : 1756387853825,
      "tn" : 1756387853825027675,
      "q" : "1",
      "p" : "0.1274",
      "s" : "sell",
      "i" : "MOVEUSD-PERP",
      "m" : "4611686018427416619"
    }, {
      "d" : "1756387853825025458",
      "t" : 1756387853825,
      "tn" : 1756387853825025458,
      "q" : "1",
      "p" : "0.1276",
      "s" : "sell",
      "i" : "MOVEUSD-PERP",
      "m" : "4611686018427416618"
    }, {
      "d" : "1756387848766930803",
      "t" : 1756387848766,
      "tn" : 1756387848766930803,
      "q" : "782",
      "p" : "0.1278",
      "s" : "sell",
      "i" : "MOVEUSD-PERP",
      "m" : "4611686018427416617"
    }, {
      "d" : "1756387837951130208",
      "t" : 1756387837951,
      "tn" : 1756387837951130208,
      "q" : "962",
      "p" : "0.1280",
      "s" : "buy",
      "i" : "MOVEUSD-PERP",
      "m" : "4611686018427416616"
    }, {
      "d" : "1756387837951128042",
      "t" : 1756387837951,
      "tn" : 1756387837951128042,
      "q" : "11792",
      "p" : "0.1279",
      "s" : "buy",
      "i" : "MOVEUSD-PERP",
      "m" : "4611686018427416615"
    }, {
      "d" : "1756387837948953609",
      "t" : 1756387837948,
      "tn" : 1756387837948953609,
      "q" : "779",
      "p" : "0.1277",
      "s" : "buy",
      "i" : "MOVEUSD-PERP",
      "m" : "4611686018427416614"
    }, {
      "d" : "1756387837948948463",
      "t" : 1756387837948,
      "tn" : 1756387837948948462,
      "q" : "1",
      "p" : "0.1276",
      "s" : "buy",
      "i" : "MOVEUSD-PERP",
      "m" : "4611686018427416613"
    }, {
      "d" : "1756387837948948462",
      "t" : 1756387837948,
      "tn" : 1756387837948948462,
      "q" : "1",
      "p" : "0.1276",
      "s" : "buy",
      "i" : "MOVEUSD-PERP",
      "m" : "4611686018427416613"
    }, {
      "d" : "1756387837802463070",
      "t" : 1756387837802,
      "tn" : 1756387837802463069,
      "q" : "1",
      "p" : "0.1273",
      "s" : "buy",
      "i" : "MOVEUSD-PERP",
      "m" : "4611686018427416612"
    }, {
      "d" : "1756387837802463069",
      "t" : 1756387837802,
      "tn" : 1756387837802463069,
      "q" : "339",
      "p" : "0.1273",
      "s" : "buy",
      "i" : "MOVEUSD-PERP",
      "m" : "4611686018427416612"
    } ]
  }
}