{
  "id" : -1,
  "method" : "public/get-trades",
  "code" : 0,
  "result" : {
    "data" : [ {
      "d" : "1756459848256713316",
      "t" : 1756459848256,
      "tn" : 1756459848256713316,
      "q" : "2.05",
      "p" : "6.351",
      "s" : "buy",
      "i" : "MOVR_USD",
      "m" : "4611686018430255509"
    }, {
      "d" : "1756459178534463447",
      "t" : 1756459178534,
      "tn" : 1756459178534463447,
      "q" : "58.32",
      "p" : "6.345",
      "s" : "sell",
      "i" : "MOVR_USD",
      "m" : "4611686018430255508"
    }, {
      "d" : "1756459178528629486",
      "t" : 1756459178528,
      "tn" : 1756459178528629486,
      "q" : "0.82",
      "p" : "6.345",
      "s" : "buy",
      "i" : "MOVR_USD",
      "m" : "4611686018430255507"
    }, {
      "d" : "1756458666289119466",
      "t" : 1756458666289,
      "tn" : 1756458666289119466,
      "q" : "3.04",
      "p" : "6.323",
      "s" : "buy",
      "i" : "MOVR_USD",
      "m" : "4611686018430255506"
    }, {
      "d" : "1756457681142853455",
      "t" : 1756457681142,
      "tn" : 1756457681142853455,
      "q" : "5.01",
      "p" : "6.324",
      "s" : "sell",
      "i" : "MOVR_USD",
      "m" : "4611686018430255505"
    }, {
      "d" : "1756457655032070922",
      "t" : 1756457655032,
      "tn" : 1756457655032070922,
      "q" : "103.20",
      "p" : "6.359",
      "s" : "sell",
      "i" : "MOVR_USD",
      "m" : "4611686018430255504"
    }, {
      "d" : "1756457655032068082",
      "t" : 1756457655032,
      "tn" : 1756457655032068082,
      "q" : "9.19",
      "p" : "6.360",
      "s" : "sell",
      "i" : "MOVR_USD",
      "m" : "4611686018430255503"
    }, {
      "d" : "1756457655031848042",
      "t" : 1756457655031,
      "tn" : 1756457655031848042,
      "q" : "3.86",
      "p" : "6.368",
      "s" : "sell",
      "i" : "MOVR_USD",
      "m" : "4611686018430255502"
    }, {
      "d" : "1756456311756332000",
      "t" : 1756456311756,
      "tn" : 1756456311756331999,
      "q" : "0.22",
      "p" : "6.415",
      "s" : "buy",
      "i" : "MOVR_USD",
      "m" : "4611686018430255501"
    }, {
      "d" : "1756456311756331999",
      "t" : 1756456311756,
      "tn" : 1756456311756331999,
      "q" : "1.20",
      "p" : "6.415",
      "s" : "buy",
      "i" : "MOVR_USD",
      "m" : "4611686018430255501"
    }, {
      "d" : "1756456236114317536",
      "t" : 1756456236114,
      "tn" : 1756456236114317536,
      "q" : "1.20",
      "p" : "6.395",
      "s" : "sell",
      "i" : "MOVR_USD",
      "m" : "4611686018430255500"
    }, {
      "d" : "1756455628956774250",
      "t" : 1756455628956,
      "tn" : 1756455628956774250,
      "q" : "7.58",
      "p" : "6.406",
      "s" : "buy",
      "i" : "MOVR_USD",
      "m" : "4611686018430255499"
    }, {
      "d" : "1756455487885808808",
      "t" : 1756455487885,
      "tn" : 1756455487885808808,
      "q" : "1.16",
      "p" : "6.417",
      "s" : "sell",
      "i" : "MOVR_USD",
      "m" : "4611686018430255498"
    }, {
      "d" : "1756455487877666879",
      "t" : 1756455487877,
      "tn" : 1756455487877666879,
      "q" : "0.95",
      "p" : "6.417",
      "s" : "buy",
      "i" : "MOVR_USD",
      "m" : "4611686018430255497"
    }, {
      "d" : "1756455260018664895",
      "t" : 1756455260018,
      "tn" : 1756455260018664895,
      "q" : "2.91",
      "p" : "6.436",
      "s" : "buy",
      "i" : "MOVR_USD",
      "m" : "4611686018430255496"
    }, {
      "d" : "1756452674763018703",
      "t" : 1756452674763,
      "tn" : 1756452674763018703,
      "q" : "75.39",
      "p" : "6.424",
      "s" : "sell",
      "i" : "MOVR_USD",
      "m" : "4611686018430255495"
    }, {
      "d" : "1756451976073995855",
      "t" : 1756451976073,
      "tn" : 1756451976073995855,
      "q" : "6.62",
      "p" : "6.474",
      "s" : "sell",
      "i" : "MOVR_USD",
      "m" : "4611686018430255494"
    }, {
      "d" : "1756451976073993385",
      "t" : 1756451976073,
      "tn" : 1756451976073993385,
      "q" : "3.86",
      "p" : "6.478",
      "s" : "sell",
      "i" : "MOVR_USD",
      "m" : "4611686018430255493"
    }, {
      "d" : "1756450992776751330",
      "t" : 1756450992776,
      "tn" : 1756450992776751330,
      "q" : "11.60",
      "p" : "6.539",
      "s" : "sell",
      "i" : "MOVR_USD",
      "m" : "4611686018430255492"
    }, {
      "d" : "1756450992767977103",
      "t" : 1756450992767,
      "tn" : 1756450992767977103,
      "q" : "3.86",
      "p" : "6.539",
      "s" : "buy",
      "i" : "MOVR_USD",
      "m" : "4611686018430255491"
    }, {
      "d" : "1756450946068347367",
      "t" : 1756450946068,
      "tn" : 1756450946068347367,
      "q" : "1.83",
      "p" : "6.563",
      "s" : "sell",
      "i" : "MOVR_USD",
      "m" : "4611686018430255490"
    }, {
      "d" : "1756450274071626804",
      "t" : 1756450274071,
      "tn" : 1756450274071626804,
      "q" : "92.74",
      "p" : "6.595",
      "s" : "buy",
      "i" : "MOVR_USD",
      "m" : "4611686018430255489"
    }, {
      "d" : "1756450273761057549",
      "t" : 1756450273761,
      "tn" : 1756450273761057549,
      "q" : "103.20",
      "p" : "6.593",
      "s" : "buy",
      "i" : "MOVR_USD",
      "m" : "4611686018430255488"
    }, {
      "d" : "1756447968624793984",
      "t" : 1756447968624,
      "tn" : 1756447968624793984,
      "q" : "83.51",
      "p" : "6.656",
      "s" : "sell",
      "i" : "MOVR_USD",
      "m" : "4611686018430255487"
    }, {
      "d" : "1756447968624791827",
      "t" : 1756447968624,
      "tn" : 1756447968624791827,
      "q" : "103.20",
      "p" : "6.658",
      "s" : "sell",
      "i" : "MOVR_USD",
      "m" : "4611686018430255486"
    }, {
      "d" : "1756447968624788506",
      "t" : 1756447968624,
      "tn" : 1756447968624788506,
      "q" : "3.86",
      "p" : "6.660",
      "s" : "sell",
      "i" : "MOVR_USD",
      "m" : "4611686018430255485"
    }, {
      "d" : "1756444437553875448",
      "t" : 1756444437553,
      "tn" : 1756444437553875448,
      "q" : "9.38",
      "p" : "6.714",
      "s" : "sell",
      "i" : "MOVR_USD",
      "m" : "4611686018430255484"
    }, {
      "d" : "1756444437550093810",
      "t" : 1756444437550,
      "tn" : 1756444437550093810,
      "q" : "3.86",
      "p" : "6.714",
      "s" : "buy",
      "i" : "MOVR_USD",
      "m" : "4611686018430255483"
    }, {
      "d" : "1756442308894597171",
      "t" : 1756442308894,
      "tn" : 1756442308894597171,
      "q" : "5.22",
      "p" : "6.731",
      "s" : "sell",
      "i" : "MOVR_USD",
      "m" : "4611686018430255482"
    }, {
      "d" : "1756440686207463351",
      "t" : 1756440686207,
      "tn" : 1756440686207463351,
      "q" : "10.47",
      "p" : "6.731",
      "s" : "sell",
      "i" : "MOVR_USD",
      "m" : "4611686018430255481"
    }, {
      "d" : "1756433265947476980",
      "t" : 1756433265947,
      "tn" : 1756433265947476980,
      "q" : "1.91",
      "p" : "6.751",
      "s" : "buy",
      "i" : "MOVR_USD",
      "m" : "4611686018430255480"
    }, {
      "d" : "1756433265941243765",
      "t" : 1756433265941,
      "tn" : 1756433265941243765,
      "q" : "3.86",
      "p" : "6.751",
      "s" : "sell",
      "i" : "MOVR_USD",
      "m" : "4611686018430255479"
    }, {
      "d" : "1756429363891308569",
      "t" : 1756429363891,
      "tn" : 1756429363891308569,
      "q" : "4.82",
      "p" : "6.797",
      "s" : "sell",
      "i" : "MOVR_USD",
      "m" : "4611686018430255478"
    }, {
      "d" : "1756429251080430089",
      "t" : 1756429251080,
      "tn" : 1756429251080430089,
      "q" : "8.52",
      "p" : "6.797",
      "s" : "sell",
      "i" : "MOVR_USD",
      "m" : "4611686018430255477"
    }, {
      "d" : "1756427155374921889",
      "t" : 1756427155374,
      "tn" : 1756427155374921889,
      "q" : "1.24",
      "p" : "6.835",
      "s" : "buy",
      "i" : "MOVR_USD",
      "m" : "4611686018430255476"
    }, {
      "d" : "1756423779640922279",
      "t" : 1756423779640,
      "tn" : 1756423779640922279,
      "q" : "1.24",
      "p" : "6.798",
      "s" : "sell",
      "i" : "MOVR_USD",
      "m" : "4611686018430255475"
    }, {
      "d" : "1756419122780740267",
      "t" : 1756419122780,
      "tn" : 1756419122780740267,
      "q" : "0.01",
      "p" : "6.788",
      "s" : "buy",
      "i" : "MOVR_USD",
      "m" : "4611686018430255474"
    }, {
      "d" : "1756419122779534122",
      "t" : 1756419122779,
      "tn" : 1756419122779534122,
      "q" : "99.99",
      "p" : "6.788",
      "s" : "buy",
      "i" : "MOVR_USD",
      "m" : "4611686018430255473"
    }, {
      "d" : "1756417418936996048",
      "t" : 1756417418936,
      "tn" : 1756417418936996048,
      "q" : "3.86",
      "p" : "6.756",
      "s" : "buy",
      "i" : "MOVR_USD",
      "m" : "4611686018430255472"
    }, {
      "d" : "1756407737899137209",
      "t" : 1756407737899,
      "tn" : 1756407737899137209,
      "q" : "76.61",
      "p" : "6.685",
      "s" : "buy",
      "i" : "MOVR_USD",
      "m" : "4611686018430255471"
    }, {
      "d" : "1756407737895020206",
      "t" : 1756407737895,
      "tn" : 1756407737895020206,
      "q" : "3.86",
      "p" : "6.685",
      "s" : "sell",
      "i" : "MOVR_USD",
      "m" : "4611686018430255470"
    }, {
      "d" : "1756407732287192245",
      "t" : 1756407732287,
      "tn" : 1756407732287192245,
      "q" : "86.77",
      "p" : "6.691",
      "s" : "buy",
      "i" : "MOVR_USD",
      "m" : "4611686018430255469"
    }, {
      "d" : "1756407732270571023",
      "t" : 1756407732270,
      "tn" : 1756407732270571023,
      "q" : "103.20",
      "p" : "6.691",
      "s" : "sell",
      "i" : "MOVR_USD",
      "m" : "4611686018430255468"
    }, {
      "d" : "1756407730412025833",
      "t" : 1756407730412,
      "tn" : 1756407730412025832,
      "q" : "3.86",
      "p" : "6.692",
      "s" : "buy",
      "i" : "MOVR_USD",
      "m" : "4611686018430255467"
    }, {
      "d" : "1756407730412025832",
      "t" : 1756407730412,
      "tn" : 1756407730412025832,
      "q" : "0.03",
      "p" : "6.692",
      "s" : "buy",
      "i" : "MOVR_USD",
      "m" : "4611686018430255467"
    }, {
      "d" : "1756407730363905040",
      "t" : 1756407730363,
      "tn" : 1756407730363905040,
      "q" : "160.09",
      "p" : "6.692",
      "s" : "buy",
      "i" : "MOVR_USD",
      "m" : "4611686018430255466"
    }, {
      "d" : "1756407729991399555",
      "t" : 1756407729991,
      "tn" : 1756407729991399555,
      "q" : "29.88",
      "p" : "6.692",
      "s" : "sell",
      "i" : "MOVR_USD",
      "m" : "4611686018430255465"
    }, {
      "d" : "1756407727238943816",
      "t" : 1756407727238,
      "tn" : 1756407727238943816,
      "q" : "12.80",
      "p" : "6.693",
      "s" : "buy",
      "i" : "MOVR_USD",
      "m" : "4611686018430255464"
    }, {
      "d" : "1756407726943289899",
      "t" : 1756407726943,
      "tn" : 1756407726943289899,
      "q" : "69.94",
      "p" : "6.693",
      "s" : "buy",
      "i" : "MOVR_USD",
      "m" : "4611686018430255463"
    }, {
      "d" : "1756407726937008911",
      "t" : 1756407726937,
      "tn" : 1756407726937008911,
      "q" : "107.26",
      "p" : "6.693",
      "s" : "sell",
      "i" : "MOVR_USD",
      "m" : "4611686018430255462"
    }, {
      "d" : "1756402364731933443",
      "t" : 1756402364731,
      "tn" : 1756402364731933443,
      "q" : "69.94",
      "p" : "6.653",
      "s" : "buy",
      "i" : "MOVR_USD",
      "m" : "4611686018430255461"
    }, {
      "d" : "1756402364726107090",
      "t" : 1756402364726,
      "tn" : 1756402364726107090,
      "q" : "30.06",
      "p" : "6.653",
      "s" : "sell",
      "i" : "MOVR_USD",
      "m" : "4611686018430255460"
    }, {
      "d" : "1756401946208107451",
      "t" : 1756401946208,
      "tn" : 1756401946208107451,
      "q" : "3.26",
      "p" : "6.647",
      "s" : "sell",
      "i" : "MOVR_USD",
      "m" : "4611686018430255459"
    }, {
      "d" : "1756401697526266038",
      "t" : 1756401697526,
      "tn" : 1756401697526266037,
      "q" : "6.14",
      "p" : "6.643",
      "s" : "sell",
      "i" : "MOVR_USD",
      "m" : "4611686018430255458"
    }, {
      "d" : "1756401697526266037",
      "t" : 1756401697526,
      "tn" : 1756401697526266037,
      "q" : "3.86",
      "p" : "6.643",
      "s" : "sell",
      "i" : "MOVR_USD",
      "m" : "4611686018430255458"
    }, {
      "d" : "1756401694420786568",
      "t" : 1756401694420,
      "tn" : 1756401694420786568,
      "q" : "9.69",
      "p" : "6.668",
      "s" : "buy",
      "i" : "MOVR_USD",
      "m" : "4611686018430255457"
    }, {
      "d" : "1756400400156441496",
      "t" : 1756400400156,
      "tn" : 1756400400156441496,
      "q" : "1.66",
      "p" : "6.652",
      "s" : "buy",
      "i" : "MOVR_USD",
      "m" : "4611686018430255456"
    }, {
      "d" : "1756397838054702740",
      "t" : 1756397838054,
      "tn" : 1756397838054702740,
      "q" : "36.58",
      "p" : "6.834",
      "s" : "buy",
      "i" : "MOVR_USD",
      "m" : "4611686018430255455"
    }, {
      "d" : "1756397712326467206",
      "t" : 1756397712326,
      "tn" : 1756397712326467206,
      "q" : "2.09",
      "p" : "6.851",
      "s" : "sell",
      "i" : "MOVR_USD",
      "m" : "4611686018430255454"
    }, {
      "d" : "1756397712326367288",
      "t" : 1756397712326,
      "tn" : 1756397712326367288,
      "q" : "4.33",
      "p" : "6.851",
      "s" : "sell",
      "i" : "MOVR_USD",
      "m" : "4611686018430255453"
    }, {
      "d" : "1756397712319918449",
      "t" : 1756397712319,
      "tn" : 1756397712319918449,
      "q" : "36.49",
      "p" : "6.851",
      "s" : "buy",
      "i" : "MOVR_USD",
      "m" : "4611686018430255452"
    }, {
      "d" : "1756397705495898943",
      "t" : 1756397705495,
      "tn" : 1756397705495898943,
      "q" : "3.86",
      "p" : "6.833",
      "s" : "buy",
      "i" : "MOVR_USD",
      "m" : "4611686018430255451"
    }, {
      "d" : "1756397629896624328",
      "t" : 1756397629896,
      "tn" : 1756397629896624327,
      "q" : "2.78",
      "p" : "6.791",
      "s" : "sell",
      "i" : "MOVR_USD",
      "m" : "4611686018430255450"
    }, {
      "d" : "1756397629896624327",
      "t" : 1756397629896,
      "tn" : 1756397629896624327,
      "q" : "3.86",
      "p" : "6.791",
      "s" : "sell",
      "i" : "MOVR_USD",
      "m" : "4611686018430255450"
    }, {
      "d" : "1756396348407111295",
      "t" : 1756396348407,
      "tn" : 1756396348407111295,
      "q" : "101.00",
      "p" : "6.801",
      "s" : "sell",
      "i" : "MOVR_USD",
      "m" : "4611686018430255449"
    }, {
      "d" : "1756396348406559811",
      "t" : 1756396348406,
      "tn" : 1756396348406559811,
      "q" : "5.47",
      "p" : "6.801",
      "s" : "sell",
      "i" : "MOVR_USD",
      "m" : "4611686018430255448"
    }, {
      "d" : "1756396348399784608",
      "t" : 1756396348399,
      "tn" : 1756396348399784608,
      "q" : "3.86",
      "p" : "6.801",
      "s" : "buy",
      "i" : "MOVR_USD",
      "m" : "4611686018430255447"
    }, {
      "d" : "1756393604025852829",
      "t" : 1756393604025,
      "tn" : 1756393604025852829,
      "q" : "5.49",
      "p" : "6.859",
      "s" : "sell",
      "i" : "MOVR_USD",
      "m" : "4611686018430255446"
    }, {
      "d" : "1756393604025850943",
      "t" : 1756393604025,
      "tn" : 1756393604025850943,
      "q" : "3.86",
      "p" : "6.860",
      "s" : "sell",
      "i" : "MOVR_USD",
      "m" : "4611686018430255445"
    }, {
      "d" : "1756393602028175533",
      "t" : 1756393602028,
      "tn" : 1756393602028175533,
      "q" : "3.86",
      "p" : "6.866",
      "s" : "buy",
      "i" : "MOVR_USD",
      "m" : "4611686018430255444"
    }, {
      "d" : "1756391841081136891",
      "t" : 1756391841081,
      "tn" : 1756391841081136891,
      "q" : "1.76",
      "p" : "6.808",
      "s" : "buy",
      "i" : "MOVR_USD",
      "m" : "4611686018430255443"
    }, {
      "d" : "1756390427633106685",
      "t" : 1756390427633,
      "tn" : 1756390427633106685,
      "q" : "26.14",
      "p" : "6.784",
      "s" : "sell",
      "i" : "MOVR_USD",
      "m" : "4611686018430255442"
    }, {
      "d" : "1756390427633104739",
      "t" : 1756390427633,
      "tn" : 1756390427633104739,
      "q" : "3.86",
      "p" : "6.785",
      "s" : "sell",
      "i" : "MOVR_USD",
      "m" : "4611686018430255441"
    }, {
      "d" : "1756389926800266898",
      "t" : 1756389926800,
      "tn" : 1756389926800266898,
      "q" : "0.42",
      "p" : "6.812",
      "s" : "buy",
      "i" : "MOVR_USD",
      "m" : "4611686018430255440"
    }, {
      "d" : "1756389917582870861",
      "t" : 1756389917582,
      "tn" : 1756389917582870861,
      "q" : "4.04",
      "p" : "6.808",
      "s" : "buy",
      "i" : "MOVR_USD",
      "m" : "4611686018430255439"
    }, {
      "d" : "1756389917582868812",
      "t" : 1756389917582,
      "tn" : 1756389917582868812,
      "q" : "3.86",
      "p" : "6.800",
      "s" : "buy",
      "i" : "MOVR_USD",
      "m" : "4611686018430255438"
    }, {
      "d" : "1756389237509802155",
      "t" : 1756389237509,
      "tn" : 1756389237509802155,
      "q" : "3.20",
      "p" : "6.758",
      "s" : "buy",
      "i" : "MOVR_USD",
      "m" : "4611686018430255437"
    }, {
      "d" : "1756385998060274904",
      "t" : 1756385998060,
      "tn" : 1756385998060274904,
      "q" : "37.46",
      "p" : "6.751",
      "s" : "buy",
      "i" : "MOVR_USD",
      "m" : "4611686018430255436"
    }, {
      "d" : "1756385998051525962",
      "t" : 1756385998051,
      "tn" : 1756385998051525962,
      "q" : "3.54",
      "p" : "6.751",
      "s" : "sell",
      "i" : "MOVR_USD",
      "m" : "4611686018430255435"
    }, {
      "d" : "1756385944655570607",
      "t" : 1756385944655,
      "tn" : 1756385944655570607,
      "q" : "3.54",
      "p" : "6.766",
      "s" : "buy",
      "i" : "MOVR_USD",
      "m" : "4611686018430255434"
    }, {
      "d" : "1756385790112527974",
      "t" : 1756385790112,
      "tn" : 1756385790112527974,
      "q" : "29.95",
      "p" : "6.755",
      "s" : "buy",
      "i" : "MOVR_USD",
      "m" : "4611686018430255433"
    }, {
      "d" : "1756385790111200277",
      "t" : 1756385790111,
      "tn" : 1756385790111200277,
      "q" : "3.55",
      "p" : "6.755",
      "s" : "sell",
      "i" : "MOVR_USD",
      "m" : "4611686018430255432"
    }, {
      "d" : "1756385769965925206",
      "t" : 1756385769965,
      "tn" : 1756385769965925206,
      "q" : "3.55",
      "p" : "6.776",
      "s" : "buy",
      "i" : "MOVR_USD",
      "m" : "4611686018430255431"
    }, {
      "d" : "1756384038122967196",
      "t" : 1756384038122,
      "tn" : 1756384038122967196,
      "q" : "16.98",
      "p" : "6.734",
      "s" : "sell",
      "i" : "MOVR_USD",
      "m" : "4611686018430255430"
    }, {
      "d" : "1756383879941059004",
      "t" : 1756383879941,
      "tn" : 1756383879941059004,
      "q" : "4.00",
      "p" : "6.733",
      "s" : "sell",
      "i" : "MOVR_USD",
      "m" : "4611686018430255429"
    }, {
      "d" : "1756382212953271089",
      "t" : 1756382212953,
      "tn" : 1756382212953271089,
      "q" : "5.29",
      "p" : "6.718",
      "s" : "sell",
      "i" : "MOVR_USD",
      "m" : "4611686018430255428"
    }, {
      "d" : "1756381532107189443",
      "t" : 1756381532107,
      "tn" : 1756381532107189443,
      "q" : "18.12",
      "p" : "6.695",
      "s" : "sell",
      "i" : "MOVR_USD",
      "m" : "4611686018430255427"
    }, {
      "d" : "1756381213766150145",
      "t" : 1756381213766,
      "tn" : 1756381213766150145,
      "q" : "11.14",
      "p" : "6.720",
      "s" : "buy",
      "i" : "MOVR_USD",
      "m" : "4611686018430255426"
    }, {
      "d" : "1756381213759748656",
      "t" : 1756381213759,
      "tn" : 1756381213759748656,
      "q" : "3.86",
      "p" : "6.720",
      "s" : "sell",
      "i" : "MOVR_USD",
      "m" : "4611686018430255425"
    }, {
      "d" : "1756380918082273859",
      "t" : 1756380918082,
      "tn" : 1756380918082273859,
      "q" : "0.27",
      "p" : "6.727",
      "s" : "buy",
      "i" : "MOVR_USD",
      "m" : "4611686018430255424"
    }, {
      "d" : "1756380918074848657",
      "t" : 1756380918074,
      "tn" : 1756380918074848657,
      "q" : "29.73",
      "p" : "6.727",
      "s" : "sell",
      "i" : "MOVR_USD",
      "m" : "4611686018430255423"
    }, {
      "d" : "1756379833940903700",
      "t" : 1756379833940,
      "tn" : 1756379833940903700,
      "q" : "20.27",
      "p" : "6.724",
      "s" : "sell",
      "i" : "MOVR_USD",
      "m" : "4611686018430255422"
    }, {
      "d" : "1756379833936206952",
      "t" : 1756379833936,
      "tn" : 1756379833936206952,
      "q" : "36.96",
      "p" : "6.724",
      "s" : "buy",
      "i" : "MOVR_USD",
      "m" : "4611686018430255421"
    }, {
      "d" : "1756379808652111622",
      "t" : 1756379808652,
      "tn" : 1756379808652111622,
      "q" : "0.41",
      "p" : "6.704",
      "s" : "buy",
      "i" : "MOVR_USD",
      "m" : "4611686018430255420"
    }, {
      "d" : "1756379808649151328",
      "t" : 1756379808649,
      "tn" : 1756379808649151328,
      "q" : "1.24",
      "p" : "6.704",
      "s" : "buy",
      "i" : "MOVR_USD",
      "m" : "4611686018430255419"
    }, {
      "d" : "1756378800427726637",
      "t" : 1756378800427,
      "tn" : 1756378800427726637,
      "q" : "86.82",
      "p" : "6.758",
      "s" : "sell",
      "i" : "MOVR_USD",
      "m" : "4611686018430255418"
    }, {
      "d" : "1756378800426215578",
      "t" : 1756378800426,
      "tn" : 1756378800426215578,
      "q" : "35.41",
      "p" : "6.758",
      "s" : "buy",
      "i" : "MOVR_USD",
      "m" : "4611686018430255417"
    }, {
      "d" : "1756378378784649168",
      "t" : 1756378378784,
      "tn" : 1756378378784649168,
      "q" : "10.47",
      "p" : "6.752",
      "s" : "sell",
      "i" : "MOVR_USD",
      "m" : "4611686018430255416"
    }, {
      "d" : "1756378378781103699",
      "t" : 1756378378781,
      "tn" : 1756378378781103699,
      "q" : "3.86",
      "p" : "6.752",
      "s" : "buy",
      "i" : "MOVR_USD",
      "m" : "4611686018430255415"
    }, {
      "d" : "1756377036187620152",
      "t" : 1756377036187,
      "tn" : 1756377036187620152,
      "q" : "81.33",
      "p" : "6.724",
      "s" : "buy",
      "i" : "MOVR_USD",
      "m" : "4611686018430255414"
    }, {
      "d" : "1756377036182565877",
      "t" : 1756377036182,
      "tn" : 1756377036182565877,
      "q" : "3.86",
      "p" : "6.724",
      "s" : "sell",
      "i" : "MOVR_USD",
      "m" : "4611686018430255413"
    } ]
  }
}