{
  "id" : -1,
  "method" : "public/get-trades",
  "code" : 0,
  "result" : {
    "data" : [ {
      "d" : "1756461805655986944",
      "t" : 1756461805655,
      "tn" : 1756461805655986944,
      "q" : "1.35",
      "p" : "6.389",
      "s" : "buy",
      "i" : "MOVR_USDT",
      "m" : "4611686018430410607"
    }, {
      "d" : "1756461753592204883",
      "t" : 1756461753592,
      "tn" : 1756461753592204883,
      "q" : "1.94",
      "p" : "6.389",
      "s" : "buy",
      "i" : "MOVR_USDT",
      "m" : "4611686018430410606"
    }, {
      "d" : "1756461751280221395",
      "t" : 1756461751280,
      "tn" : 1756461751280221395,
      "q" : "1.35",
      "p" : "6.389",
      "s" : "buy",
      "i" : "MOVR_USDT",
      "m" : "4611686018430410605"
    }, {
      "d" : "1756458185516069232",
      "t" : 1756458185516,
      "tn" : 1756458185516069232,
      "q" : "0.82",
      "p" : "6.277",
      "s" : "sell",
      "i" : "MOVR_USDT",
      "m" : "4611686018430410604"
    }, {
      "d" : "1756458185512947840",
      "t" : 1756458185512,
      "tn" : 1756458185512947840,
      "q" : "1.94",
      "p" : "6.277",
      "s" : "sell",
      "i" : "MOVR_USDT",
      "m" : "4611686018430410603"
    }, {
      "d" : "1756457657701295116",
      "t" : 1756457657701,
      "tn" : 1756457657701295116,
      "q" : "4.65",
      "p" : "6.344",
      "s" : "sell",
      "i" : "MOVR_USDT",
      "m" : "4611686018430410602"
    }, {
      "d" : "1756457655040937508",
      "t" : 1756457655040,
      "tn" : 1756457655040937508,
      "q" : "0.35",
      "p" : "6.345",
      "s" : "sell",
      "i" : "MOVR_USDT",
      "m" : "4611686018430410601"
    }, {
      "d" : "1756457655040461069",
      "t" : 1756457655040,
      "tn" : 1756457655040461069,
      "q" : "4.65",
      "p" : "6.345",
      "s" : "sell",
      "i" : "MOVR_USDT",
      "m" : "4611686018430410600"
    }, {
      "d" : "1756457655032103549",
      "t" : 1756457655032,
      "tn" : 1756457655032103549,
      "q" : "21.67",
      "p" : "6.357",
      "s" : "sell",
      "i" : "MOVR_USDT",
      "m" : "4611686018430410599"
    }, {
      "d" : "1756457655032102029",
      "t" : 1756457655032,
      "tn" : 1756457655032102029,
      "q" : "0.04",
      "p" : "6.389",
      "s" : "sell",
      "i" : "MOVR_USDT",
      "m" : "4611686018430410598"
    }, {
      "d" : "1756455440252905640",
      "t" : 1756455440252,
      "tn" : 1756455440252905640,
      "q" : "2.29",
      "p" : "6.389",
      "s" : "sell",
      "i" : "MOVR_USDT",
      "m" : "4611686018430410597"
    }, {
      "d" : "1756455440247413033",
      "t" : 1756455440247,
      "tn" : 1756455440247413033,
      "q" : "2.29",
      "p" : "6.389",
      "s" : "sell",
      "i" : "MOVR_USDT",
      "m" : "4611686018430410596"
    }, {
      "d" : "1756452589297876407",
      "t" : 1756452589297,
      "tn" : 1756452589297876407,
      "q" : "4.59",
      "p" : "6.434",
      "s" : "sell",
      "i" : "MOVR_USDT",
      "m" : "4611686018430410595"
    }, {
      "d" : "1756451976073709968",
      "t" : 1756451976073,
      "tn" : 1756451976073709968,
      "q" : "4.56",
      "p" : "6.479",
      "s" : "sell",
      "i" : "MOVR_USDT",
      "m" : "4611686018430410594"
    }, {
      "d" : "1756451552821185452",
      "t" : 1756451552821,
      "tn" : 1756451552821185452,
      "q" : "4.53",
      "p" : "6.522",
      "s" : "sell",
      "i" : "MOVR_USDT",
      "m" : "4611686018430410593"
    }, {
      "d" : "1756449607043122603",
      "t" : 1756449607043,
      "tn" : 1756449607043122603,
      "q" : "4.49",
      "p" : "6.567",
      "s" : "sell",
      "i" : "MOVR_USDT",
      "m" : "4611686018430410592"
    }, {
      "d" : "1756449505554002415",
      "t" : 1756449505554,
      "tn" : 1756449505554002415,
      "q" : "4.46",
      "p" : "6.613",
      "s" : "sell",
      "i" : "MOVR_USDT",
      "m" : "4611686018430410591"
    }, {
      "d" : "1756447968629288695",
      "t" : 1756447968629,
      "tn" : 1756447968629288695,
      "q" : "1.53",
      "p" : "6.660",
      "s" : "sell",
      "i" : "MOVR_USDT",
      "m" : "4611686018430410590"
    }, {
      "d" : "1756447968628047828",
      "t" : 1756447968628,
      "tn" : 1756447968628047828,
      "q" : "1.53",
      "p" : "6.660",
      "s" : "sell",
      "i" : "MOVR_USDT",
      "m" : "4611686018430410589"
    }, {
      "d" : "1756447968624927700",
      "t" : 1756447968624,
      "tn" : 1756447968624927699,
      "q" : "12.10",
      "p" : "6.658",
      "s" : "sell",
      "i" : "MOVR_USDT",
      "m" : "4611686018430410588"
    }, {
      "d" : "1756447968624927699",
      "t" : 1756447968624,
      "tn" : 1756447968624927699,
      "q" : "4.43",
      "p" : "6.658",
      "s" : "sell",
      "i" : "MOVR_USDT",
      "m" : "4611686018430410588"
    }, {
      "d" : "1756447968624924350",
      "t" : 1756447968624,
      "tn" : 1756447968624924350,
      "q" : "1.53",
      "p" : "6.660",
      "s" : "sell",
      "i" : "MOVR_USDT",
      "m" : "4611686018430410587"
    }, {
      "d" : "1756443399909998777",
      "t" : 1756443399909,
      "tn" : 1756443399909998777,
      "q" : "1.88",
      "p" : "6.703",
      "s" : "sell",
      "i" : "MOVR_USDT",
      "m" : "4611686018430410586"
    }, {
      "d" : "1756443399906014018",
      "t" : 1756443399906,
      "tn" : 1756443399906014018,
      "q" : "2.52",
      "p" : "6.703",
      "s" : "sell",
      "i" : "MOVR_USDT",
      "m" : "4611686018430410585"
    }, {
      "d" : "1756440511205282800",
      "t" : 1756440511205,
      "tn" : 1756440511205282800,
      "q" : "11.50",
      "p" : "6.728",
      "s" : "sell",
      "i" : "MOVR_USDT",
      "m" : "4611686018430410584"
    }, {
      "d" : "1756436784384974916",
      "t" : 1756436784384,
      "tn" : 1756436784384974916,
      "q" : "1.03",
      "p" : "6.748",
      "s" : "sell",
      "i" : "MOVR_USDT",
      "m" : "4611686018430410583"
    }, {
      "d" : "1756436784380041537",
      "t" : 1756436784380,
      "tn" : 1756436784380041537,
      "q" : "1.67",
      "p" : "6.748",
      "s" : "sell",
      "i" : "MOVR_USDT",
      "m" : "4611686018430410582"
    }, {
      "d" : "1756436784375072976",
      "t" : 1756436784375,
      "tn" : 1756436784375072976,
      "q" : "1.67",
      "p" : "6.748",
      "s" : "sell",
      "i" : "MOVR_USDT",
      "m" : "4611686018430410581"
    }, {
      "d" : "1756434279044819139",
      "t" : 1756434279044,
      "tn" : 1756434279044819139,
      "q" : "1.29",
      "p" : "6.793",
      "s" : "buy",
      "i" : "MOVR_USDT",
      "m" : "4611686018430410580"
    }, {
      "d" : "1756434279041890115",
      "t" : 1756434279041,
      "tn" : 1756434279041890115,
      "q" : "3.07",
      "p" : "6.793",
      "s" : "buy",
      "i" : "MOVR_USDT",
      "m" : "4611686018430410579"
    }, {
      "d" : "1756430591198775007",
      "t" : 1756430591198,
      "tn" : 1756430591198775007,
      "q" : "0.98",
      "p" : "6.748",
      "s" : "sell",
      "i" : "MOVR_USDT",
      "m" : "4611686018430410578"
    }, {
      "d" : "1756430591193798057",
      "t" : 1756430591193,
      "tn" : 1756430591193798057,
      "q" : "1.13",
      "p" : "6.748",
      "s" : "sell",
      "i" : "MOVR_USDT",
      "m" : "4611686018430410577"
    }, {
      "d" : "1756430591188851679",
      "t" : 1756430591188,
      "tn" : 1756430591188851679,
      "q" : "1.13",
      "p" : "6.748",
      "s" : "sell",
      "i" : "MOVR_USDT",
      "m" : "4611686018430410576"
    }, {
      "d" : "1756430591182048964",
      "t" : 1756430591182,
      "tn" : 1756430591182048964,
      "q" : "1.13",
      "p" : "6.748",
      "s" : "sell",
      "i" : "MOVR_USDT",
      "m" : "4611686018430410575"
    }, {
      "d" : "1756428296244226331",
      "t" : 1756428296244,
      "tn" : 1756428296244226331,
      "q" : "4.34",
      "p" : "6.793",
      "s" : "sell",
      "i" : "MOVR_USDT",
      "m" : "4611686018430410574"
    }, {
      "d" : "1756427246821401708",
      "t" : 1756427246821,
      "tn" : 1756427246821401708,
      "q" : "4.33",
      "p" : "6.839",
      "s" : "buy",
      "i" : "MOVR_USDT",
      "m" : "4611686018430410573"
    }, {
      "d" : "1756418548667936909",
      "t" : 1756418548667,
      "tn" : 1756418548667936909,
      "q" : "1.74",
      "p" : "6.793",
      "s" : "buy",
      "i" : "MOVR_USDT",
      "m" : "4611686018430410572"
    }, {
      "d" : "1756418548663912022",
      "t" : 1756418548663,
      "tn" : 1756418548663912022,
      "q" : "2.62",
      "p" : "6.793",
      "s" : "buy",
      "i" : "MOVR_USDT",
      "m" : "4611686018430410571"
    }, {
      "d" : "1756417418979858598",
      "t" : 1756417418979,
      "tn" : 1756417418979858598,
      "q" : "2.92",
      "p" : "6.769",
      "s" : "buy",
      "i" : "MOVR_USDT",
      "m" : "4611686018430410570"
    }, {
      "d" : "1756417418936988957",
      "t" : 1756417418936,
      "tn" : 1756417418936988957,
      "q" : "4.01",
      "p" : "6.748",
      "s" : "buy",
      "i" : "MOVR_USDT",
      "m" : "4611686018430410569"
    }, {
      "d" : "1756417418936754868",
      "t" : 1756417418936,
      "tn" : 1756417418936754868,
      "q" : "0.38",
      "p" : "6.748",
      "s" : "buy",
      "i" : "MOVR_USDT",
      "m" : "4611686018430410568"
    }, {
      "d" : "1756415783815936307",
      "t" : 1756415783815,
      "tn" : 1756415783815936307,
      "q" : "1.23",
      "p" : "6.703",
      "s" : "buy",
      "i" : "MOVR_USDT",
      "m" : "4611686018430410567"
    }, {
      "d" : "1756415783813890083",
      "t" : 1756415783813,
      "tn" : 1756415783813890083,
      "q" : "3.21",
      "p" : "6.703",
      "s" : "buy",
      "i" : "MOVR_USDT",
      "m" : "4611686018430410566"
    }, {
      "d" : "1756412675634142962",
      "t" : 1756412675634,
      "tn" : 1756412675634142962,
      "q" : "0.43",
      "p" : "6.658",
      "s" : "buy",
      "i" : "MOVR_USDT",
      "m" : "4611686018430410565"
    }, {
      "d" : "1756412675629085727",
      "t" : 1756412675629,
      "tn" : 1756412675629085727,
      "q" : "1.34",
      "p" : "6.658",
      "s" : "buy",
      "i" : "MOVR_USDT",
      "m" : "4611686018430410564"
    }, {
      "d" : "1756412675624109160",
      "t" : 1756412675624,
      "tn" : 1756412675624109160,
      "q" : "1.34",
      "p" : "6.658",
      "s" : "buy",
      "i" : "MOVR_USDT",
      "m" : "4611686018430410563"
    }, {
      "d" : "1756412675618166273",
      "t" : 1756412675618,
      "tn" : 1756412675618166273,
      "q" : "1.34",
      "p" : "6.658",
      "s" : "buy",
      "i" : "MOVR_USDT",
      "m" : "4611686018430410562"
    }, {
      "d" : "1756411205116970592",
      "t" : 1756411205116,
      "tn" : 1756411205116970592,
      "q" : "0.21",
      "p" : "6.613",
      "s" : "sell",
      "i" : "MOVR_USDT",
      "m" : "4611686018430410561"
    }, {
      "d" : "1756410958378980314",
      "t" : 1756410958378,
      "tn" : 1756410958378980314,
      "q" : "0.27",
      "p" : "6.628",
      "s" : "sell",
      "i" : "MOVR_USDT",
      "m" : "4611686018430410560"
    }, {
      "d" : "1756410958376630602",
      "t" : 1756410958376,
      "tn" : 1756410958376630602,
      "q" : "2.09",
      "p" : "6.628",
      "s" : "sell",
      "i" : "MOVR_USDT",
      "m" : "4611686018430410559"
    }, {
      "d" : "1756410958369062068",
      "t" : 1756410958369,
      "tn" : 1756410958369062068,
      "q" : "2.09",
      "p" : "6.628",
      "s" : "sell",
      "i" : "MOVR_USDT",
      "m" : "4611686018430410558"
    }, {
      "d" : "1756407737901518324",
      "t" : 1756407737901,
      "tn" : 1756407737901518324,
      "q" : "42.05",
      "p" : "6.691",
      "s" : "sell",
      "i" : "MOVR_USDT",
      "m" : "4611686018430410557"
    }, {
      "d" : "1756407737900044675",
      "t" : 1756407737900,
      "tn" : 1756407737900044675,
      "q" : "34.54",
      "p" : "6.691",
      "s" : "sell",
      "i" : "MOVR_USDT",
      "m" : "4611686018430410556"
    }, {
      "d" : "1756405842484896231",
      "t" : 1756405842484,
      "tn" : 1756405842484896231,
      "q" : "2.25",
      "p" : "6.703",
      "s" : "buy",
      "i" : "MOVR_USDT",
      "m" : "4611686018430410555"
    }, {
      "d" : "1756405842482402003",
      "t" : 1756405842482,
      "tn" : 1756405842482402003,
      "q" : "2.17",
      "p" : "6.703",
      "s" : "buy",
      "i" : "MOVR_USDT",
      "m" : "4611686018430410554"
    }, {
      "d" : "1756401289849723990",
      "t" : 1756401289849,
      "tn" : 1756401289849723990,
      "q" : "3.32",
      "p" : "6.628",
      "s" : "buy",
      "i" : "MOVR_USDT",
      "m" : "4611686018430410553"
    }, {
      "d" : "1756401289844674410",
      "t" : 1756401289844,
      "tn" : 1756401289844674410,
      "q" : "7.34",
      "p" : "6.628",
      "s" : "buy",
      "i" : "MOVR_USDT",
      "m" : "4611686018430410552"
    }, {
      "d" : "1756401289839836138",
      "t" : 1756401289839,
      "tn" : 1756401289839836138,
      "q" : "7.34",
      "p" : "6.628",
      "s" : "buy",
      "i" : "MOVR_USDT",
      "m" : "4611686018430410551"
    }, {
      "d" : "1756401289834657593",
      "t" : 1756401289834,
      "tn" : 1756401289834657593,
      "q" : "7.34",
      "p" : "6.628",
      "s" : "buy",
      "i" : "MOVR_USDT",
      "m" : "4611686018430410550"
    }, {
      "d" : "1756401289829691710",
      "t" : 1756401289829,
      "tn" : 1756401289829691710,
      "q" : "7.34",
      "p" : "6.628",
      "s" : "buy",
      "i" : "MOVR_USDT",
      "m" : "4611686018430410549"
    }, {
      "d" : "1756401289824652858",
      "t" : 1756401289824,
      "tn" : 1756401289824652858,
      "q" : "7.34",
      "p" : "6.628",
      "s" : "buy",
      "i" : "MOVR_USDT",
      "m" : "4611686018430410548"
    }, {
      "d" : "1756401289819686550",
      "t" : 1756401289819,
      "tn" : 1756401289819686550,
      "q" : "7.34",
      "p" : "6.628",
      "s" : "buy",
      "i" : "MOVR_USDT",
      "m" : "4611686018430410547"
    }, {
      "d" : "1756401289814764052",
      "t" : 1756401289814,
      "tn" : 1756401289814764052,
      "q" : "7.34",
      "p" : "6.628",
      "s" : "buy",
      "i" : "MOVR_USDT",
      "m" : "4611686018430410546"
    }, {
      "d" : "1756401289813450785",
      "t" : 1756401289813,
      "tn" : 1756401289813450785,
      "q" : "25.10",
      "p" : "6.628",
      "s" : "buy",
      "i" : "MOVR_USDT",
      "m" : "4611686018430410545"
    }, {
      "d" : "1756401289806993276",
      "t" : 1756401289806,
      "tn" : 1756401289806993276,
      "q" : "2.20",
      "p" : "6.628",
      "s" : "sell",
      "i" : "MOVR_USDT",
      "m" : "4611686018430410544"
    }, {
      "d" : "1756400400155510100",
      "t" : 1756400400155,
      "tn" : 1756400400155510100,
      "q" : "1.66",
      "p" : "6.658",
      "s" : "sell",
      "i" : "MOVR_USDT",
      "m" : "4611686018430410543"
    }, {
      "d" : "1756400352046228019",
      "t" : 1756400352046,
      "tn" : 1756400352046228019,
      "q" : "1.11",
      "p" : "6.658",
      "s" : "sell",
      "i" : "MOVR_USDT",
      "m" : "4611686018430410542"
    }, {
      "d" : "1756400352043101267",
      "t" : 1756400352043,
      "tn" : 1756400352043101267,
      "q" : "1.66",
      "p" : "6.658",
      "s" : "sell",
      "i" : "MOVR_USDT",
      "m" : "4611686018430410541"
    }, {
      "d" : "1756400110696236022",
      "t" : 1756400110696,
      "tn" : 1756400110696236022,
      "q" : "0.54",
      "p" : "6.703",
      "s" : "sell",
      "i" : "MOVR_USDT",
      "m" : "4611686018430410540"
    }, {
      "d" : "1756399608344623559",
      "t" : 1756399608344,
      "tn" : 1756399608344623559,
      "q" : "4.18",
      "p" : "6.748",
      "s" : "sell",
      "i" : "MOVR_USDT",
      "m" : "4611686018430410539"
    }, {
      "d" : "1756399608344059939",
      "t" : 1756399608344,
      "tn" : 1756399608344059939,
      "q" : "0.19",
      "p" : "6.748",
      "s" : "sell",
      "i" : "MOVR_USDT",
      "m" : "4611686018430410538"
    }, {
      "d" : "1756399608344057577",
      "t" : 1756399608344,
      "tn" : 1756399608344057577,
      "q" : "0.16",
      "p" : "6.793",
      "s" : "sell",
      "i" : "MOVR_USDT",
      "m" : "4611686018430410537"
    }, {
      "d" : "1756398650768388409",
      "t" : 1756398650768,
      "tn" : 1756398650768388409,
      "q" : "4.18",
      "p" : "6.793",
      "s" : "sell",
      "i" : "MOVR_USDT",
      "m" : "4611686018430410536"
    }, {
      "d" : "1756397712326422582",
      "t" : 1756397712326,
      "tn" : 1756397712326422582,
      "q" : "4.33",
      "p" : "6.839",
      "s" : "buy",
      "i" : "MOVR_USDT",
      "m" : "4611686018430410535"
    }, {
      "d" : "1756396346312834421",
      "t" : 1756396346312,
      "tn" : 1756396346312834421,
      "q" : "4.34",
      "p" : "6.793",
      "s" : "sell",
      "i" : "MOVR_USDT",
      "m" : "4611686018430410534"
    }, {
      "d" : "1756396003820763116",
      "t" : 1756396003820,
      "tn" : 1756396003820763116,
      "q" : "3.82",
      "p" : "6.839",
      "s" : "sell",
      "i" : "MOVR_USDT",
      "m" : "4611686018430410533"
    }, {
      "d" : "1756396003818906920",
      "t" : 1756396003818,
      "tn" : 1756396003818906920,
      "q" : "0.50",
      "p" : "6.839",
      "s" : "sell",
      "i" : "MOVR_USDT",
      "m" : "4611686018430410532"
    }, {
      "d" : "1756394167592956477",
      "t" : 1756394167592,
      "tn" : 1756394167592956477,
      "q" : "4.31",
      "p" : "6.884",
      "s" : "buy",
      "i" : "MOVR_USDT",
      "m" : "4611686018430410531"
    }, {
      "d" : "1756392788096062666",
      "t" : 1756392788096,
      "tn" : 1756392788096062666,
      "q" : "0.50",
      "p" : "6.839",
      "s" : "buy",
      "i" : "MOVR_USDT",
      "m" : "4611686018430410530"
    }, {
      "d" : "1756392758151526802",
      "t" : 1756392758151,
      "tn" : 1756392758151526802,
      "q" : "3.83",
      "p" : "6.839",
      "s" : "buy",
      "i" : "MOVR_USDT",
      "m" : "4611686018430410529"
    }, {
      "d" : "1756389933416137906",
      "t" : 1756389933416,
      "tn" : 1756389933416137906,
      "q" : "0.70",
      "p" : "6.793",
      "s" : "buy",
      "i" : "MOVR_USDT",
      "m" : "4611686018430410528"
    }, {
      "d" : "1756387313799311711",
      "t" : 1756387313799,
      "tn" : 1756387313799311711,
      "q" : "3.67",
      "p" : "6.793",
      "s" : "buy",
      "i" : "MOVR_USDT",
      "m" : "4611686018430410527"
    }, {
      "d" : "1756383646016326698",
      "t" : 1756383646016,
      "tn" : 1756383646016326698,
      "q" : "0.18",
      "p" : "6.751",
      "s" : "sell",
      "i" : "MOVR_USDT",
      "m" : "4611686018430410526"
    }, {
      "d" : "1756379652799938893",
      "t" : 1756379652799,
      "tn" : 1756379652799938893,
      "q" : "3.86",
      "p" : "6.703",
      "s" : "sell",
      "i" : "MOVR_USDT",
      "m" : "4611686018430410525"
    }, {
      "d" : "1756378800430740347",
      "t" : 1756378800430,
      "tn" : 1756378800430740347,
      "q" : "1.67",
      "p" : "6.748",
      "s" : "buy",
      "i" : "MOVR_USDT",
      "m" : "4611686018430410524"
    }, {
      "d" : "1756377402197021821",
      "t" : 1756377402197,
      "tn" : 1756377402197021821,
      "q" : "2.72",
      "p" : "6.748",
      "s" : "buy",
      "i" : "MOVR_USDT",
      "m" : "4611686018430410523"
    }, {
      "d" : "1756376886984890692",
      "t" : 1756376886984,
      "tn" : 1756376886984890692,
      "q" : "2.17",
      "p" : "6.726",
      "s" : "buy",
      "i" : "MOVR_USDT",
      "m" : "4611686018430410522"
    } ]
  }
}