{
  "id" : -1,
  "method" : "public/get-trades",
  "code" : 0,
  "result" : {
    "data" : [ {
      "d" : "1756460136351757154",
      "t" : 1756460136351,
      "tn" : 1756460136351757154,
      "q" : "2530",
      "p" : "0.0159160",
      "s" : "sell",
      "i" : "MTD_USD",
      "m" : "4611686018430933596"
    }, {
      "d" : "1756459987390353430",
      "t" : 1756459987390,
      "tn" : 1756459987390353430,
      "q" : "190",
      "p" : "0.0158790",
      "s" : "sell",
      "i" : "MTD_USD",
      "m" : "4611686018430933595"
    }, {
      "d" : "1756459449561388826",
      "t" : 1756459449561,
      "tn" : 1756459449561388826,
      "q" : "90",
      "p" : "0.0158325",
      "s" : "sell",
      "i" : "MTD_USD",
      "m" : "4611686018430933594"
    }, {
      "d" : "1756459440813020042",
      "t" : 1756459440813,
      "tn" : 1756459440813020042,
      "q" : "1490",
      "p" : "0.0159805",
      "s" : "buy",
      "i" : "MTD_USD",
      "m" : "4611686018430933593"
    }, {
      "d" : "1756459430626974757",
      "t" : 1756459430626,
      "tn" : 1756459430626974757,
      "q" : "3810",
      "p" : "0.0158345",
      "s" : "sell",
      "i" : "MTD_USD",
      "m" : "4611686018430933592"
    }, {
      "d" : "1756459392265340881",
      "t" : 1756459392265,
      "tn" : 1756459392265340881,
      "q" : "7970",
      "p" : "0.0158390",
      "s" : "sell",
      "i" : "MTD_USD",
      "m" : "4611686018430933591"
    }, {
      "d" : "1756457278310870648",
      "t" : 1756457278310,
      "tn" : 1756457278310870648,
      "q" : "290",
      "p" : "0.0162100",
      "s" : "buy",
      "i" : "MTD_USD",
      "m" : "4611686018430933590"
    }, {
      "d" : "1756457239222965946",
      "t" : 1756457239222,
      "tn" : 1756457239222965946,
      "q" : "3050",
      "p" : "0.0161970",
      "s" : "buy",
      "i" : "MTD_USD",
      "m" : "4611686018430933589"
    }, {
      "d" : "1756457138550270174",
      "t" : 1756457138550,
      "tn" : 1756457138550270174,
      "q" : "170",
      "p" : "0.0162195",
      "s" : "buy",
      "i" : "MTD_USD",
      "m" : "4611686018430933588"
    }, {
      "d" : "1756456517996470316",
      "t" : 1756456517996,
      "tn" : 1756456517996470316,
      "q" : "380",
      "p" : "0.0160715",
      "s" : "sell",
      "i" : "MTD_USD",
      "m" : "4611686018430933587"
    }, {
      "d" : "1756456228564241233",
      "t" : 1756456228564,
      "tn" : 1756456228564241233,
      "q" : "680",
      "p" : "0.0160745",
      "s" : "sell",
      "i" : "MTD_USD",
      "m" : "4611686018430933586"
    }, {
      "d" : "1756456139182656121",
      "t" : 1756456139182,
      "tn" : 1756456139182656121,
      "q" : "90",
      "p" : "0.0162330",
      "s" : "buy",
      "i" : "MTD_USD",
      "m" : "4611686018430933585"
    }, {
      "d" : "1756455996842371728",
      "t" : 1756455996842,
      "tn" : 1756455996842371728,
      "q" : "180",
      "p" : "0.0162215",
      "s" : "buy",
      "i" : "MTD_USD",
      "m" : "4611686018430933584"
    }, {
      "d" : "1756454861795809648",
      "t" : 1756454861795,
      "tn" : 1756454861795809648,
      "q" : "110",
      "p" : "0.0161770",
      "s" : "sell",
      "i" : "MTD_USD",
      "m" : "4611686018430933583"
    }, {
      "d" : "1756454747734995210",
      "t" : 1756454747734,
      "tn" : 1756454747734995210,
      "q" : "7920",
      "p" : "0.0161705",
      "s" : "sell",
      "i" : "MTD_USD",
      "m" : "4611686018430933582"
    }, {
      "d" : "1756454657744721037",
      "t" : 1756454657744,
      "tn" : 1756454657744721037,
      "q" : "100",
      "p" : "0.0161705",
      "s" : "sell",
      "i" : "MTD_USD",
      "m" : "4611686018430933581"
    }, {
      "d" : "1756453605758323967",
      "t" : 1756453605758,
      "tn" : 1756453605758323967,
      "q" : "760",
      "p" : "0.0162945",
      "s" : "buy",
      "i" : "MTD_USD",
      "m" : "4611686018430933580"
    }, {
      "d" : "1756451204629503970",
      "t" : 1756451204629,
      "tn" : 1756451204629503970,
      "q" : "340",
      "p" : "0.0163600",
      "s" : "sell",
      "i" : "MTD_USD",
      "m" : "4611686018430933579"
    }, {
      "d" : "1756448333277735348",
      "t" : 1756448333277,
      "tn" : 1756448333277735348,
      "q" : "7910",
      "p" : "0.0165215",
      "s" : "sell",
      "i" : "MTD_USD",
      "m" : "4611686018430933578"
    }, {
      "d" : "1756448309308969684",
      "t" : 1756448309308,
      "tn" : 1756448309308969684,
      "q" : "7880",
      "p" : "0.0165375",
      "s" : "sell",
      "i" : "MTD_USD",
      "m" : "4611686018430933577"
    }, {
      "d" : "1756447418036453159",
      "t" : 1756447418036,
      "tn" : 1756447418036453159,
      "q" : "60",
      "p" : "0.0166875",
      "s" : "buy",
      "i" : "MTD_USD",
      "m" : "4611686018430933576"
    }, {
      "d" : "1756444998676316898",
      "t" : 1756444998676,
      "tn" : 1756444998676316898,
      "q" : "80",
      "p" : "0.0165375",
      "s" : "sell",
      "i" : "MTD_USD",
      "m" : "4611686018430933575"
    }, {
      "d" : "1756443879043720975",
      "t" : 1756443879043,
      "tn" : 1756443879043720975,
      "q" : "70",
      "p" : "0.0164905",
      "s" : "sell",
      "i" : "MTD_USD",
      "m" : "4611686018430933574"
    }, {
      "d" : "1756443508439049367",
      "t" : 1756443508439,
      "tn" : 1756443508439049367,
      "q" : "950",
      "p" : "0.0164940",
      "s" : "sell",
      "i" : "MTD_USD",
      "m" : "4611686018430933573"
    }, {
      "d" : "1756441425227746664",
      "t" : 1756441425227,
      "tn" : 1756441425227746664,
      "q" : "5520",
      "p" : "0.0162270",
      "s" : "sell",
      "i" : "MTD_USD",
      "m" : "4611686018430933572"
    }, {
      "d" : "1756441422031876780",
      "t" : 1756441422031,
      "tn" : 1756441422031876780,
      "q" : "300",
      "p" : "0.0164391",
      "s" : "sell",
      "i" : "MTD_USD",
      "m" : "4611686018430933571"
    }, {
      "d" : "1756441229984938143",
      "t" : 1756441229984,
      "tn" : 1756441229984938143,
      "q" : "2860",
      "p" : "0.0164392",
      "s" : "buy",
      "i" : "MTD_USD",
      "m" : "4611686018430933570"
    }, {
      "d" : "1756440455006074088",
      "t" : 1756440455006,
      "tn" : 1756440455006074088,
      "q" : "90",
      "p" : "0.0164392",
      "s" : "buy",
      "i" : "MTD_USD",
      "m" : "4611686018430933569"
    }, {
      "d" : "1756439600533866518",
      "t" : 1756439600533,
      "tn" : 1756439600533866518,
      "q" : "570",
      "p" : "0.0166385",
      "s" : "buy",
      "i" : "MTD_USD",
      "m" : "4611686018430933568"
    }, {
      "d" : "1756437358287670106",
      "t" : 1756437358287,
      "tn" : 1756437358287670106,
      "q" : "2770",
      "p" : "0.0169350",
      "s" : "sell",
      "i" : "MTD_USD",
      "m" : "4611686018430933567"
    }, {
      "d" : "1756437279812152988",
      "t" : 1756437279812,
      "tn" : 1756437279812152988,
      "q" : "1280",
      "p" : "0.0170810",
      "s" : "buy",
      "i" : "MTD_USD",
      "m" : "4611686018430933566"
    }, {
      "d" : "1756437028018952567",
      "t" : 1756437028018,
      "tn" : 1756437028018952567,
      "q" : "70",
      "p" : "0.0169225",
      "s" : "sell",
      "i" : "MTD_USD",
      "m" : "4611686018430933565"
    }, {
      "d" : "1756436583124264336",
      "t" : 1756436583124,
      "tn" : 1756436583124264336,
      "q" : "4830",
      "p" : "0.0169340",
      "s" : "sell",
      "i" : "MTD_USD",
      "m" : "4611686018430933564"
    }, {
      "d" : "1756434815447370505",
      "t" : 1756434815447,
      "tn" : 1756434815447370505,
      "q" : "5360",
      "p" : "0.0168305",
      "s" : "sell",
      "i" : "MTD_USD",
      "m" : "4611686018430933563"
    }, {
      "d" : "1756432410257830110",
      "t" : 1756432410257,
      "tn" : 1756432410257830110,
      "q" : "60",
      "p" : "0.0173205",
      "s" : "sell",
      "i" : "MTD_USD",
      "m" : "4611686018430933562"
    }, {
      "d" : "1756429837363367123",
      "t" : 1756429837363,
      "tn" : 1756429837363367123,
      "q" : "350",
      "p" : "0.0174645",
      "s" : "sell",
      "i" : "MTD_USD",
      "m" : "4611686018430933561"
    }, {
      "d" : "1756429612395536754",
      "t" : 1756429612395,
      "tn" : 1756429612395536754,
      "q" : "100",
      "p" : "0.0177060",
      "s" : "buy",
      "i" : "MTD_USD",
      "m" : "4611686018430933560"
    }, {
      "d" : "1756427406277749870",
      "t" : 1756427406277,
      "tn" : 1756427406277749870,
      "q" : "120",
      "p" : "0.0179890",
      "s" : "sell",
      "i" : "MTD_USD",
      "m" : "4611686018430933559"
    }, {
      "d" : "1756426254797200625",
      "t" : 1756426254797,
      "tn" : 1756426254797200625,
      "q" : "240",
      "p" : "0.0181195",
      "s" : "sell",
      "i" : "MTD_USD",
      "m" : "4611686018430933558"
    }, {
      "d" : "1756425708875152018",
      "t" : 1756425708875,
      "tn" : 1756425708875152018,
      "q" : "100",
      "p" : "0.0182615",
      "s" : "buy",
      "i" : "MTD_USD",
      "m" : "4611686018430933557"
    }, {
      "d" : "1756425700060030722",
      "t" : 1756425700060,
      "tn" : 1756425700060030722,
      "q" : "260",
      "p" : "0.0181975",
      "s" : "buy",
      "i" : "MTD_USD",
      "m" : "4611686018430933556"
    }, {
      "d" : "1756424323232464935",
      "t" : 1756424323232,
      "tn" : 1756424323232464935,
      "q" : "2460",
      "p" : "0.0182755",
      "s" : "buy",
      "i" : "MTD_USD",
      "m" : "4611686018430933555"
    }, {
      "d" : "1756423867208643060",
      "t" : 1756423867208,
      "tn" : 1756423867208643060,
      "q" : "1910",
      "p" : "0.0184325",
      "s" : "buy",
      "i" : "MTD_USD",
      "m" : "4611686018430933554"
    }, {
      "d" : "1756423823494849792",
      "t" : 1756423823494,
      "tn" : 1756423823494849792,
      "q" : "80",
      "p" : "0.0182825",
      "s" : "sell",
      "i" : "MTD_USD",
      "m" : "4611686018430933553"
    }, {
      "d" : "1756423290001895748",
      "t" : 1756423290001,
      "tn" : 1756423290001895748,
      "q" : "2160",
      "p" : "0.0185355",
      "s" : "buy",
      "i" : "MTD_USD",
      "m" : "4611686018430933552"
    }, {
      "d" : "1756423238129819873",
      "t" : 1756423238129,
      "tn" : 1756423238129819873,
      "q" : "630",
      "p" : "0.0186535",
      "s" : "buy",
      "i" : "MTD_USD",
      "m" : "4611686018430933551"
    }, {
      "d" : "1756423154698296165",
      "t" : 1756423154698,
      "tn" : 1756423154698296165,
      "q" : "3960",
      "p" : "0.0186600",
      "s" : "buy",
      "i" : "MTD_USD",
      "m" : "4611686018430933550"
    }, {
      "d" : "1756423110956456241",
      "t" : 1756423110956,
      "tn" : 1756423110956456241,
      "q" : "3940",
      "p" : "0.0186525",
      "s" : "buy",
      "i" : "MTD_USD",
      "m" : "4611686018430933549"
    }, {
      "d" : "1756422243703741676",
      "t" : 1756422243703,
      "tn" : 1756422243703741676,
      "q" : "3300",
      "p" : "0.0182020",
      "s" : "buy",
      "i" : "MTD_USD",
      "m" : "4611686018430933548"
    }, {
      "d" : "1756422243698091372",
      "t" : 1756422243698,
      "tn" : 1756422243698091372,
      "q" : "3300",
      "p" : "0.0182020",
      "s" : "buy",
      "i" : "MTD_USD",
      "m" : "4611686018430933547"
    }, {
      "d" : "1756422037027697761",
      "t" : 1756422037027,
      "tn" : 1756422037027697761,
      "q" : "860",
      "p" : "0.0179020",
      "s" : "sell",
      "i" : "MTD_USD",
      "m" : "4611686018430933546"
    }, {
      "d" : "1756421712162935662",
      "t" : 1756421712162,
      "tn" : 1756421712162935662,
      "q" : "2230",
      "p" : "0.0179775",
      "s" : "buy",
      "i" : "MTD_USD",
      "m" : "4611686018430933545"
    }, {
      "d" : "1756421712052792444",
      "t" : 1756421712052,
      "tn" : 1756421712052792444,
      "q" : "2230",
      "p" : "0.0179755",
      "s" : "buy",
      "i" : "MTD_USD",
      "m" : "4611686018430933544"
    }, {
      "d" : "1756419864925215386",
      "t" : 1756419864925,
      "tn" : 1756419864925215386,
      "q" : "220",
      "p" : "0.0179625",
      "s" : "buy",
      "i" : "MTD_USD",
      "m" : "4611686018430933543"
    }, {
      "d" : "1756419781185373443",
      "t" : 1756419781185,
      "tn" : 1756419781185373443,
      "q" : "2250",
      "p" : "0.0178165",
      "s" : "sell",
      "i" : "MTD_USD",
      "m" : "4611686018430933542"
    }, {
      "d" : "1756419061800605522",
      "t" : 1756419061800,
      "tn" : 1756419061800605522,
      "q" : "100",
      "p" : "0.0178165",
      "s" : "sell",
      "i" : "MTD_USD",
      "m" : "4611686018430933541"
    }, {
      "d" : "1756418754479500538",
      "t" : 1756418754479,
      "tn" : 1756418754479500538,
      "q" : "2250",
      "p" : "0.0178135",
      "s" : "buy",
      "i" : "MTD_USD",
      "m" : "4611686018430933540"
    }, {
      "d" : "1756418754121363806",
      "t" : 1756418754121,
      "tn" : 1756418754121363806,
      "q" : "480",
      "p" : "0.0176640",
      "s" : "sell",
      "i" : "MTD_USD",
      "m" : "4611686018430933539"
    }, {
      "d" : "1756418684423073226",
      "t" : 1756418684423,
      "tn" : 1756418684423073226,
      "q" : "2260",
      "p" : "0.0176745",
      "s" : "buy",
      "i" : "MTD_USD",
      "m" : "4611686018430933538"
    }, {
      "d" : "1756418684402631461",
      "t" : 1756418684402,
      "tn" : 1756418684402631461,
      "q" : "2260",
      "p" : "0.0176725",
      "s" : "buy",
      "i" : "MTD_USD",
      "m" : "4611686018430933537"
    }, {
      "d" : "1756417430903487535",
      "t" : 1756417430903,
      "tn" : 1756417430903487535,
      "q" : "2310",
      "p" : "0.0173140",
      "s" : "buy",
      "i" : "MTD_USD",
      "m" : "4611686018430933536"
    }, {
      "d" : "1756417430898505066",
      "t" : 1756417430898,
      "tn" : 1756417430898505066,
      "q" : "2310",
      "p" : "0.0173140",
      "s" : "buy",
      "i" : "MTD_USD",
      "m" : "4611686018430933535"
    }, {
      "d" : "1756417378082355461",
      "t" : 1756417378082,
      "tn" : 1756417378082355461,
      "q" : "3660",
      "p" : "0.0170685",
      "s" : "sell",
      "i" : "MTD_USD",
      "m" : "4611686018430933534"
    }, {
      "d" : "1756417154351414692",
      "t" : 1756417154351,
      "tn" : 1756417154351414692,
      "q" : "1810",
      "p" : "0.0168235",
      "s" : "sell",
      "i" : "MTD_USD",
      "m" : "4611686018430933533"
    }, {
      "d" : "1756416439366879062",
      "t" : 1756416439366,
      "tn" : 1756416439366879062,
      "q" : "60",
      "p" : "0.0168235",
      "s" : "sell",
      "i" : "MTD_USD",
      "m" : "4611686018430933532"
    }, {
      "d" : "1756416245093845292",
      "t" : 1756416245093,
      "tn" : 1756416245093845292,
      "q" : "140",
      "p" : "0.0168275",
      "s" : "sell",
      "i" : "MTD_USD",
      "m" : "4611686018430933531"
    }, {
      "d" : "1756414836652739240",
      "t" : 1756414836652,
      "tn" : 1756414836652739240,
      "q" : "3230",
      "p" : "0.0168310",
      "s" : "sell",
      "i" : "MTD_USD",
      "m" : "4611686018430933530"
    }, {
      "d" : "1756414612543019414",
      "t" : 1756414612543,
      "tn" : 1756414612543019414,
      "q" : "70",
      "p" : "0.0168275",
      "s" : "sell",
      "i" : "MTD_USD",
      "m" : "4611686018430933529"
    }, {
      "d" : "1756414294797158010",
      "t" : 1756414294797,
      "tn" : 1756414294797158010,
      "q" : "60",
      "p" : "0.0168275",
      "s" : "sell",
      "i" : "MTD_USD",
      "m" : "4611686018430933528"
    }, {
      "d" : "1756414092948080370",
      "t" : 1756414092948,
      "tn" : 1756414092948080370,
      "q" : "1510",
      "p" : "0.0168315",
      "s" : "sell",
      "i" : "MTD_USD",
      "m" : "4611686018430933527"
    }, {
      "d" : "1756413804936713437",
      "t" : 1756413804936,
      "tn" : 1756413804936713437,
      "q" : "230",
      "p" : "0.0168315",
      "s" : "sell",
      "i" : "MTD_USD",
      "m" : "4611686018430933526"
    }, {
      "d" : "1756411890140305771",
      "t" : 1756411890140,
      "tn" : 1756411890140305771,
      "q" : "70",
      "p" : "0.0165495",
      "s" : "sell",
      "i" : "MTD_USD",
      "m" : "4611686018430933525"
    }, {
      "d" : "1756411133318657552",
      "t" : 1756411133318,
      "tn" : 1756411133318657552,
      "q" : "4020",
      "p" : "0.0165575",
      "s" : "sell",
      "i" : "MTD_USD",
      "m" : "4611686018430933524"
    }, {
      "d" : "1756410608628948764",
      "t" : 1756410608628,
      "tn" : 1756410608628948764,
      "q" : "110",
      "p" : "0.0165895",
      "s" : "sell",
      "i" : "MTD_USD",
      "m" : "4611686018430933523"
    }, {
      "d" : "1756410027612048917",
      "t" : 1756410027612,
      "tn" : 1756410027612048917,
      "q" : "4770",
      "p" : "0.0168680",
      "s" : "sell",
      "i" : "MTD_USD",
      "m" : "4611686018430933522"
    }, {
      "d" : "1756409969327363199",
      "t" : 1756409969327,
      "tn" : 1756409969327363199,
      "q" : "70",
      "p" : "0.0168680",
      "s" : "sell",
      "i" : "MTD_USD",
      "m" : "4611686018430933521"
    }, {
      "d" : "1756409903703626965",
      "t" : 1756409903703,
      "tn" : 1756409903703626965,
      "q" : "460",
      "p" : "0.0170150",
      "s" : "buy",
      "i" : "MTD_USD",
      "m" : "4611686018430933520"
    }, {
      "d" : "1756409327840057729",
      "t" : 1756409327840,
      "tn" : 1756409327840057729,
      "q" : "120",
      "p" : "0.0170675",
      "s" : "buy",
      "i" : "MTD_USD",
      "m" : "4611686018430933519"
    }, {
      "d" : "1756409025172819130",
      "t" : 1756409025172,
      "tn" : 1756409025172819130,
      "q" : "60",
      "p" : "0.0169175",
      "s" : "sell",
      "i" : "MTD_USD",
      "m" : "4611686018430933518"
    }, {
      "d" : "1756408713445535409",
      "t" : 1756408713445,
      "tn" : 1756408713445535409,
      "q" : "550",
      "p" : "0.0171370",
      "s" : "buy",
      "i" : "MTD_USD",
      "m" : "4611686018430933517"
    }, {
      "d" : "1756408679793556667",
      "t" : 1756408679793,
      "tn" : 1756408679793556667,
      "q" : "1380",
      "p" : "0.0171335",
      "s" : "buy",
      "i" : "MTD_USD",
      "m" : "4611686018430933516"
    }, {
      "d" : "1756408671205006590",
      "t" : 1756408671205,
      "tn" : 1756408671205006590,
      "q" : "800",
      "p" : "0.0171335",
      "s" : "buy",
      "i" : "MTD_USD",
      "m" : "4611686018430933515"
    }, {
      "d" : "1756408638077877464",
      "t" : 1756408638077,
      "tn" : 1756408638077877464,
      "q" : "130",
      "p" : "0.0169835",
      "s" : "sell",
      "i" : "MTD_USD",
      "m" : "4611686018430933514"
    }, {
      "d" : "1756408043238350375",
      "t" : 1756408043238,
      "tn" : 1756408043238350375,
      "q" : "490",
      "p" : "0.0169835",
      "s" : "sell",
      "i" : "MTD_USD",
      "m" : "4611686018430933513"
    }, {
      "d" : "1756406372299320228",
      "t" : 1756406372299,
      "tn" : 1756406372299320228,
      "q" : "1170",
      "p" : "0.0170505",
      "s" : "buy",
      "i" : "MTD_USD",
      "m" : "4611686018430933512"
    }, {
      "d" : "1756406372189150299",
      "t" : 1756406372189,
      "tn" : 1756406372189150299,
      "q" : "1170",
      "p" : "0.0170485",
      "s" : "buy",
      "i" : "MTD_USD",
      "m" : "4611686018430933511"
    }, {
      "d" : "1756406372179177075",
      "t" : 1756406372179,
      "tn" : 1756406372179177075,
      "q" : "1170",
      "p" : "0.0170465",
      "s" : "buy",
      "i" : "MTD_USD",
      "m" : "4611686018430933510"
    }, {
      "d" : "1756406372172251321",
      "t" : 1756406372172,
      "tn" : 1756406372172251321,
      "q" : "1170",
      "p" : "0.0170465",
      "s" : "buy",
      "i" : "MTD_USD",
      "m" : "4611686018430933509"
    }, {
      "d" : "1756406022543842025",
      "t" : 1756406022543,
      "tn" : 1756406022543842025,
      "q" : "60",
      "p" : "0.0167415",
      "s" : "sell",
      "i" : "MTD_USD",
      "m" : "4611686018430933508"
    }, {
      "d" : "1756405323439563902",
      "t" : 1756405323439,
      "tn" : 1756405323439563902,
      "q" : "140",
      "p" : "0.0166990",
      "s" : "sell",
      "i" : "MTD_USD",
      "m" : "4611686018430933507"
    }, {
      "d" : "1756402778961564933",
      "t" : 1756402778961,
      "tn" : 1756402778961564933,
      "q" : "7930",
      "p" : "0.0166070",
      "s" : "sell",
      "i" : "MTD_USD",
      "m" : "4611686018430933506"
    }, {
      "d" : "1756402731741518017",
      "t" : 1756402731741,
      "tn" : 1756402731741518017,
      "q" : "1200",
      "p" : "0.0166205",
      "s" : "buy",
      "i" : "MTD_USD",
      "m" : "4611686018430933505"
    }, {
      "d" : "1756402731739919087",
      "t" : 1756402731739,
      "tn" : 1756402731739919087,
      "q" : "1200",
      "p" : "0.0166205",
      "s" : "buy",
      "i" : "MTD_USD",
      "m" : "4611686018430933504"
    }, {
      "d" : "1756402731631295247",
      "t" : 1756402731631,
      "tn" : 1756402731631295247,
      "q" : "1200",
      "p" : "0.0166200",
      "s" : "buy",
      "i" : "MTD_USD",
      "m" : "4611686018430933503"
    }, {
      "d" : "1756402731629724792",
      "t" : 1756402731629,
      "tn" : 1756402731629724792,
      "q" : "1200",
      "p" : "0.0166200",
      "s" : "buy",
      "i" : "MTD_USD",
      "m" : "4611686018430933502"
    }, {
      "d" : "1756402183945180046",
      "t" : 1756402183945,
      "tn" : 1756402183945180046,
      "q" : "3660",
      "p" : "0.0163985",
      "s" : "buy",
      "i" : "MTD_USD",
      "m" : "4611686018430933501"
    }, {
      "d" : "1756402183935619999",
      "t" : 1756402183935,
      "tn" : 1756402183935619999,
      "q" : "3660",
      "p" : "0.0163985",
      "s" : "buy",
      "i" : "MTD_USD",
      "m" : "4611686018430933500"
    }, {
      "d" : "1756402108430342206",
      "t" : 1756402108430,
      "tn" : 1756402108430342206,
      "q" : "230",
      "p" : "0.0162220",
      "s" : "sell",
      "i" : "MTD_USD",
      "m" : "4611686018430933499"
    }, {
      "d" : "1756401372504345659",
      "t" : 1756401372504,
      "tn" : 1756401372504345659,
      "q" : "100",
      "p" : "0.0162145",
      "s" : "sell",
      "i" : "MTD_USD",
      "m" : "4611686018430933498"
    }, {
      "d" : "1756401352873906110",
      "t" : 1756401352873,
      "tn" : 1756401352873906110,
      "q" : "2390",
      "p" : "0.0162180",
      "s" : "sell",
      "i" : "MTD_USD",
      "m" : "4611686018430933497"
    }, {
      "d" : "1756401312852877647",
      "t" : 1756401312852,
      "tn" : 1756401312852877647,
      "q" : "9220",
      "p" : "0.0162635",
      "s" : "buy",
      "i" : "MTD_USD",
      "m" : "4611686018430933496"
    }, {
      "d" : "1756401253774708969",
      "t" : 1756401253774,
      "tn" : 1756401253774708969,
      "q" : "1240",
      "p" : "0.0161645",
      "s" : "buy",
      "i" : "MTD_USD",
      "m" : "4611686018430933495"
    }, {
      "d" : "1756401104591053183",
      "t" : 1756401104591,
      "tn" : 1756401104591053183,
      "q" : "3730",
      "p" : "0.0160755",
      "s" : "buy",
      "i" : "MTD_USD",
      "m" : "4611686018430933494"
    }, {
      "d" : "1756401058204427092",
      "t" : 1756401058204,
      "tn" : 1756401058204427092,
      "q" : "2000",
      "p" : "0.0159110",
      "s" : "sell",
      "i" : "MTD_USD",
      "m" : "4611686018430933493"
    }, {
      "d" : "1756400993047471635",
      "t" : 1756400993047,
      "tn" : 1756400993047471635,
      "q" : "10000",
      "p" : "0.0160300",
      "s" : "buy",
      "i" : "MTD_USD",
      "m" : "4611686018430933492"
    }, {
      "d" : "1756400717905085491",
      "t" : 1756400717905,
      "tn" : 1756400717905085491,
      "q" : "390",
      "p" : "0.0159605",
      "s" : "sell",
      "i" : "MTD_USD",
      "m" : "4611686018430933491"
    }, {
      "d" : "1756400658276137977",
      "t" : 1756400658276,
      "tn" : 1756400658276137977,
      "q" : "520",
      "p" : "0.0160780",
      "s" : "sell",
      "i" : "MTD_USD",
      "m" : "4611686018430933490"
    }, {
      "d" : "1756400639873723894",
      "t" : 1756400639873,
      "tn" : 1756400639873723894,
      "q" : "3690",
      "p" : "0.0162640",
      "s" : "buy",
      "i" : "MTD_USD",
      "m" : "4611686018430933489"
    }, {
      "d" : "1756400639863612663",
      "t" : 1756400639863,
      "tn" : 1756400639863612663,
      "q" : "1230",
      "p" : "0.0162850",
      "s" : "buy",
      "i" : "MTD_USD",
      "m" : "4611686018430933488"
    }, {
      "d" : "1756400639853670802",
      "t" : 1756400639853,
      "tn" : 1756400639853670802,
      "q" : "1230",
      "p" : "0.0162850",
      "s" : "buy",
      "i" : "MTD_USD",
      "m" : "4611686018430933487"
    }, {
      "d" : "1756400389846335653",
      "t" : 1756400389846,
      "tn" : 1756400389846335653,
      "q" : "860",
      "p" : "0.0161810",
      "s" : "sell",
      "i" : "MTD_USD",
      "m" : "4611686018430933486"
    }, {
      "d" : "1756400381302200826",
      "t" : 1756400381302,
      "tn" : 1756400381302200826,
      "q" : "7500",
      "p" : "0.0161890",
      "s" : "sell",
      "i" : "MTD_USD",
      "m" : "4611686018430933485"
    }, {
      "d" : "1756400263246795298",
      "t" : 1756400263246,
      "tn" : 1756400263246795298,
      "q" : "7510",
      "p" : "0.0161955",
      "s" : "sell",
      "i" : "MTD_USD",
      "m" : "4611686018430933484"
    }, {
      "d" : "1756399954485982529",
      "t" : 1756399954485,
      "tn" : 1756399954485982529,
      "q" : "7940",
      "p" : "0.0164415",
      "s" : "sell",
      "i" : "MTD_USD",
      "m" : "4611686018430933483"
    }, {
      "d" : "1756399297579126845",
      "t" : 1756399297579,
      "tn" : 1756399297579126845,
      "q" : "60",
      "p" : "0.0174395",
      "s" : "sell",
      "i" : "MTD_USD",
      "m" : "4611686018430933482"
    }, {
      "d" : "1756397898902702265",
      "t" : 1756397898902,
      "tn" : 1756397898902702265,
      "q" : "60",
      "p" : "0.0175610",
      "s" : "sell",
      "i" : "MTD_USD",
      "m" : "4611686018430933481"
    }, {
      "d" : "1756397542211564105",
      "t" : 1756397542211,
      "tn" : 1756397542211564105,
      "q" : "2580",
      "p" : "0.0174775",
      "s" : "buy",
      "i" : "MTD_USD",
      "m" : "4611686018430933480"
    }, {
      "d" : "1756397538969064575",
      "t" : 1756397538969,
      "tn" : 1756397538969064575,
      "q" : "130",
      "p" : "0.0172905",
      "s" : "buy",
      "i" : "MTD_USD",
      "m" : "4611686018430933479"
    }, {
      "d" : "1756396451840178515",
      "t" : 1756396451840,
      "tn" : 1756396451840178515,
      "q" : "70",
      "p" : "0.0172215",
      "s" : "sell",
      "i" : "MTD_USD",
      "m" : "4611686018430933478"
    }, {
      "d" : "1756395952057755932",
      "t" : 1756395952057,
      "tn" : 1756395952057755932,
      "q" : "830",
      "p" : "0.0172904",
      "s" : "sell",
      "i" : "MTD_USD",
      "m" : "4611686018430933477"
    }, {
      "d" : "1756394706436799835",
      "t" : 1756394706436,
      "tn" : 1756394706436799835,
      "q" : "1650",
      "p" : "0.0172560",
      "s" : "sell",
      "i" : "MTD_USD",
      "m" : "4611686018430933476"
    }, {
      "d" : "1756394214202835194",
      "t" : 1756394214202,
      "tn" : 1756394214202835194,
      "q" : "1300",
      "p" : "0.0172175",
      "s" : "sell",
      "i" : "MTD_USD",
      "m" : "4611686018430933475"
    }, {
      "d" : "1756394205949063303",
      "t" : 1756394205949,
      "tn" : 1756394205949063303,
      "q" : "70",
      "p" : "0.0172175",
      "s" : "sell",
      "i" : "MTD_USD",
      "m" : "4611686018430933474"
    }, {
      "d" : "1756393509306560191",
      "t" : 1756393509306,
      "tn" : 1756393509306560191,
      "q" : "80",
      "p" : "0.0176405",
      "s" : "sell",
      "i" : "MTD_USD",
      "m" : "4611686018430933473"
    }, {
      "d" : "1756392234240301379",
      "t" : 1756392234240,
      "tn" : 1756392234240301379,
      "q" : "290",
      "p" : "0.0173745",
      "s" : "buy",
      "i" : "MTD_USD",
      "m" : "4611686018430933472"
    }, {
      "d" : "1756391876491383774",
      "t" : 1756391876491,
      "tn" : 1756391876491383774,
      "q" : "2390",
      "p" : "0.0177325",
      "s" : "sell",
      "i" : "MTD_USD",
      "m" : "4611686018430933471"
    }, {
      "d" : "1756391720737122667",
      "t" : 1756391720737,
      "tn" : 1756391720737122667,
      "q" : "2400",
      "p" : "0.0182550",
      "s" : "buy",
      "i" : "MTD_USD",
      "m" : "4611686018430933470"
    }, {
      "d" : "1756390844879880548",
      "t" : 1756390844879,
      "tn" : 1756390844879880548,
      "q" : "80",
      "p" : "0.0182575",
      "s" : "sell",
      "i" : "MTD_USD",
      "m" : "4611686018430933469"
    }, {
      "d" : "1756390766439833181",
      "t" : 1756390766439,
      "tn" : 1756390766439833181,
      "q" : "2420",
      "p" : "0.0183800",
      "s" : "sell",
      "i" : "MTD_USD",
      "m" : "4611686018430933468"
    }, {
      "d" : "1756390601675763534",
      "t" : 1756390601675,
      "tn" : 1756390601675763534,
      "q" : "100",
      "p" : "0.0184965",
      "s" : "sell",
      "i" : "MTD_USD",
      "m" : "4611686018430933467"
    }, {
      "d" : "1756390461111057311",
      "t" : 1756390461111,
      "tn" : 1756390461111057311,
      "q" : "150",
      "p" : "0.0185815",
      "s" : "sell",
      "i" : "MTD_USD",
      "m" : "4611686018430933466"
    }, {
      "d" : "1756390334321909649",
      "t" : 1756390334321,
      "tn" : 1756390334321909649,
      "q" : "220",
      "p" : "0.0188170",
      "s" : "buy",
      "i" : "MTD_USD",
      "m" : "4611686018430933465"
    }, {
      "d" : "1756390229679933673",
      "t" : 1756390229679,
      "tn" : 1756390229679933673,
      "q" : "2120",
      "p" : "0.0187325",
      "s" : "sell",
      "i" : "MTD_USD",
      "m" : "4611686018430933464"
    }, {
      "d" : "1756390195031305388",
      "t" : 1756390195031,
      "tn" : 1756390195031305388,
      "q" : "340",
      "p" : "0.0191500",
      "s" : "sell",
      "i" : "MTD_USD",
      "m" : "4611686018430933463"
    }, {
      "d" : "1756389894322204884",
      "t" : 1756389894322,
      "tn" : 1756389894322204884,
      "q" : "690",
      "p" : "0.0191500",
      "s" : "sell",
      "i" : "MTD_USD",
      "m" : "4611686018430933462"
    }, {
      "d" : "1756389657945430528",
      "t" : 1756389657945,
      "tn" : 1756389657945430528,
      "q" : "240",
      "p" : "0.0191501",
      "s" : "buy",
      "i" : "MTD_USD",
      "m" : "4611686018430933461"
    }, {
      "d" : "1756388823764452290",
      "t" : 1756388823764,
      "tn" : 1756388823764452290,
      "q" : "310",
      "p" : "0.0192985",
      "s" : "buy",
      "i" : "MTD_USD",
      "m" : "4611686018430933460"
    }, {
      "d" : "1756388420021116149",
      "t" : 1756388420021,
      "tn" : 1756388420021116149,
      "q" : "70",
      "p" : "0.0199730",
      "s" : "sell",
      "i" : "MTD_USD",
      "m" : "4611686018430933459"
    }, {
      "d" : "1756388156937547670",
      "t" : 1756388156937,
      "tn" : 1756388156937547670,
      "q" : "130",
      "p" : "0.0200955",
      "s" : "sell",
      "i" : "MTD_USD",
      "m" : "4611686018430933458"
    }, {
      "d" : "1756388073709261212",
      "t" : 1756388073709,
      "tn" : 1756388073709261212,
      "q" : "240",
      "p" : "0.0200955",
      "s" : "sell",
      "i" : "MTD_USD",
      "m" : "4611686018430933457"
    }, {
      "d" : "1756388043759259244",
      "t" : 1756388043759,
      "tn" : 1756388043759259244,
      "q" : "350",
      "p" : "0.0200995",
      "s" : "sell",
      "i" : "MTD_USD",
      "m" : "4611686018430933456"
    }, {
      "d" : "1756387616032235060",
      "t" : 1756387616032,
      "tn" : 1756387616032235060,
      "q" : "60",
      "p" : "0.0202275",
      "s" : "sell",
      "i" : "MTD_USD",
      "m" : "4611686018430933455"
    }, {
      "d" : "1756387597419019219",
      "t" : 1756387597419,
      "tn" : 1756387597419019219,
      "q" : "3000",
      "p" : "0.0202310",
      "s" : "sell",
      "i" : "MTD_USD",
      "m" : "4611686018430933454"
    }, {
      "d" : "1756387429151883435",
      "t" : 1756387429151,
      "tn" : 1756387429151883435,
      "q" : "50",
      "p" : "0.0203810",
      "s" : "buy",
      "i" : "MTD_USD",
      "m" : "4611686018430933453"
    }, {
      "d" : "1756387198371665501",
      "t" : 1756387198371,
      "tn" : 1756387198371665501,
      "q" : "460",
      "p" : "0.0202305",
      "s" : "sell",
      "i" : "MTD_USD",
      "m" : "4611686018430933452"
    }, {
      "d" : "1756387145255528187",
      "t" : 1756387145255,
      "tn" : 1756387145255528187,
      "q" : "50",
      "p" : "0.0202305",
      "s" : "sell",
      "i" : "MTD_USD",
      "m" : "4611686018430933451"
    }, {
      "d" : "1756386926977464771",
      "t" : 1756386926977,
      "tn" : 1756386926977464771,
      "q" : "110",
      "p" : "0.0202305",
      "s" : "sell",
      "i" : "MTD_USD",
      "m" : "4611686018430933450"
    }, {
      "d" : "1756386606988223473",
      "t" : 1756386606988,
      "tn" : 1756386606988223473,
      "q" : "130",
      "p" : "0.0202305",
      "s" : "sell",
      "i" : "MTD_USD",
      "m" : "4611686018430933449"
    }, {
      "d" : "1756386192002924198",
      "t" : 1756386192002,
      "tn" : 1756386192002924198,
      "q" : "810",
      "p" : "0.0203840",
      "s" : "buy",
      "i" : "MTD_USD",
      "m" : "4611686018430933448"
    }, {
      "d" : "1756385660335912234",
      "t" : 1756385660335,
      "tn" : 1756385660335912234,
      "q" : "770",
      "p" : "0.0203090",
      "s" : "sell",
      "i" : "MTD_USD",
      "m" : "4611686018430933447"
    } ]
  }
}