{
  "id" : -1,
  "method" : "public/get-trades",
  "code" : 0,
  "result" : {
    "data" : [ {
      "d" : "1756461407449396083",
      "t" : 1756461407449,
      "tn" : 1756461407449396083,
      "q" : "3629",
      "p" : "0.00104382",
      "s" : "sell",
      "i" : "MXC_USD",
      "m" : "4611686018431283450"
    }, {
      "d" : "1756461407447153393",
      "t" : 1756461407447,
      "tn" : 1756461407447153393,
      "q" : "38321",
      "p" : "0.00104382",
      "s" : "sell",
      "i" : "MXC_USD",
      "m" : "4611686018431283449"
    }, {
      "d" : "1756461375755612770",
      "t" : 1756461375755,
      "tn" : 1756461375755612770,
      "q" : "29000",
      "p" : "0.00104385",
      "s" : "sell",
      "i" : "MXC_USD",
      "m" : "4611686018431283448"
    }, {
      "d" : "1756458434100130832",
      "t" : 1756458434100,
      "tn" : 1756458434100130832,
      "q" : "144990",
      "p" : "0.00103455",
      "s" : "sell",
      "i" : "MXC_USD",
      "m" : "4611686018431283447"
    }, {
      "d" : "1756458433080170452",
      "t" : 1756458433080,
      "tn" : 1756458433080170452,
      "q" : "62120",
      "p" : "0.00103454",
      "s" : "sell",
      "i" : "MXC_USD",
      "m" : "4611686018431283446"
    }, {
      "d" : "1756456613321235679",
      "t" : 1756456613321,
      "tn" : 1756456613321235679,
      "q" : "26000",
      "p" : "0.00104627",
      "s" : "buy",
      "i" : "MXC_USD",
      "m" : "4611686018431283445"
    }, {
      "d" : "1756456565805298084",
      "t" : 1756456565805,
      "tn" : 1756456565805298084,
      "q" : "173212",
      "p" : "0.00103660",
      "s" : "buy",
      "i" : "MXC_USD",
      "m" : "4611686018431283444"
    }, {
      "d" : "1756455189079437988",
      "t" : 1756455189079,
      "tn" : 1756455189079437988,
      "q" : "133417",
      "p" : "0.00103404",
      "s" : "sell",
      "i" : "MXC_USD",
      "m" : "4611686018431283443"
    }, {
      "d" : "1756455187634987979",
      "t" : 1756455187634,
      "tn" : 1756455187634987979,
      "q" : "145060",
      "p" : "0.00103405",
      "s" : "sell",
      "i" : "MXC_USD",
      "m" : "4611686018431283442"
    }, {
      "d" : "1756453110046915676",
      "t" : 1756453110046,
      "tn" : 1756453110046915676,
      "q" : "171344",
      "p" : "0.00104685",
      "s" : "buy",
      "i" : "MXC_USD",
      "m" : "4611686018431283441"
    }, {
      "d" : "1756453104001899147",
      "t" : 1756453104001,
      "tn" : 1756453104001899147,
      "q" : "1146",
      "p" : "0.00104232",
      "s" : "buy",
      "i" : "MXC_USD",
      "m" : "4611686018431283440"
    }, {
      "d" : "1756453104001897506",
      "t" : 1756453104001,
      "tn" : 1756453104001897506,
      "q" : "62121",
      "p" : "0.00104204",
      "s" : "buy",
      "i" : "MXC_USD",
      "m" : "4611686018431283439"
    }, {
      "d" : "1756453104001891828",
      "t" : 1756453104001,
      "tn" : 1756453104001891827,
      "q" : "179937",
      "p" : "0.00104203",
      "s" : "buy",
      "i" : "MXC_USD",
      "m" : "4611686018431283438"
    }, {
      "d" : "1756453104001891827",
      "t" : 1756453104001,
      "tn" : 1756453104001891827,
      "q" : "10611",
      "p" : "0.00104203",
      "s" : "buy",
      "i" : "MXC_USD",
      "m" : "4611686018431283438"
    }, {
      "d" : "1756451767479098075",
      "t" : 1756451767479,
      "tn" : 1756451767479098075,
      "q" : "303269",
      "p" : "0.00103949",
      "s" : "sell",
      "i" : "MXC_USD",
      "m" : "4611686018431283437"
    }, {
      "d" : "1756451766364899889",
      "t" : 1756451766364,
      "tn" : 1756451766364899889,
      "q" : "186731",
      "p" : "0.00103949",
      "s" : "sell",
      "i" : "MXC_USD",
      "m" : "4611686018431283436"
    }, {
      "d" : "1756451766364898407",
      "t" : 1756451766364,
      "tn" : 1756451766364898407,
      "q" : "24811",
      "p" : "0.00103950",
      "s" : "sell",
      "i" : "MXC_USD",
      "m" : "4611686018431283435"
    }, {
      "d" : "1756451764587001107",
      "t" : 1756451764587,
      "tn" : 1756451764587001107,
      "q" : "37308",
      "p" : "0.00103951",
      "s" : "sell",
      "i" : "MXC_USD",
      "m" : "4611686018431283434"
    }, {
      "d" : "1756451764540531884",
      "t" : 1756451764540,
      "tn" : 1756451764540531884,
      "q" : "1146",
      "p" : "0.00104340",
      "s" : "sell",
      "i" : "MXC_USD",
      "m" : "4611686018431283433"
    }, {
      "d" : "1756451764540530234",
      "t" : 1756451764540,
      "tn" : 1756451764540530234,
      "q" : "93675",
      "p" : "0.00104341",
      "s" : "sell",
      "i" : "MXC_USD",
      "m" : "4611686018431283432"
    }, {
      "d" : "1756450982936957433",
      "t" : 1756450982936,
      "tn" : 1756450982936957433,
      "q" : "4902",
      "p" : "0.00104438",
      "s" : "buy",
      "i" : "MXC_USD",
      "m" : "4611686018431283431"
    }, {
      "d" : "1756450982936955830",
      "t" : 1756450982936,
      "tn" : 1756450982936955830,
      "q" : "62123",
      "p" : "0.00104437",
      "s" : "buy",
      "i" : "MXC_USD",
      "m" : "4611686018431283430"
    }, {
      "d" : "1756448830637619826",
      "t" : 1756448830637,
      "tn" : 1756448830637619826,
      "q" : "62120",
      "p" : "0.00104117",
      "s" : "sell",
      "i" : "MXC_USD",
      "m" : "4611686018431283429"
    }, {
      "d" : "1756448343259459048",
      "t" : 1756448343259,
      "tn" : 1756448343259459048,
      "q" : "59711",
      "p" : "0.00103814",
      "s" : "sell",
      "i" : "MXC_USD",
      "m" : "4611686018431283428"
    }, {
      "d" : "1756448342236451063",
      "t" : 1756448342236,
      "tn" : 1756448342236451063,
      "q" : "53763",
      "p" : "0.00103803",
      "s" : "sell",
      "i" : "MXC_USD",
      "m" : "4611686018431283427"
    }, {
      "d" : "1756447709307439645",
      "t" : 1756447709307,
      "tn" : 1756447709307439645,
      "q" : "37292",
      "p" : "0.00103481",
      "s" : "buy",
      "i" : "MXC_USD",
      "m" : "4611686018431283426"
    }, {
      "d" : "1756447709294584708",
      "t" : 1756447709294,
      "tn" : 1756447709294584708,
      "q" : "296896",
      "p" : "0.00103481",
      "s" : "buy",
      "i" : "MXC_USD",
      "m" : "4611686018431283425"
    }, {
      "d" : "1756447709294582763",
      "t" : 1756447709294,
      "tn" : 1756447709294582763,
      "q" : "62121",
      "p" : "0.00103457",
      "s" : "buy",
      "i" : "MXC_USD",
      "m" : "4611686018431283424"
    }, {
      "d" : "1756447709294580159",
      "t" : 1756447709294,
      "tn" : 1756447709294580159,
      "q" : "181236",
      "p" : "0.00103456",
      "s" : "buy",
      "i" : "MXC_USD",
      "m" : "4611686018431283423"
    }, {
      "d" : "1756447644736795625",
      "t" : 1756447644736,
      "tn" : 1756447644736795625,
      "q" : "1146",
      "p" : "0.00103880",
      "s" : "sell",
      "i" : "MXC_USD",
      "m" : "4611686018431283422"
    }, {
      "d" : "1756447644736792895",
      "t" : 1756447644736,
      "tn" : 1756447644736792895,
      "q" : "14998",
      "p" : "0.00103882",
      "s" : "sell",
      "i" : "MXC_USD",
      "m" : "4611686018431283421"
    }, {
      "d" : "1756447643549195331",
      "t" : 1756447643549,
      "tn" : 1756447643549195331,
      "q" : "1146",
      "p" : "0.00103880",
      "s" : "sell",
      "i" : "MXC_USD",
      "m" : "4611686018431283420"
    }, {
      "d" : "1756447643549193527",
      "t" : 1756447643549,
      "tn" : 1756447643549193527,
      "q" : "212605",
      "p" : "0.00103881",
      "s" : "sell",
      "i" : "MXC_USD",
      "m" : "4611686018431283419"
    }, {
      "d" : "1756447481153397793",
      "t" : 1756447481153,
      "tn" : 1756447481153397793,
      "q" : "15000",
      "p" : "0.00103507",
      "s" : "buy",
      "i" : "MXC_USD",
      "m" : "4611686018431283418"
    }, {
      "d" : "1756446332735340388",
      "t" : 1756446332735,
      "tn" : 1756446332735340388,
      "q" : "43594",
      "p" : "0.00104786",
      "s" : "sell",
      "i" : "MXC_USD",
      "m" : "4611686018431283417"
    }, {
      "d" : "1756446331583142067",
      "t" : 1756446331583,
      "tn" : 1756446331583142067,
      "q" : "138717",
      "p" : "0.00104786",
      "s" : "sell",
      "i" : "MXC_USD",
      "m" : "4611686018431283416"
    }, {
      "d" : "1756446330569090845",
      "t" : 1756446330569,
      "tn" : 1756446330569090845,
      "q" : "1146",
      "p" : "0.00104779",
      "s" : "sell",
      "i" : "MXC_USD",
      "m" : "4611686018431283415"
    }, {
      "d" : "1756446330569089132",
      "t" : 1756446330569,
      "tn" : 1756446330569089132,
      "q" : "143154",
      "p" : "0.00104782",
      "s" : "sell",
      "i" : "MXC_USD",
      "m" : "4611686018431283414"
    }, {
      "d" : "1756446330569087321",
      "t" : 1756446330569,
      "tn" : 1756446330569087321,
      "q" : "62120",
      "p" : "0.00104783",
      "s" : "sell",
      "i" : "MXC_USD",
      "m" : "4611686018431283413"
    }, {
      "d" : "1756446329567093972",
      "t" : 1756446329567,
      "tn" : 1756446329567093972,
      "q" : "1146",
      "p" : "0.00104779",
      "s" : "sell",
      "i" : "MXC_USD",
      "m" : "4611686018431283412"
    }, {
      "d" : "1756446329567092177",
      "t" : 1756446329567,
      "tn" : 1756446329567092177,
      "q" : "143157",
      "p" : "0.00104780",
      "s" : "sell",
      "i" : "MXC_USD",
      "m" : "4611686018431283411"
    }, {
      "d" : "1756446294434988271",
      "t" : 1756446294434,
      "tn" : 1756446294434988271,
      "q" : "1146",
      "p" : "0.00105283",
      "s" : "buy",
      "i" : "MXC_USD",
      "m" : "4611686018431283410"
    }, {
      "d" : "1756446290879202972",
      "t" : 1756446290879,
      "tn" : 1756446290879202972,
      "q" : "1146",
      "p" : "0.00105168",
      "s" : "buy",
      "i" : "MXC_USD",
      "m" : "4611686018431283409"
    }, {
      "d" : "1756446286451762798",
      "t" : 1756446286451,
      "tn" : 1756446286451762798,
      "q" : "1146",
      "p" : "0.00104998",
      "s" : "buy",
      "i" : "MXC_USD",
      "m" : "4611686018431283408"
    }, {
      "d" : "1756446276057511675",
      "t" : 1756446276057,
      "tn" : 1756446276057511675,
      "q" : "1146",
      "p" : "0.00104998",
      "s" : "buy",
      "i" : "MXC_USD",
      "m" : "4611686018431283407"
    }, {
      "d" : "1756446272417231164",
      "t" : 1756446272417,
      "tn" : 1756446272417231164,
      "q" : "1146",
      "p" : "0.00104968",
      "s" : "buy",
      "i" : "MXC_USD",
      "m" : "4611686018431283406"
    }, {
      "d" : "1756446263888091431",
      "t" : 1756446263888,
      "tn" : 1756446263888091431,
      "q" : "1146",
      "p" : "0.00104767",
      "s" : "buy",
      "i" : "MXC_USD",
      "m" : "4611686018431283405"
    }, {
      "d" : "1756446257718922826",
      "t" : 1756446257718,
      "tn" : 1756446257718922826,
      "q" : "62122",
      "p" : "0.00104665",
      "s" : "buy",
      "i" : "MXC_USD",
      "m" : "4611686018431283404"
    }, {
      "d" : "1756446196001114454",
      "t" : 1756446196001,
      "tn" : 1756446196001114454,
      "q" : "292931",
      "p" : "0.00103576",
      "s" : "sell",
      "i" : "MXC_USD",
      "m" : "4611686018431283403"
    }, {
      "d" : "1756446196001113150",
      "t" : 1756446196001,
      "tn" : 1756446196001113150,
      "q" : "10629",
      "p" : "0.00103577",
      "s" : "sell",
      "i" : "MXC_USD",
      "m" : "4611686018431283402"
    }, {
      "d" : "1756446193226976326",
      "t" : 1756446193226,
      "tn" : 1756446193226976326,
      "q" : "45728",
      "p" : "0.00103566",
      "s" : "sell",
      "i" : "MXC_USD",
      "m" : "4611686018431283401"
    }, {
      "d" : "1756446167318363153",
      "t" : 1756446167318,
      "tn" : 1756446167318363153,
      "q" : "11146",
      "p" : "0.00103344",
      "s" : "buy",
      "i" : "MXC_USD",
      "m" : "4611686018431283400"
    }, {
      "d" : "1756446163743901292",
      "t" : 1756446163743,
      "tn" : 1756446163743901292,
      "q" : "11146",
      "p" : "0.00103344",
      "s" : "buy",
      "i" : "MXC_USD",
      "m" : "4611686018431283399"
    }, {
      "d" : "1756446128846325185",
      "t" : 1756446128846,
      "tn" : 1756446128846325185,
      "q" : "1146",
      "p" : "0.00103346",
      "s" : "buy",
      "i" : "MXC_USD",
      "m" : "4611686018431283398"
    }, {
      "d" : "1756445938549776854",
      "t" : 1756445938549,
      "tn" : 1756445938549776854,
      "q" : "15000",
      "p" : "0.00103364",
      "s" : "buy",
      "i" : "MXC_USD",
      "m" : "4611686018431283397"
    }, {
      "d" : "1756445935697366764",
      "t" : 1756445935697,
      "tn" : 1756445935697366764,
      "q" : "11146",
      "p" : "0.00103324",
      "s" : "buy",
      "i" : "MXC_USD",
      "m" : "4611686018431283396"
    }, {
      "d" : "1756445925924486695",
      "t" : 1756445925924,
      "tn" : 1756445925924486695,
      "q" : "11146",
      "p" : "0.00103331",
      "s" : "buy",
      "i" : "MXC_USD",
      "m" : "4611686018431283395"
    }, {
      "d" : "1756445920565946582",
      "t" : 1756445920565,
      "tn" : 1756445920565946582,
      "q" : "11146",
      "p" : "0.00103242",
      "s" : "buy",
      "i" : "MXC_USD",
      "m" : "4611686018431283394"
    }, {
      "d" : "1756445915843005126",
      "t" : 1756445915843,
      "tn" : 1756445915843005126,
      "q" : "11146",
      "p" : "0.00103250",
      "s" : "buy",
      "i" : "MXC_USD",
      "m" : "4611686018431283393"
    }, {
      "d" : "1756445911828170549",
      "t" : 1756445911828,
      "tn" : 1756445911828170549,
      "q" : "11146",
      "p" : "0.00103256",
      "s" : "buy",
      "i" : "MXC_USD",
      "m" : "4611686018431283392"
    }, {
      "d" : "1756445908125238367",
      "t" : 1756445908125,
      "tn" : 1756445908125238367,
      "q" : "11146",
      "p" : "0.00103268",
      "s" : "buy",
      "i" : "MXC_USD",
      "m" : "4611686018431283391"
    }, {
      "d" : "1756445902468448553",
      "t" : 1756445902468,
      "tn" : 1756445902468448553,
      "q" : "11146",
      "p" : "0.00103272",
      "s" : "buy",
      "i" : "MXC_USD",
      "m" : "4611686018431283390"
    }, {
      "d" : "1756445898505405033",
      "t" : 1756445898505,
      "tn" : 1756445898505405033,
      "q" : "11146",
      "p" : "0.00103272",
      "s" : "buy",
      "i" : "MXC_USD",
      "m" : "4611686018431283389"
    }, {
      "d" : "1756445887435923931",
      "t" : 1756445887435,
      "tn" : 1756445887435923931,
      "q" : "15000",
      "p" : "0.00103304",
      "s" : "buy",
      "i" : "MXC_USD",
      "m" : "4611686018431283388"
    }, {
      "d" : "1756445866586953397",
      "t" : 1756445866586,
      "tn" : 1756445866586953397,
      "q" : "11146",
      "p" : "0.00103264",
      "s" : "buy",
      "i" : "MXC_USD",
      "m" : "4611686018431283387"
    }, {
      "d" : "1756445834859533056",
      "t" : 1756445834859,
      "tn" : 1756445834859533056,
      "q" : "11146",
      "p" : "0.00103242",
      "s" : "buy",
      "i" : "MXC_USD",
      "m" : "4611686018431283386"
    }, {
      "d" : "1756445830305027361",
      "t" : 1756445830305,
      "tn" : 1756445830305027361,
      "q" : "11146",
      "p" : "0.00103282",
      "s" : "buy",
      "i" : "MXC_USD",
      "m" : "4611686018431283385"
    }, {
      "d" : "1756445826113799391",
      "t" : 1756445826113,
      "tn" : 1756445826113799391,
      "q" : "11146",
      "p" : "0.00103301",
      "s" : "buy",
      "i" : "MXC_USD",
      "m" : "4611686018431283384"
    }, {
      "d" : "1756445813988079076",
      "t" : 1756445813988,
      "tn" : 1756445813988079076,
      "q" : "11146",
      "p" : "0.00103323",
      "s" : "buy",
      "i" : "MXC_USD",
      "m" : "4611686018431283383"
    }, {
      "d" : "1756445801271174737",
      "t" : 1756445801271,
      "tn" : 1756445801271174737,
      "q" : "11146",
      "p" : "0.00103112",
      "s" : "buy",
      "i" : "MXC_USD",
      "m" : "4611686018431283382"
    }, {
      "d" : "1756445797888785135",
      "t" : 1756445797888,
      "tn" : 1756445797888785135,
      "q" : "11146",
      "p" : "0.00103112",
      "s" : "buy",
      "i" : "MXC_USD",
      "m" : "4611686018431283381"
    }, {
      "d" : "1756445794212318594",
      "t" : 1756445794212,
      "tn" : 1756445794212318594,
      "q" : "11146",
      "p" : "0.00103135",
      "s" : "buy",
      "i" : "MXC_USD",
      "m" : "4611686018431283380"
    }, {
      "d" : "1756445783960502196",
      "t" : 1756445783960,
      "tn" : 1756445783960502196,
      "q" : "1146",
      "p" : "0.00103291",
      "s" : "buy",
      "i" : "MXC_USD",
      "m" : "4611686018431283379"
    }, {
      "d" : "1756445781819460544",
      "t" : 1756445781819,
      "tn" : 1756445781819460544,
      "q" : "1146",
      "p" : "0.00103337",
      "s" : "buy",
      "i" : "MXC_USD",
      "m" : "4611686018431283378"
    }, {
      "d" : "1756445777772192360",
      "t" : 1756445777772,
      "tn" : 1756445777772192360,
      "q" : "1146",
      "p" : "0.00103816",
      "s" : "buy",
      "i" : "MXC_USD",
      "m" : "4611686018431283377"
    }, {
      "d" : "1756445774835754704",
      "t" : 1756445774835,
      "tn" : 1756445774835754704,
      "q" : "1146",
      "p" : "0.00103871",
      "s" : "buy",
      "i" : "MXC_USD",
      "m" : "4611686018431283376"
    }, {
      "d" : "1756445771258631923",
      "t" : 1756445771258,
      "tn" : 1756445771258631923,
      "q" : "1146",
      "p" : "0.00105942",
      "s" : "buy",
      "i" : "MXC_USD",
      "m" : "4611686018431283375"
    }, {
      "d" : "1756445766340746657",
      "t" : 1756445766340,
      "tn" : 1756445766340746657,
      "q" : "1146",
      "p" : "0.00103515",
      "s" : "sell",
      "i" : "MXC_USD",
      "m" : "4611686018431283374"
    }, {
      "d" : "1756445766340744978",
      "t" : 1756445766340,
      "tn" : 1756445766340744978,
      "q" : "55600",
      "p" : "0.00103516",
      "s" : "sell",
      "i" : "MXC_USD",
      "m" : "4611686018431283373"
    }, {
      "d" : "1756445766325081152",
      "t" : 1756445766325,
      "tn" : 1756445766325081152,
      "q" : "1146",
      "p" : "0.00103796",
      "s" : "buy",
      "i" : "MXC_USD",
      "m" : "4611686018431283372"
    }, {
      "d" : "1756445754094035804",
      "t" : 1756445754094,
      "tn" : 1756445754094035804,
      "q" : "1146",
      "p" : "0.00104111",
      "s" : "buy",
      "i" : "MXC_USD",
      "m" : "4611686018431283371"
    }, {
      "d" : "1756445744329163144",
      "t" : 1756445744329,
      "tn" : 1756445744329163144,
      "q" : "1146",
      "p" : "0.00104111",
      "s" : "buy",
      "i" : "MXC_USD",
      "m" : "4611686018431283370"
    }, {
      "d" : "1756445737425442422",
      "t" : 1756445737425,
      "tn" : 1756445737425442422,
      "q" : "1146",
      "p" : "0.00104111",
      "s" : "buy",
      "i" : "MXC_USD",
      "m" : "4611686018431283369"
    }, {
      "d" : "1756445689020430030",
      "t" : 1756445689020,
      "tn" : 1756445689020430030,
      "q" : "1146",
      "p" : "0.00104111",
      "s" : "buy",
      "i" : "MXC_USD",
      "m" : "4611686018431283368"
    }, {
      "d" : "1756445682537118634",
      "t" : 1756445682537,
      "tn" : 1756445682537118634,
      "q" : "1146",
      "p" : "0.00104111",
      "s" : "buy",
      "i" : "MXC_USD",
      "m" : "4611686018431283367"
    }, {
      "d" : "1756445660048192866",
      "t" : 1756445660048,
      "tn" : 1756445660048192866,
      "q" : "1146",
      "p" : "0.00104111",
      "s" : "buy",
      "i" : "MXC_USD",
      "m" : "4611686018431283366"
    }, {
      "d" : "1756445651536048086",
      "t" : 1756445651536,
      "tn" : 1756445651536048086,
      "q" : "1146",
      "p" : "0.00104111",
      "s" : "buy",
      "i" : "MXC_USD",
      "m" : "4611686018431283365"
    }, {
      "d" : "1756445646976823250",
      "t" : 1756445646976,
      "tn" : 1756445646976823250,
      "q" : "1146",
      "p" : "0.00104111",
      "s" : "buy",
      "i" : "MXC_USD",
      "m" : "4611686018431283364"
    }, {
      "d" : "1756445643278082588",
      "t" : 1756445643278,
      "tn" : 1756445643278082588,
      "q" : "1146",
      "p" : "0.00104111",
      "s" : "buy",
      "i" : "MXC_USD",
      "m" : "4611686018431283363"
    }, {
      "d" : "1756445499964318127",
      "t" : 1756445499964,
      "tn" : 1756445499964318127,
      "q" : "15000",
      "p" : "0.00103802",
      "s" : "buy",
      "i" : "MXC_USD",
      "m" : "4611686018431283362"
    }, {
      "d" : "1756445375516336856",
      "t" : 1756445375516,
      "tn" : 1756445375516336856,
      "q" : "46987",
      "p" : "0.00104028",
      "s" : "buy",
      "i" : "MXC_USD",
      "m" : "4611686018431283361"
    }, {
      "d" : "1756444339141475460",
      "t" : 1756444339141,
      "tn" : 1756444339141475460,
      "q" : "1146",
      "p" : "0.00104676",
      "s" : "buy",
      "i" : "MXC_USD",
      "m" : "4611686018431283360"
    }, {
      "d" : "1756444316999019712",
      "t" : 1756444316999,
      "tn" : 1756444316999019712,
      "q" : "1146",
      "p" : "0.00104810",
      "s" : "buy",
      "i" : "MXC_USD",
      "m" : "4611686018431283359"
    }, {
      "d" : "1756442112969262298",
      "t" : 1756442112969,
      "tn" : 1756442112969262298,
      "q" : "1146",
      "p" : "0.00105298",
      "s" : "buy",
      "i" : "MXC_USD",
      "m" : "4611686018431283358"
    }, {
      "d" : "1756442108457424865",
      "t" : 1756442108457,
      "tn" : 1756442108457424865,
      "q" : "1146",
      "p" : "0.00105298",
      "s" : "buy",
      "i" : "MXC_USD",
      "m" : "4611686018431283357"
    }, {
      "d" : "1756441946652495260",
      "t" : 1756441946652,
      "tn" : 1756441946652495260,
      "q" : "1146",
      "p" : "0.00105293",
      "s" : "buy",
      "i" : "MXC_USD",
      "m" : "4611686018431283356"
    }, {
      "d" : "1756441534430730513",
      "t" : 1756441534430,
      "tn" : 1756441534430730513,
      "q" : "1146",
      "p" : "0.00105148",
      "s" : "buy",
      "i" : "MXC_USD",
      "m" : "4611686018431283355"
    }, {
      "d" : "1756441530125266907",
      "t" : 1756441530125,
      "tn" : 1756441530125266907,
      "q" : "1146",
      "p" : "0.00105148",
      "s" : "buy",
      "i" : "MXC_USD",
      "m" : "4611686018431283354"
    }, {
      "d" : "1756441526608281424",
      "t" : 1756441526608,
      "tn" : 1756441526608281424,
      "q" : "1146",
      "p" : "0.00105158",
      "s" : "buy",
      "i" : "MXC_USD",
      "m" : "4611686018431283353"
    }, {
      "d" : "1756441524035711848",
      "t" : 1756441524035,
      "tn" : 1756441524035711848,
      "q" : "1146",
      "p" : "0.00105168",
      "s" : "buy",
      "i" : "MXC_USD",
      "m" : "4611686018431283352"
    }, {
      "d" : "1756441518224269147",
      "t" : 1756441518224,
      "tn" : 1756441518224269147,
      "q" : "1146",
      "p" : "0.00105188",
      "s" : "buy",
      "i" : "MXC_USD",
      "m" : "4611686018431283351"
    }, {
      "d" : "1756441514350320445",
      "t" : 1756441514350,
      "tn" : 1756441514350320445,
      "q" : "1146",
      "p" : "0.00105199",
      "s" : "buy",
      "i" : "MXC_USD",
      "m" : "4611686018431283350"
    }, {
      "d" : "1756441500345969878",
      "t" : 1756441500345,
      "tn" : 1756441500345969878,
      "q" : "1146",
      "p" : "0.00105239",
      "s" : "buy",
      "i" : "MXC_USD",
      "m" : "4611686018431283349"
    }, {
      "d" : "1756441495440151064",
      "t" : 1756441495440,
      "tn" : 1756441495440151064,
      "q" : "1146",
      "p" : "0.00105239",
      "s" : "buy",
      "i" : "MXC_USD",
      "m" : "4611686018431283348"
    }, {
      "d" : "1756440816229584608",
      "t" : 1756440816229,
      "tn" : 1756440816229584608,
      "q" : "1146",
      "p" : "0.00103629",
      "s" : "buy",
      "i" : "MXC_USD",
      "m" : "4611686018431283347"
    }, {
      "d" : "1756440809147294846",
      "t" : 1756440809147,
      "tn" : 1756440809147294846,
      "q" : "1146",
      "p" : "0.00103742",
      "s" : "buy",
      "i" : "MXC_USD",
      "m" : "4611686018431283346"
    }, {
      "d" : "1756440732083735175",
      "t" : 1756440732083,
      "tn" : 1756440732083735175,
      "q" : "1146",
      "p" : "0.00103801",
      "s" : "buy",
      "i" : "MXC_USD",
      "m" : "4611686018431283345"
    }, {
      "d" : "1756440728134683580",
      "t" : 1756440728134,
      "tn" : 1756440728134683580,
      "q" : "1146",
      "p" : "0.00103801",
      "s" : "buy",
      "i" : "MXC_USD",
      "m" : "4611686018431283344"
    }, {
      "d" : "1756440722958118188",
      "t" : 1756440722958,
      "tn" : 1756440722958118188,
      "q" : "1146",
      "p" : "0.00103801",
      "s" : "buy",
      "i" : "MXC_USD",
      "m" : "4611686018431283343"
    }, {
      "d" : "1756440719282384914",
      "t" : 1756440719282,
      "tn" : 1756440719282384914,
      "q" : "1146",
      "p" : "0.00103801",
      "s" : "buy",
      "i" : "MXC_USD",
      "m" : "4611686018431283342"
    }, {
      "d" : "1756440716543800788",
      "t" : 1756440716543,
      "tn" : 1756440716543800788,
      "q" : "1146",
      "p" : "0.00103801",
      "s" : "buy",
      "i" : "MXC_USD",
      "m" : "4611686018431283341"
    }, {
      "d" : "1756440713393468142",
      "t" : 1756440713393,
      "tn" : 1756440713393468142,
      "q" : "1146",
      "p" : "0.00103801",
      "s" : "buy",
      "i" : "MXC_USD",
      "m" : "4611686018431283340"
    }, {
      "d" : "1756440710962474821",
      "t" : 1756440710962,
      "tn" : 1756440710962474821,
      "q" : "1146",
      "p" : "0.00103801",
      "s" : "buy",
      "i" : "MXC_USD",
      "m" : "4611686018431283339"
    }, {
      "d" : "1756440708463876382",
      "t" : 1756440708463,
      "tn" : 1756440708463876382,
      "q" : "1146",
      "p" : "0.00103801",
      "s" : "buy",
      "i" : "MXC_USD",
      "m" : "4611686018431283338"
    }, {
      "d" : "1756440705614128168",
      "t" : 1756440705614,
      "tn" : 1756440705614128168,
      "q" : "1146",
      "p" : "0.00103801",
      "s" : "buy",
      "i" : "MXC_USD",
      "m" : "4611686018431283337"
    }, {
      "d" : "1756440702924348316",
      "t" : 1756440702924,
      "tn" : 1756440702924348316,
      "q" : "1146",
      "p" : "0.00103801",
      "s" : "buy",
      "i" : "MXC_USD",
      "m" : "4611686018431283336"
    }, {
      "d" : "1756440511588179097",
      "t" : 1756440511588,
      "tn" : 1756440511588179097,
      "q" : "30000",
      "p" : "0.00104396",
      "s" : "buy",
      "i" : "MXC_USD",
      "m" : "4611686018431283335"
    }, {
      "d" : "1756440511548840797",
      "t" : 1756440511548,
      "tn" : 1756440511548840797,
      "q" : "29994",
      "p" : "0.00104396",
      "s" : "buy",
      "i" : "MXC_USD",
      "m" : "4611686018431283334"
    }, {
      "d" : "1756439966656565407",
      "t" : 1756439966656,
      "tn" : 1756439966656565407,
      "q" : "15000",
      "p" : "0.00104463",
      "s" : "buy",
      "i" : "MXC_USD",
      "m" : "4611686018431283333"
    }, {
      "d" : "1756439793513259787",
      "t" : 1756439793513,
      "tn" : 1756439793513259787,
      "q" : "23311",
      "p" : "0.00105005",
      "s" : "buy",
      "i" : "MXC_USD",
      "m" : "4611686018431283332"
    }, {
      "d" : "1756434921397931256",
      "t" : 1756434921397,
      "tn" : 1756434921397931256,
      "q" : "1146",
      "p" : "0.00104808",
      "s" : "buy",
      "i" : "MXC_USD",
      "m" : "4611686018431283331"
    }, {
      "d" : "1756434909720038548",
      "t" : 1756434909720,
      "tn" : 1756434909720038548,
      "q" : "1146",
      "p" : "0.00104808",
      "s" : "buy",
      "i" : "MXC_USD",
      "m" : "4611686018431283330"
    }, {
      "d" : "1756434905094255844",
      "t" : 1756434905094,
      "tn" : 1756434905094255844,
      "q" : "1146",
      "p" : "0.00104808",
      "s" : "buy",
      "i" : "MXC_USD",
      "m" : "4611686018431283329"
    }, {
      "d" : "1756427689656802627",
      "t" : 1756427689656,
      "tn" : 1756427689656802627,
      "q" : "271554",
      "p" : "0.00108560",
      "s" : "buy",
      "i" : "MXC_USD",
      "m" : "4611686018431283328"
    }, {
      "d" : "1756422991756979793",
      "t" : 1756422991756,
      "tn" : 1756422991756979793,
      "q" : "62120",
      "p" : "0.00106142",
      "s" : "sell",
      "i" : "MXC_USD",
      "m" : "4611686018431283327"
    }, {
      "d" : "1756422991756977845",
      "t" : 1756422991756,
      "tn" : 1756422991756977845,
      "q" : "141318",
      "p" : "0.00106143",
      "s" : "sell",
      "i" : "MXC_USD",
      "m" : "4611686018431283326"
    }, {
      "d" : "1756422743885740325",
      "t" : 1756422743885,
      "tn" : 1756422743885740325,
      "q" : "17000",
      "p" : "0.00106585",
      "s" : "buy",
      "i" : "MXC_USD",
      "m" : "4611686018431283325"
    }, {
      "d" : "1756422743879218588",
      "t" : 1756422743879,
      "tn" : 1756422743879218588,
      "q" : "5734",
      "p" : "0.00106406",
      "s" : "buy",
      "i" : "MXC_USD",
      "m" : "4611686018431283324"
    }, {
      "d" : "1756422743876697698",
      "t" : 1756422743876,
      "tn" : 1756422743876697698,
      "q" : "56388",
      "p" : "0.00106406",
      "s" : "buy",
      "i" : "MXC_USD",
      "m" : "4611686018431283323"
    }, {
      "d" : "1756421068296896138",
      "t" : 1756421068296,
      "tn" : 1756421068296896138,
      "q" : "1146",
      "p" : "0.00107401",
      "s" : "buy",
      "i" : "MXC_USD",
      "m" : "4611686018431283322"
    }, {
      "d" : "1756421057103193683",
      "t" : 1756421057103,
      "tn" : 1756421057103193683,
      "q" : "1146",
      "p" : "0.00107401",
      "s" : "buy",
      "i" : "MXC_USD",
      "m" : "4611686018431283321"
    }, {
      "d" : "1756421045651743034",
      "t" : 1756421045651,
      "tn" : 1756421045651743034,
      "q" : "1146",
      "p" : "0.00107401",
      "s" : "buy",
      "i" : "MXC_USD",
      "m" : "4611686018431283320"
    }, {
      "d" : "1756421033576436538",
      "t" : 1756421033576,
      "tn" : 1756421033576436538,
      "q" : "1146",
      "p" : "0.00107401",
      "s" : "buy",
      "i" : "MXC_USD",
      "m" : "4611686018431283319"
    }, {
      "d" : "1756421021604009512",
      "t" : 1756421021604,
      "tn" : 1756421021604009512,
      "q" : "1146",
      "p" : "0.00107401",
      "s" : "buy",
      "i" : "MXC_USD",
      "m" : "4611686018431283318"
    }, {
      "d" : "1756421000132048768",
      "t" : 1756421000132,
      "tn" : 1756421000132048768,
      "q" : "1146",
      "p" : "0.00107411",
      "s" : "buy",
      "i" : "MXC_USD",
      "m" : "4611686018431283317"
    }, {
      "d" : "1756420986783201786",
      "t" : 1756420986783,
      "tn" : 1756420986783201786,
      "q" : "1146",
      "p" : "0.00107396",
      "s" : "buy",
      "i" : "MXC_USD",
      "m" : "4611686018431283316"
    }, {
      "d" : "1756420974196156362",
      "t" : 1756420974196,
      "tn" : 1756420974196156362,
      "q" : "1146",
      "p" : "0.00107396",
      "s" : "buy",
      "i" : "MXC_USD",
      "m" : "4611686018431283315"
    }, {
      "d" : "1756420958712551413",
      "t" : 1756420958712,
      "tn" : 1756420958712551413,
      "q" : "1146",
      "p" : "0.00107396",
      "s" : "buy",
      "i" : "MXC_USD",
      "m" : "4611686018431283314"
    }, {
      "d" : "1756420936086623124",
      "t" : 1756420936086,
      "tn" : 1756420936086623124,
      "q" : "1146",
      "p" : "0.00107406",
      "s" : "buy",
      "i" : "MXC_USD",
      "m" : "4611686018431283313"
    }, {
      "d" : "1756420921064113197",
      "t" : 1756420921064,
      "tn" : 1756420921064113197,
      "q" : "1146",
      "p" : "0.00107396",
      "s" : "buy",
      "i" : "MXC_USD",
      "m" : "4611686018431283312"
    }, {
      "d" : "1756420803656933873",
      "t" : 1756420803656,
      "tn" : 1756420803656933873,
      "q" : "1146",
      "p" : "0.00107396",
      "s" : "buy",
      "i" : "MXC_USD",
      "m" : "4611686018431283311"
    }, {
      "d" : "1756420790116431067",
      "t" : 1756420790116,
      "tn" : 1756420790116431067,
      "q" : "1146",
      "p" : "0.00107396",
      "s" : "buy",
      "i" : "MXC_USD",
      "m" : "4611686018431283310"
    }, {
      "d" : "1756420777894847906",
      "t" : 1756420777894,
      "tn" : 1756420777894847906,
      "q" : "1146",
      "p" : "0.00107396",
      "s" : "buy",
      "i" : "MXC_USD",
      "m" : "4611686018431283309"
    }, {
      "d" : "1756420764954666929",
      "t" : 1756420764954,
      "tn" : 1756420764954666929,
      "q" : "1146",
      "p" : "0.00107396",
      "s" : "buy",
      "i" : "MXC_USD",
      "m" : "4611686018431283308"
    }, {
      "d" : "1756420740773308433",
      "t" : 1756420740773,
      "tn" : 1756420740773308433,
      "q" : "1146",
      "p" : "0.00107406",
      "s" : "buy",
      "i" : "MXC_USD",
      "m" : "4611686018431283307"
    }, {
      "d" : "1756420702783733731",
      "t" : 1756420702783,
      "tn" : 1756420702783733731,
      "q" : "1146",
      "p" : "0.00107396",
      "s" : "buy",
      "i" : "MXC_USD",
      "m" : "4611686018431283306"
    }, {
      "d" : "1756420678570173805",
      "t" : 1756420678570,
      "tn" : 1756420678570173805,
      "q" : "35670",
      "p" : "0.00107396",
      "s" : "sell",
      "i" : "MXC_USD",
      "m" : "4611686018431283305"
    }, {
      "d" : "1756420678546888106",
      "t" : 1756420678546,
      "tn" : 1756420678546888106,
      "q" : "58580",
      "p" : "0.00107397",
      "s" : "sell",
      "i" : "MXC_USD",
      "m" : "4611686018431283304"
    }, {
      "d" : "1756420671799411979",
      "t" : 1756420671799,
      "tn" : 1756420671799411979,
      "q" : "1146",
      "p" : "0.00107396",
      "s" : "buy",
      "i" : "MXC_USD",
      "m" : "4611686018431283303"
    }, {
      "d" : "1756420655262851534",
      "t" : 1756420655262,
      "tn" : 1756420655262851534,
      "q" : "1146",
      "p" : "0.00107396",
      "s" : "buy",
      "i" : "MXC_USD",
      "m" : "4611686018431283302"
    } ]
  }
}