{
  "id" : -1,
  "method" : "public/get-trades",
  "code" : 0,
  "result" : {
    "data" : [ {
      "d" : "1756455462301638693",
      "t" : 1756455462301,
      "tn" : 1756455462301638693,
      "q" : "682",
      "p" : "0.02305",
      "s" : "sell",
      "i" : "MYRO_USD",
      "m" : "4611686018428395096"
    }, {
      "d" : "1756415907207263659",
      "t" : 1756415907207,
      "tn" : 1756415907207263659,
      "q" : "2316",
      "p" : "0.02392",
      "s" : "sell",
      "i" : "MYRO_USD",
      "m" : "4611686018428395095"
    }, {
      "d" : "1756413801661065527",
      "t" : 1756413801661,
      "tn" : 1756413801661065527,
      "q" : "600",
      "p" : "0.02374",
      "s" : "sell",
      "i" : "MYRO_USD",
      "m" : "4611686018428395094"
    }, {
      "d" : "1756413801658751197",
      "t" : 1756413801658,
      "tn" : 1756413801658751197,
      "q" : "600",
      "p" : "0.02374",
      "s" : "sell",
      "i" : "MYRO_USD",
      "m" : "4611686018428395093"
    }, {
      "d" : "1756400380080150916",
      "t" : 1756400380080,
      "tn" : 1756400380080150916,
      "q" : "76",
      "p" : "0.02376",
      "s" : "buy",
      "i" : "MYRO_USD",
      "m" : "4611686018428395092"
    }, {
      "d" : "1756390018395116485",
      "t" : 1756390018395,
      "tn" : 1756390018395116485,
      "q" : "102",
      "p" : "0.02466",
      "s" : "buy",
      "i" : "MYRO_USD",
      "m" : "4611686018428395091"
    }, {
      "d" : "1756390015057625217",
      "t" : 1756390015057,
      "tn" : 1756390015057625217,
      "q" : "409",
      "p" : "0.02466",
      "s" : "buy",
      "i" : "MYRO_USD",
      "m" : "4611686018428395090"
    }, {
      "d" : "1756390011031038358",
      "t" : 1756390011031,
      "tn" : 1756390011031038358,
      "q" : "215",
      "p" : "0.02465",
      "s" : "buy",
      "i" : "MYRO_USD",
      "m" : "4611686018428395089"
    }, {
      "d" : "1756390011031036621",
      "t" : 1756390011031,
      "tn" : 1756390011031036621,
      "q" : "1602",
      "p" : "0.02464",
      "s" : "buy",
      "i" : "MYRO_USD",
      "m" : "4611686018428395088"
    }, {
      "d" : "1756378846235588066",
      "t" : 1756378846235,
      "tn" : 1756378846235588066,
      "q" : "1439",
      "p" : "0.02403",
      "s" : "sell",
      "i" : "MYRO_USD",
      "m" : "4611686018428395087"
    }, {
      "d" : "1756377621810515114",
      "t" : 1756377621810,
      "tn" : 1756377621810515114,
      "q" : "3719",
      "p" : "0.02421",
      "s" : "buy",
      "i" : "MYRO_USD",
      "m" : "4611686018428395086"
    }, {
      "d" : "1756377621810513360",
      "t" : 1756377621810,
      "tn" : 1756377621810513360,
      "q" : "414",
      "p" : "0.02419",
      "s" : "buy",
      "i" : "MYRO_USD",
      "m" : "4611686018428395085"
    } ]
  }
}