{
  "id" : -1,
  "method" : "public/get-trades",
  "code" : 0,
  "result" : {
    "data" : [ {
      "d" : "1756461841304066672",
      "t" : 1756461841304,
      "tn" : 1756461841304066672,
      "q" : "1",
      "p" : "2.4285",
      "s" : "buy",
      "i" : "NEARUSD-PERP",
      "m" : "4611686018432496196"
    }, {
      "d" : "1756461823304975283",
      "t" : 1756461823304,
      "tn" : 1756461823304975283,
      "q" : "1",
      "p" : "2.4275",
      "s" : "buy",
      "i" : "NEARUSD-PERP",
      "m" : "4611686018432496195"
    }, {
      "d" : "1756461809201109931",
      "t" : 1756461809201,
      "tn" : 1756461809201109931,
      "q" : "20",
      "p" : "2.4275",
      "s" : "sell",
      "i" : "NEARUSD-PERP",
      "m" : "4611686018432496194"
    }, {
      "d" : "1756461809201107802",
      "t" : 1756461809201,
      "tn" : 1756461809201107802,
      "q" : "1",
      "p" : "2.4278",
      "s" : "sell",
      "i" : "NEARUSD-PERP",
      "m" : "4611686018432496193"
    }, {
      "d" : "1756461781564221516",
      "t" : 1756461781564,
      "tn" : 1756461781564221516,
      "q" : "1",
      "p" : "2.4285",
      "s" : "buy",
      "i" : "NEARUSD-PERP",
      "m" : "4611686018432496192"
    }, {
      "d" : "1756461766222409603",
      "t" : 1756461766222,
      "tn" : 1756461766222409603,
      "q" : "53",
      "p" : "2.4292",
      "s" : "sell",
      "i" : "NEARUSD-PERP",
      "m" : "4611686018432496191"
    }, {
      "d" : "1756461766218944117",
      "t" : 1756461766218,
      "tn" : 1756461766218944117,
      "q" : "146",
      "p" : "2.4292",
      "s" : "sell",
      "i" : "NEARUSD-PERP",
      "m" : "4611686018432496190"
    }, {
      "d" : "1756461641245233844",
      "t" : 1756461641245,
      "tn" : 1756461641245233844,
      "q" : "1",
      "p" : "2.4234",
      "s" : "buy",
      "i" : "NEARUSD-PERP",
      "m" : "4611686018432496189"
    }, {
      "d" : "1756461633182543259",
      "t" : 1756461633182,
      "tn" : 1756461633182543259,
      "q" : "1",
      "p" : "2.4223",
      "s" : "buy",
      "i" : "NEARUSD-PERP",
      "m" : "4611686018432496188"
    }, {
      "d" : "1756461626539964177",
      "t" : 1756461626539,
      "tn" : 1756461626539964177,
      "q" : "20",
      "p" : "2.4230",
      "s" : "sell",
      "i" : "NEARUSD-PERP",
      "m" : "4611686018432496187"
    }, {
      "d" : "1756461609724773204",
      "t" : 1756461609724,
      "tn" : 1756461609724773204,
      "q" : "1",
      "p" : "2.4238",
      "s" : "buy",
      "i" : "NEARUSD-PERP",
      "m" : "4611686018432496186"
    }, {
      "d" : "1756461606257188325",
      "t" : 1756461606257,
      "tn" : 1756461606257188325,
      "q" : "1",
      "p" : "2.4237",
      "s" : "buy",
      "i" : "NEARUSD-PERP",
      "m" : "4611686018432496185"
    }, {
      "d" : "1756461601505866915",
      "t" : 1756461601505,
      "tn" : 1756461601505866914,
      "q" : "87",
      "p" : "2.4237",
      "s" : "buy",
      "i" : "NEARUSD-PERP",
      "m" : "4611686018432496184"
    }, {
      "d" : "1756461601505866914",
      "t" : 1756461601505,
      "tn" : 1756461601505866914,
      "q" : "1",
      "p" : "2.4237",
      "s" : "buy",
      "i" : "NEARUSD-PERP",
      "m" : "4611686018432496184"
    }, {
      "d" : "1756461601330314995",
      "t" : 1756461601330,
      "tn" : 1756461601330314995,
      "q" : "4",
      "p" : "2.4243",
      "s" : "sell",
      "i" : "NEARUSD-PERP",
      "m" : "4611686018432496183"
    }, {
      "d" : "1756461601329253832",
      "t" : 1756461601329,
      "tn" : 1756461601329253832,
      "q" : "175",
      "p" : "2.4243",
      "s" : "sell",
      "i" : "NEARUSD-PERP",
      "m" : "4611686018432496182"
    }, {
      "d" : "1756461593671044344",
      "t" : 1756461593671,
      "tn" : 1756461593671044344,
      "q" : "1",
      "p" : "2.4249",
      "s" : "sell",
      "i" : "NEARUSD-PERP",
      "m" : "4611686018432496181"
    }, {
      "d" : "1756461593669452254",
      "t" : 1756461593669,
      "tn" : 1756461593669452254,
      "q" : "1",
      "p" : "2.4250",
      "s" : "sell",
      "i" : "NEARUSD-PERP",
      "m" : "4611686018432496180"
    }, {
      "d" : "1756461593519452996",
      "t" : 1756461593519,
      "tn" : 1756461593519452996,
      "q" : "1",
      "p" : "2.4249",
      "s" : "sell",
      "i" : "NEARUSD-PERP",
      "m" : "4611686018432496179"
    }, {
      "d" : "1756461593519007369",
      "t" : 1756461593519,
      "tn" : 1756461593519007368,
      "q" : "20",
      "p" : "2.4250",
      "s" : "sell",
      "i" : "NEARUSD-PERP",
      "m" : "4611686018432496178"
    }, {
      "d" : "1756461593519007368",
      "t" : 1756461593519,
      "tn" : 1756461593519007368,
      "q" : "1",
      "p" : "2.4250",
      "s" : "sell",
      "i" : "NEARUSD-PERP",
      "m" : "4611686018432496178"
    }, {
      "d" : "1756461529533497499",
      "t" : 1756461529533,
      "tn" : 1756461529533497499,
      "q" : "20",
      "p" : "2.4255",
      "s" : "sell",
      "i" : "NEARUSD-PERP",
      "m" : "4611686018432496177"
    }, {
      "d" : "1756461529531417320",
      "t" : 1756461529531,
      "tn" : 1756461529531417320,
      "q" : "34",
      "p" : "2.4256",
      "s" : "sell",
      "i" : "NEARUSD-PERP",
      "m" : "4611686018432496176"
    }, {
      "d" : "1756461529531414209",
      "t" : 1756461529531,
      "tn" : 1756461529531414209,
      "q" : "175",
      "p" : "2.4256",
      "s" : "sell",
      "i" : "NEARUSD-PERP",
      "m" : "4611686018432496175"
    }, {
      "d" : "1756461529531258357",
      "t" : 1756461529531,
      "tn" : 1756461529531258357,
      "q" : "54",
      "p" : "2.4256",
      "s" : "sell",
      "i" : "NEARUSD-PERP",
      "m" : "4611686018432496174"
    }, {
      "d" : "1756461492642640752",
      "t" : 1756461492642,
      "tn" : 1756461492642640752,
      "q" : "213",
      "p" : "2.4265",
      "s" : "sell",
      "i" : "NEARUSD-PERP",
      "m" : "4611686018432496173"
    }, {
      "d" : "1756461492642540827",
      "t" : 1756461492642,
      "tn" : 1756461492642540827,
      "q" : "16",
      "p" : "2.4265",
      "s" : "sell",
      "i" : "NEARUSD-PERP",
      "m" : "4611686018432496172"
    }, {
      "d" : "1756461492642219021",
      "t" : 1756461492642,
      "tn" : 1756461492642219021,
      "q" : "34",
      "p" : "2.4265",
      "s" : "sell",
      "i" : "NEARUSD-PERP",
      "m" : "4611686018432496171"
    }, {
      "d" : "1756461492501838660",
      "t" : 1756461492501,
      "tn" : 1756461492501838660,
      "q" : "20",
      "p" : "2.4267",
      "s" : "sell",
      "i" : "NEARUSD-PERP",
      "m" : "4611686018432496170"
    }, {
      "d" : "1756461462042708898",
      "t" : 1756461462042,
      "tn" : 1756461462042708898,
      "q" : "20",
      "p" : "2.4265",
      "s" : "sell",
      "i" : "NEARUSD-PERP",
      "m" : "4611686018432496169"
    }, {
      "d" : "1756461461899314615",
      "t" : 1756461461899,
      "tn" : 1756461461899314615,
      "q" : "20",
      "p" : "2.4267",
      "s" : "sell",
      "i" : "NEARUSD-PERP",
      "m" : "4611686018432496168"
    }, {
      "d" : "1756461423424773954",
      "t" : 1756461423424,
      "tn" : 1756461423424773954,
      "q" : "1",
      "p" : "2.4251",
      "s" : "sell",
      "i" : "NEARUSD-PERP",
      "m" : "4611686018432496167"
    }, {
      "d" : "1756461362148161735",
      "t" : 1756461362148,
      "tn" : 1756461362148161735,
      "q" : "20",
      "p" : "2.4260",
      "s" : "sell",
      "i" : "NEARUSD-PERP",
      "m" : "4611686018432496166"
    }, {
      "d" : "1756461122469341909",
      "t" : 1756461122469,
      "tn" : 1756461122469341909,
      "q" : "1",
      "p" : "2.4217",
      "s" : "sell",
      "i" : "NEARUSD-PERP",
      "m" : "4611686018432496165"
    }, {
      "d" : "1756461120308619561",
      "t" : 1756461120308,
      "tn" : 1756461120308619561,
      "q" : "1",
      "p" : "2.4217",
      "s" : "sell",
      "i" : "NEARUSD-PERP",
      "m" : "4611686018432496164"
    }, {
      "d" : "1756461110800458237",
      "t" : 1756461110800,
      "tn" : 1756461110800458237,
      "q" : "1",
      "p" : "2.4208",
      "s" : "sell",
      "i" : "NEARUSD-PERP",
      "m" : "4611686018432496163"
    }, {
      "d" : "1756461089259798562",
      "t" : 1756461089259,
      "tn" : 1756461089259798562,
      "q" : "1",
      "p" : "2.4219",
      "s" : "sell",
      "i" : "NEARUSD-PERP",
      "m" : "4611686018432496162"
    }, {
      "d" : "1756461088758538485",
      "t" : 1756461088758,
      "tn" : 1756461088758538484,
      "q" : "20",
      "p" : "2.4220",
      "s" : "sell",
      "i" : "NEARUSD-PERP",
      "m" : "4611686018432496161"
    }, {
      "d" : "1756461088758538484",
      "t" : 1756461088758,
      "tn" : 1756461088758538484,
      "q" : "87",
      "p" : "2.4220",
      "s" : "sell",
      "i" : "NEARUSD-PERP",
      "m" : "4611686018432496161"
    }, {
      "d" : "1756460926364517317",
      "t" : 1756460926364,
      "tn" : 1756460926364517317,
      "q" : "20",
      "p" : "2.4300",
      "s" : "sell",
      "i" : "NEARUSD-PERP",
      "m" : "4611686018432496160"
    }, {
      "d" : "1756460903102222262",
      "t" : 1756460903102,
      "tn" : 1756460903102222262,
      "q" : "20",
      "p" : "2.4280",
      "s" : "sell",
      "i" : "NEARUSD-PERP",
      "m" : "4611686018432496159"
    }, {
      "d" : "1756460901871032645",
      "t" : 1756460901871,
      "tn" : 1756460901871032645,
      "q" : "100",
      "p" : "2.4275",
      "s" : "buy",
      "i" : "NEARUSD-PERP",
      "m" : "4611686018432496158"
    }, {
      "d" : "1756460777735752202",
      "t" : 1756460777735,
      "tn" : 1756460777735752202,
      "q" : "1",
      "p" : "2.4228",
      "s" : "buy",
      "i" : "NEARUSD-PERP",
      "m" : "4611686018432496157"
    }, {
      "d" : "1756460777728108482",
      "t" : 1756460777728,
      "tn" : 1756460777728108482,
      "q" : "1",
      "p" : "2.4225",
      "s" : "buy",
      "i" : "NEARUSD-PERP",
      "m" : "4611686018432496156"
    }, {
      "d" : "1756460774279706262",
      "t" : 1756460774279,
      "tn" : 1756460774279706262,
      "q" : "1",
      "p" : "2.4225",
      "s" : "buy",
      "i" : "NEARUSD-PERP",
      "m" : "4611686018432496155"
    }, {
      "d" : "1756460773730651544",
      "t" : 1756460773730,
      "tn" : 1756460773730651544,
      "q" : "1",
      "p" : "2.4224",
      "s" : "buy",
      "i" : "NEARUSD-PERP",
      "m" : "4611686018432496154"
    }, {
      "d" : "1756460767965989522",
      "t" : 1756460767965,
      "tn" : 1756460767965989522,
      "q" : "1",
      "p" : "2.4227",
      "s" : "buy",
      "i" : "NEARUSD-PERP",
      "m" : "4611686018432496153"
    }, {
      "d" : "1756460767934895569",
      "t" : 1756460767934,
      "tn" : 1756460767934895568,
      "q" : "86",
      "p" : "2.4223",
      "s" : "buy",
      "i" : "NEARUSD-PERP",
      "m" : "4611686018432496152"
    }, {
      "d" : "1756460767934895568",
      "t" : 1756460767934,
      "tn" : 1756460767934895568,
      "q" : "1",
      "p" : "2.4223",
      "s" : "buy",
      "i" : "NEARUSD-PERP",
      "m" : "4611686018432496152"
    }, {
      "d" : "1756460629300328254",
      "t" : 1756460629300,
      "tn" : 1756460629300328254,
      "q" : "1",
      "p" : "2.4217",
      "s" : "sell",
      "i" : "NEARUSD-PERP",
      "m" : "4611686018432496151"
    }, {
      "d" : "1756460629179532418",
      "t" : 1756460629179,
      "tn" : 1756460629179532418,
      "q" : "1",
      "p" : "2.4217",
      "s" : "sell",
      "i" : "NEARUSD-PERP",
      "m" : "4611686018432496150"
    }, {
      "d" : "1756460627819123277",
      "t" : 1756460627819,
      "tn" : 1756460627819123277,
      "q" : "1",
      "p" : "2.4228",
      "s" : "sell",
      "i" : "NEARUSD-PERP",
      "m" : "4611686018432496149"
    }, {
      "d" : "1756460627713830025",
      "t" : 1756460627713,
      "tn" : 1756460627713830025,
      "q" : "1",
      "p" : "2.4229",
      "s" : "sell",
      "i" : "NEARUSD-PERP",
      "m" : "4611686018432496148"
    }, {
      "d" : "1756460627711223990",
      "t" : 1756460627711,
      "tn" : 1756460627711223990,
      "q" : "20",
      "p" : "2.4230",
      "s" : "sell",
      "i" : "NEARUSD-PERP",
      "m" : "4611686018432496147"
    }, {
      "d" : "1756460615076961228",
      "t" : 1756460615076,
      "tn" : 1756460615076961228,
      "q" : "85",
      "p" : "2.4236",
      "s" : "sell",
      "i" : "NEARUSD-PERP",
      "m" : "4611686018432496146"
    }, {
      "d" : "1756460615076959166",
      "t" : 1756460615076,
      "tn" : 1756460615076959166,
      "q" : "1",
      "p" : "2.4239",
      "s" : "sell",
      "i" : "NEARUSD-PERP",
      "m" : "4611686018432496145"
    }, {
      "d" : "1756460539407189624",
      "t" : 1756460539407,
      "tn" : 1756460539407189623,
      "q" : "13",
      "p" : "2.4240",
      "s" : "sell",
      "i" : "NEARUSD-PERP",
      "m" : "4611686018432496144"
    }, {
      "d" : "1756460539407189623",
      "t" : 1756460539407,
      "tn" : 1756460539407189623,
      "q" : "1",
      "p" : "2.4240",
      "s" : "sell",
      "i" : "NEARUSD-PERP",
      "m" : "4611686018432496144"
    }, {
      "d" : "1756460525435585513",
      "t" : 1756460525435,
      "tn" : 1756460525435585513,
      "q" : "179",
      "p" : "2.4240",
      "s" : "buy",
      "i" : "NEARUSD-PERP",
      "m" : "4611686018432496143"
    }, {
      "d" : "1756460525435105204",
      "t" : 1756460525435,
      "tn" : 1756460525435105204,
      "q" : "86",
      "p" : "2.4240",
      "s" : "buy",
      "i" : "NEARUSD-PERP",
      "m" : "4611686018432496142"
    }, {
      "d" : "1756460525435104031",
      "t" : 1756460525435,
      "tn" : 1756460525435104030,
      "q" : "1",
      "p" : "2.4237",
      "s" : "buy",
      "i" : "NEARUSD-PERP",
      "m" : "4611686018432496141"
    }, {
      "d" : "1756460525435104030",
      "t" : 1756460525435,
      "tn" : 1756460525435104030,
      "q" : "1",
      "p" : "2.4237",
      "s" : "buy",
      "i" : "NEARUSD-PERP",
      "m" : "4611686018432496141"
    }, {
      "d" : "1756460413442056996",
      "t" : 1756460413442,
      "tn" : 1756460413442056996,
      "q" : "1",
      "p" : "2.4240",
      "s" : "sell",
      "i" : "NEARUSD-PERP",
      "m" : "4611686018432496140"
    }, {
      "d" : "1756460402271597703",
      "t" : 1756460402271,
      "tn" : 1756460402271597703,
      "q" : "175",
      "p" : "2.4224",
      "s" : "buy",
      "i" : "NEARUSD-PERP",
      "m" : "4611686018432496139"
    }, {
      "d" : "1756460402264805239",
      "t" : 1756460402264,
      "tn" : 1756460402264805239,
      "q" : "57",
      "p" : "2.4224",
      "s" : "buy",
      "i" : "NEARUSD-PERP",
      "m" : "4611686018432496138"
    }, {
      "d" : "1756460248846553028",
      "t" : 1756460248846,
      "tn" : 1756460248846553028,
      "q" : "136",
      "p" : "2.4208",
      "s" : "buy",
      "i" : "NEARUSD-PERP",
      "m" : "4611686018432496137"
    }, {
      "d" : "1756460248775785572",
      "t" : 1756460248775,
      "tn" : 1756460248775785571,
      "q" : "267",
      "p" : "2.4207",
      "s" : "buy",
      "i" : "NEARUSD-PERP",
      "m" : "4611686018432496136"
    }, {
      "d" : "1756460248775785571",
      "t" : 1756460248775,
      "tn" : 1756460248775785571,
      "q" : "1",
      "p" : "2.4207",
      "s" : "buy",
      "i" : "NEARUSD-PERP",
      "m" : "4611686018432496136"
    }, {
      "d" : "1756460248337665350",
      "t" : 1756460248337,
      "tn" : 1756460248337665350,
      "q" : "118",
      "p" : "2.4202",
      "s" : "buy",
      "i" : "NEARUSD-PERP",
      "m" : "4611686018432496135"
    }, {
      "d" : "1756460248337217680",
      "t" : 1756460248337,
      "tn" : 1756460248337217680,
      "q" : "150",
      "p" : "2.4202",
      "s" : "buy",
      "i" : "NEARUSD-PERP",
      "m" : "4611686018432496134"
    }, {
      "d" : "1756460236288033549",
      "t" : 1756460236288,
      "tn" : 1756460236288033549,
      "q" : "19",
      "p" : "2.4200",
      "s" : "sell",
      "i" : "NEARUSD-PERP",
      "m" : "4611686018432496133"
    }, {
      "d" : "1756460236288031802",
      "t" : 1756460236288,
      "tn" : 1756460236288031802,
      "q" : "1",
      "p" : "2.4201",
      "s" : "sell",
      "i" : "NEARUSD-PERP",
      "m" : "4611686018432496132"
    }, {
      "d" : "1756460235251324666",
      "t" : 1756460235251,
      "tn" : 1756460235251324666,
      "q" : "51",
      "p" : "2.4197",
      "s" : "buy",
      "i" : "NEARUSD-PERP",
      "m" : "4611686018432496131"
    }, {
      "d" : "1756460235250791342",
      "t" : 1756460235250,
      "tn" : 1756460235250791342,
      "q" : "217",
      "p" : "2.4197",
      "s" : "buy",
      "i" : "NEARUSD-PERP",
      "m" : "4611686018432496130"
    }, {
      "d" : "1756460234664795955",
      "t" : 1756460234664,
      "tn" : 1756460234664795955,
      "q" : "268",
      "p" : "2.4193",
      "s" : "buy",
      "i" : "NEARUSD-PERP",
      "m" : "4611686018432496129"
    }, {
      "d" : "1756460222988192331",
      "t" : 1756460222988,
      "tn" : 1756460222988192331,
      "q" : "268",
      "p" : "2.4188",
      "s" : "buy",
      "i" : "NEARUSD-PERP",
      "m" : "4611686018432496128"
    }, {
      "d" : "1756460222922035919",
      "t" : 1756460222922,
      "tn" : 1756460222922035919,
      "q" : "1",
      "p" : "2.4187",
      "s" : "buy",
      "i" : "NEARUSD-PERP",
      "m" : "4611686018432496127"
    }, {
      "d" : "1756460222921372367",
      "t" : 1756460222921,
      "tn" : 1756460222921372367,
      "q" : "268",
      "p" : "2.4186",
      "s" : "buy",
      "i" : "NEARUSD-PERP",
      "m" : "4611686018432496126"
    }, {
      "d" : "1756460222298523037",
      "t" : 1756460222298,
      "tn" : 1756460222298523037,
      "q" : "168",
      "p" : "2.4185",
      "s" : "buy",
      "i" : "NEARUSD-PERP",
      "m" : "4611686018432496125"
    }, {
      "d" : "1756460222297567430",
      "t" : 1756460222297,
      "tn" : 1756460222297567430,
      "q" : "100",
      "p" : "2.4185",
      "s" : "buy",
      "i" : "NEARUSD-PERP",
      "m" : "4611686018432496124"
    }, {
      "d" : "1756460221874161430",
      "t" : 1756460221874,
      "tn" : 1756460221874161430,
      "q" : "228",
      "p" : "2.4185",
      "s" : "buy",
      "i" : "NEARUSD-PERP",
      "m" : "4611686018432496123"
    }, {
      "d" : "1756460221873678624",
      "t" : 1756460221873,
      "tn" : 1756460221873678624,
      "q" : "40",
      "p" : "2.4185",
      "s" : "buy",
      "i" : "NEARUSD-PERP",
      "m" : "4611686018432496122"
    }, {
      "d" : "1756460206891949462",
      "t" : 1756460206891,
      "tn" : 1756460206891949462,
      "q" : "6",
      "p" : "2.4200",
      "s" : "sell",
      "i" : "NEARUSD-PERP",
      "m" : "4611686018432496121"
    }, {
      "d" : "1756460206891054806",
      "t" : 1756460206891,
      "tn" : 1756460206891054806,
      "q" : "14",
      "p" : "2.4200",
      "s" : "sell",
      "i" : "NEARUSD-PERP",
      "m" : "4611686018432496120"
    }, {
      "d" : "1756460206891053294",
      "t" : 1756460206891,
      "tn" : 1756460206891053294,
      "q" : "1",
      "p" : "2.4202",
      "s" : "sell",
      "i" : "NEARUSD-PERP",
      "m" : "4611686018432496119"
    }, {
      "d" : "1756460188243038708",
      "t" : 1756460188243,
      "tn" : 1756460188243038708,
      "q" : "1",
      "p" : "2.4218",
      "s" : "buy",
      "i" : "NEARUSD-PERP",
      "m" : "4611686018432496118"
    }, {
      "d" : "1756460188241636902",
      "t" : 1756460188241,
      "tn" : 1756460188241636902,
      "q" : "1",
      "p" : "2.4217",
      "s" : "buy",
      "i" : "NEARUSD-PERP",
      "m" : "4611686018432496117"
    }, {
      "d" : "1756460185768134255",
      "t" : 1756460185768,
      "tn" : 1756460185768134255,
      "q" : "1",
      "p" : "2.4206",
      "s" : "buy",
      "i" : "NEARUSD-PERP",
      "m" : "4611686018432496116"
    }, {
      "d" : "1756460185704905104",
      "t" : 1756460185704,
      "tn" : 1756460185704905104,
      "q" : "1",
      "p" : "2.4206",
      "s" : "buy",
      "i" : "NEARUSD-PERP",
      "m" : "4611686018432496115"
    }, {
      "d" : "1756460185460461674",
      "t" : 1756460185460,
      "tn" : 1756460185460461674,
      "q" : "1",
      "p" : "2.4206",
      "s" : "buy",
      "i" : "NEARUSD-PERP",
      "m" : "4611686018432496114"
    }, {
      "d" : "1756460185423662676",
      "t" : 1756460185423,
      "tn" : 1756460185423662676,
      "q" : "46",
      "p" : "2.4203",
      "s" : "buy",
      "i" : "NEARUSD-PERP",
      "m" : "4611686018432496113"
    }, {
      "d" : "1756460185423566719",
      "t" : 1756460185423,
      "tn" : 1756460185423566719,
      "q" : "60",
      "p" : "2.4203",
      "s" : "buy",
      "i" : "NEARUSD-PERP",
      "m" : "4611686018432496112"
    }, {
      "d" : "1756460185393640479",
      "t" : 1756460185393,
      "tn" : 1756460185393640479,
      "q" : "1",
      "p" : "2.4198",
      "s" : "buy",
      "i" : "NEARUSD-PERP",
      "m" : "4611686018432496111"
    }, {
      "d" : "1756460185392717678",
      "t" : 1756460185392,
      "tn" : 1756460185392717678,
      "q" : "1",
      "p" : "2.4196",
      "s" : "buy",
      "i" : "NEARUSD-PERP",
      "m" : "4611686018432496110"
    }, {
      "d" : "1756460182449832891",
      "t" : 1756460182449,
      "tn" : 1756460182449832891,
      "q" : "1",
      "p" : "2.4187",
      "s" : "buy",
      "i" : "NEARUSD-PERP",
      "m" : "4611686018432496109"
    }, {
      "d" : "1756460182442459373",
      "t" : 1756460182442,
      "tn" : 1756460182442459373,
      "q" : "1",
      "p" : "2.4186",
      "s" : "buy",
      "i" : "NEARUSD-PERP",
      "m" : "4611686018432496108"
    }, {
      "d" : "1756460174698993856",
      "t" : 1756460174698,
      "tn" : 1756460174698993856,
      "q" : "20",
      "p" : "2.4180",
      "s" : "sell",
      "i" : "NEARUSD-PERP",
      "m" : "4611686018432496107"
    }, {
      "d" : "1756460154049536594",
      "t" : 1756460154049,
      "tn" : 1756460154049536594,
      "q" : "1",
      "p" : "2.4196",
      "s" : "buy",
      "i" : "NEARUSD-PERP",
      "m" : "4611686018432496106"
    }, {
      "d" : "1756460154049534051",
      "t" : 1756460154049,
      "tn" : 1756460154049534051,
      "q" : "1",
      "p" : "2.4195",
      "s" : "buy",
      "i" : "NEARUSD-PERP",
      "m" : "4611686018432496105"
    }, {
      "d" : "1756460135859879771",
      "t" : 1756460135859,
      "tn" : 1756460135859879770,
      "q" : "1",
      "p" : "2.4195",
      "s" : "buy",
      "i" : "NEARUSD-PERP",
      "m" : "4611686018432496104"
    }, {
      "d" : "1756460135859879770",
      "t" : 1756460135859,
      "tn" : 1756460135859879770,
      "q" : "1",
      "p" : "2.4195",
      "s" : "buy",
      "i" : "NEARUSD-PERP",
      "m" : "4611686018432496104"
    }, {
      "d" : "1756460100011810167",
      "t" : 1756460100011,
      "tn" : 1756460100011810166,
      "q" : "1",
      "p" : "2.4185",
      "s" : "buy",
      "i" : "NEARUSD-PERP",
      "m" : "4611686018432496103"
    }, {
      "d" : "1756460100011810166",
      "t" : 1756460100011,
      "tn" : 1756460100011810166,
      "q" : "1",
      "p" : "2.4185",
      "s" : "buy",
      "i" : "NEARUSD-PERP",
      "m" : "4611686018432496103"
    }, {
      "d" : "1756460086911411730",
      "t" : 1756460086911,
      "tn" : 1756460086911411730,
      "q" : "1",
      "p" : "2.4175",
      "s" : "buy",
      "i" : "NEARUSD-PERP",
      "m" : "4611686018432496102"
    }, {
      "d" : "1756460086910362275",
      "t" : 1756460086910,
      "tn" : 1756460086910362275,
      "q" : "1",
      "p" : "2.4174",
      "s" : "buy",
      "i" : "NEARUSD-PERP",
      "m" : "4611686018432496101"
    }, {
      "d" : "1756460061925405853",
      "t" : 1756460061925,
      "tn" : 1756460061925405853,
      "q" : "87",
      "p" : "2.4183",
      "s" : "buy",
      "i" : "NEARUSD-PERP",
      "m" : "4611686018432496100"
    }, {
      "d" : "1756460058469186818",
      "t" : 1756460058469,
      "tn" : 1756460058469186818,
      "q" : "20",
      "p" : "2.4190",
      "s" : "sell",
      "i" : "NEARUSD-PERP",
      "m" : "4611686018432496099"
    }, {
      "d" : "1756460013919878696",
      "t" : 1756460013919,
      "tn" : 1756460013919878696,
      "q" : "20",
      "p" : "2.4220",
      "s" : "sell",
      "i" : "NEARUSD-PERP",
      "m" : "4611686018432496098"
    }, {
      "d" : "1756459982202711129",
      "t" : 1756459982202,
      "tn" : 1756459982202711129,
      "q" : "1",
      "p" : "2.4235",
      "s" : "buy",
      "i" : "NEARUSD-PERP",
      "m" : "4611686018432496097"
    }, {
      "d" : "1756459982201211526",
      "t" : 1756459982201,
      "tn" : 1756459982201211526,
      "q" : "1",
      "p" : "2.4233",
      "s" : "buy",
      "i" : "NEARUSD-PERP",
      "m" : "4611686018432496096"
    }, {
      "d" : "1756459884122859879",
      "t" : 1756459884122,
      "tn" : 1756459884122859879,
      "q" : "1",
      "p" : "2.4258",
      "s" : "buy",
      "i" : "NEARUSD-PERP",
      "m" : "4611686018432496095"
    }, {
      "d" : "1756459883704843243",
      "t" : 1756459883704,
      "tn" : 1756459883704843243,
      "q" : "1",
      "p" : "2.4257",
      "s" : "buy",
      "i" : "NEARUSD-PERP",
      "m" : "4611686018432496094"
    }, {
      "d" : "1756459882119909669",
      "t" : 1756459882119,
      "tn" : 1756459882119909669,
      "q" : "1",
      "p" : "2.4247",
      "s" : "buy",
      "i" : "NEARUSD-PERP",
      "m" : "4611686018432496093"
    }, {
      "d" : "1756459881023950084",
      "t" : 1756459881023,
      "tn" : 1756459881023950084,
      "q" : "1",
      "p" : "2.4245",
      "s" : "buy",
      "i" : "NEARUSD-PERP",
      "m" : "4611686018432496092"
    }, {
      "d" : "1756459879624107480",
      "t" : 1756459879624,
      "tn" : 1756459879624107480,
      "q" : "1",
      "p" : "2.4235",
      "s" : "buy",
      "i" : "NEARUSD-PERP",
      "m" : "4611686018432496091"
    }, {
      "d" : "1756459879504172694",
      "t" : 1756459879504,
      "tn" : 1756459879504172694,
      "q" : "1",
      "p" : "2.4234",
      "s" : "buy",
      "i" : "NEARUSD-PERP",
      "m" : "4611686018432496090"
    }, {
      "d" : "1756459878810985501",
      "t" : 1756459878810,
      "tn" : 1756459878810985501,
      "q" : "1",
      "p" : "2.4233",
      "s" : "buy",
      "i" : "NEARUSD-PERP",
      "m" : "4611686018432496089"
    }, {
      "d" : "1756459877657429194",
      "t" : 1756459877657,
      "tn" : 1756459877657429194,
      "q" : "89",
      "p" : "2.4231",
      "s" : "buy",
      "i" : "NEARUSD-PERP",
      "m" : "4611686018432496088"
    }, {
      "d" : "1756459877370548289",
      "t" : 1756459877370,
      "tn" : 1756459877370548289,
      "q" : "20",
      "p" : "2.4235",
      "s" : "sell",
      "i" : "NEARUSD-PERP",
      "m" : "4611686018432496087"
    }, {
      "d" : "1756459873822088295",
      "t" : 1756459873822,
      "tn" : 1756459873822088295,
      "q" : "265",
      "p" : "2.4271",
      "s" : "sell",
      "i" : "NEARUSD-PERP",
      "m" : "4611686018432496086"
    }, {
      "d" : "1756459796288110253",
      "t" : 1756459796288,
      "tn" : 1756459796288110253,
      "q" : "19",
      "p" : "2.4260",
      "s" : "sell",
      "i" : "NEARUSD-PERP",
      "m" : "4611686018432496085"
    }, {
      "d" : "1756459640201592483",
      "t" : 1756459640201,
      "tn" : 1756459640201592483,
      "q" : "68",
      "p" : "2.4211",
      "s" : "sell",
      "i" : "NEARUSD-PERP",
      "m" : "4611686018432496084"
    }, {
      "d" : "1756459640200918747",
      "t" : 1756459640200,
      "tn" : 1756459640200918747,
      "q" : "100",
      "p" : "2.4211",
      "s" : "sell",
      "i" : "NEARUSD-PERP",
      "m" : "4611686018432496083"
    }, {
      "d" : "1756459604746069009",
      "t" : 1756459604746,
      "tn" : 1756459604746069009,
      "q" : "20",
      "p" : "2.4220",
      "s" : "sell",
      "i" : "NEARUSD-PERP",
      "m" : "4611686018432496082"
    }, {
      "d" : "1756459506727233589",
      "t" : 1756459506727,
      "tn" : 1756459506727233589,
      "q" : "175",
      "p" : "2.4196",
      "s" : "sell",
      "i" : "NEARUSD-PERP",
      "m" : "4611686018432496081"
    }, {
      "d" : "1756459505245944534",
      "t" : 1756459505245,
      "tn" : 1756459505245944534,
      "q" : "114",
      "p" : "2.4210",
      "s" : "sell",
      "i" : "NEARUSD-PERP",
      "m" : "4611686018432496080"
    }, {
      "d" : "1756459505245243281",
      "t" : 1756459505245,
      "tn" : 1756459505245243281,
      "q" : "155",
      "p" : "2.4210",
      "s" : "sell",
      "i" : "NEARUSD-PERP",
      "m" : "4611686018432496079"
    }, {
      "d" : "1756459488472578628",
      "t" : 1756459488472,
      "tn" : 1756459488472578628,
      "q" : "20",
      "p" : "2.4214",
      "s" : "sell",
      "i" : "NEARUSD-PERP",
      "m" : "4611686018432496078"
    }, {
      "d" : "1756459466220457979",
      "t" : 1756459466220,
      "tn" : 1756459466220457979,
      "q" : "20",
      "p" : "2.4210",
      "s" : "sell",
      "i" : "NEARUSD-PERP",
      "m" : "4611686018432496077"
    }, {
      "d" : "1756459400452091531",
      "t" : 1756459400452,
      "tn" : 1756459400452091531,
      "q" : "8",
      "p" : "2.4250",
      "s" : "sell",
      "i" : "NEARUSD-PERP",
      "m" : "4611686018432496076"
    }, {
      "d" : "1756459373618925418",
      "t" : 1756459373618,
      "tn" : 1756459373618925418,
      "q" : "20",
      "p" : "2.4269",
      "s" : "sell",
      "i" : "NEARUSD-PERP",
      "m" : "4611686018432496075"
    }, {
      "d" : "1756459370335505545",
      "t" : 1756459370335,
      "tn" : 1756459370335505545,
      "q" : "20",
      "p" : "2.4262",
      "s" : "sell",
      "i" : "NEARUSD-PERP",
      "m" : "4611686018432496074"
    }, {
      "d" : "1756459368380997740",
      "t" : 1756459368380,
      "tn" : 1756459368380997740,
      "q" : "20",
      "p" : "2.4265",
      "s" : "sell",
      "i" : "NEARUSD-PERP",
      "m" : "4611686018432496073"
    }, {
      "d" : "1756459364783262189",
      "t" : 1756459364783,
      "tn" : 1756459364783262189,
      "q" : "269",
      "p" : "2.4262",
      "s" : "sell",
      "i" : "NEARUSD-PERP",
      "m" : "4611686018432496072"
    }, {
      "d" : "1756459364769362134",
      "t" : 1756459364769,
      "tn" : 1756459364769362134,
      "q" : "20",
      "p" : "2.4260",
      "s" : "sell",
      "i" : "NEARUSD-PERP",
      "m" : "4611686018432496071"
    }, {
      "d" : "1756459364769059464",
      "t" : 1756459364769,
      "tn" : 1756459364769059464,
      "q" : "87",
      "p" : "2.4263",
      "s" : "sell",
      "i" : "NEARUSD-PERP",
      "m" : "4611686018432496070"
    }, {
      "d" : "1756459364767543801",
      "t" : 1756459364767,
      "tn" : 1756459364767543801,
      "q" : "47",
      "p" : "2.4263",
      "s" : "sell",
      "i" : "NEARUSD-PERP",
      "m" : "4611686018432496069"
    }, {
      "d" : "1756459364767485041",
      "t" : 1756459364767,
      "tn" : 1756459364767485041,
      "q" : "135",
      "p" : "2.4263",
      "s" : "sell",
      "i" : "NEARUSD-PERP",
      "m" : "4611686018432496068"
    }, {
      "d" : "1756459348541714923",
      "t" : 1756459348541,
      "tn" : 1756459348541714923,
      "q" : "20",
      "p" : "2.4270",
      "s" : "sell",
      "i" : "NEARUSD-PERP",
      "m" : "4611686018432496067"
    }, {
      "d" : "1756459335478038619",
      "t" : 1756459335478,
      "tn" : 1756459335478038619,
      "q" : "20",
      "p" : "2.4240",
      "s" : "sell",
      "i" : "NEARUSD-PERP",
      "m" : "4611686018432496066"
    }, {
      "d" : "1756459331271105662",
      "t" : 1756459331271,
      "tn" : 1756459331271105662,
      "q" : "20",
      "p" : "2.4260",
      "s" : "sell",
      "i" : "NEARUSD-PERP",
      "m" : "4611686018432496065"
    }, {
      "d" : "1756459279729650663",
      "t" : 1756459279729,
      "tn" : 1756459279729650663,
      "q" : "1",
      "p" : "2.4237",
      "s" : "sell",
      "i" : "NEARUSD-PERP",
      "m" : "4611686018432496064"
    }, {
      "d" : "1756459247543118342",
      "t" : 1756459247543,
      "tn" : 1756459247543118342,
      "q" : "6",
      "p" : "2.4250",
      "s" : "sell",
      "i" : "NEARUSD-PERP",
      "m" : "4611686018432496063"
    }, {
      "d" : "1756459247542933622",
      "t" : 1756459247542,
      "tn" : 1756459247542933622,
      "q" : "175",
      "p" : "2.4250",
      "s" : "sell",
      "i" : "NEARUSD-PERP",
      "m" : "4611686018432496062"
    }, {
      "d" : "1756459247542462252",
      "t" : 1756459247542,
      "tn" : 1756459247542462252,
      "q" : "89",
      "p" : "2.4250",
      "s" : "sell",
      "i" : "NEARUSD-PERP",
      "m" : "4611686018432496061"
    }, {
      "d" : "1756459208462689789",
      "t" : 1756459208462,
      "tn" : 1756459208462689789,
      "q" : "70",
      "p" : "2.4267",
      "s" : "sell",
      "i" : "NEARUSD-PERP",
      "m" : "4611686018432496060"
    }, {
      "d" : "1756459208462219060",
      "t" : 1756459208462,
      "tn" : 1756459208462219060,
      "q" : "100",
      "p" : "2.4267",
      "s" : "sell",
      "i" : "NEARUSD-PERP",
      "m" : "4611686018432496059"
    }, {
      "d" : "1756459130145323442",
      "t" : 1756459130145,
      "tn" : 1756459130145323442,
      "q" : "1",
      "p" : "2.4197",
      "s" : "sell",
      "i" : "NEARUSD-PERP",
      "m" : "4611686018432496058"
    }, {
      "d" : "1756459122318584101",
      "t" : 1756459122318,
      "tn" : 1756459122318584100,
      "q" : "1",
      "p" : "2.4197",
      "s" : "sell",
      "i" : "NEARUSD-PERP",
      "m" : "4611686018432496057"
    }, {
      "d" : "1756459122318584100",
      "t" : 1756459122318,
      "tn" : 1756459122318584100,
      "q" : "1",
      "p" : "2.4197",
      "s" : "sell",
      "i" : "NEARUSD-PERP",
      "m" : "4611686018432496057"
    } ]
  }
}