{
  "id" : -1,
  "method" : "public/get-trades",
  "code" : 0,
  "result" : {
    "data" : [ {
      "d" : "1756461801693127653",
      "t" : 1756461801693,
      "tn" : 1756461801693127653,
      "q" : "0.5",
      "p" : "2.4289",
      "s" : "buy",
      "i" : "NEAR_USD",
      "m" : "4611686018433613495"
    }, {
      "d" : "1756461767865978573",
      "t" : 1756461767865,
      "tn" : 1756461767865978573,
      "q" : "0.5",
      "p" : "2.4306",
      "s" : "sell",
      "i" : "NEAR_USD",
      "m" : "4611686018433613494"
    }, {
      "d" : "1756461756494439745",
      "t" : 1756461756494,
      "tn" : 1756461756494439745,
      "q" : "0.5",
      "p" : "2.4318",
      "s" : "sell",
      "i" : "NEAR_USD",
      "m" : "4611686018433613493"
    }, {
      "d" : "1756461620801901771",
      "t" : 1756461620801,
      "tn" : 1756461620801901771,
      "q" : "0.5",
      "p" : "2.4248",
      "s" : "sell",
      "i" : "NEAR_USD",
      "m" : "4611686018433613492"
    }, {
      "d" : "1756461601418896630",
      "t" : 1756461601418,
      "tn" : 1756461601418896630,
      "q" : "0.5",
      "p" : "2.4258",
      "s" : "sell",
      "i" : "NEAR_USD",
      "m" : "4611686018433613491"
    }, {
      "d" : "1756461600059634366",
      "t" : 1756461600059,
      "tn" : 1756461600059634366,
      "q" : "0.3",
      "p" : "2.4269",
      "s" : "buy",
      "i" : "NEAR_USD",
      "m" : "4611686018433613490"
    }, {
      "d" : "1756461532636007764",
      "t" : 1756461532636,
      "tn" : 1756461532636007764,
      "q" : "0.5",
      "p" : "2.4269",
      "s" : "buy",
      "i" : "NEAR_USD",
      "m" : "4611686018433613489"
    }, {
      "d" : "1756461529537261594",
      "t" : 1756461529537,
      "tn" : 1756461529537261594,
      "q" : "0.5",
      "p" : "2.4277",
      "s" : "sell",
      "i" : "NEAR_USD",
      "m" : "4611686018433613488"
    }, {
      "d" : "1756461429079451104",
      "t" : 1756461429079,
      "tn" : 1756461429079451104,
      "q" : "0.5",
      "p" : "2.4259",
      "s" : "buy",
      "i" : "NEAR_USD",
      "m" : "4611686018433613487"
    }, {
      "d" : "1756461386125446725",
      "t" : 1756461386125,
      "tn" : 1756461386125446725,
      "q" : "0.5",
      "p" : "2.4268",
      "s" : "sell",
      "i" : "NEAR_USD",
      "m" : "4611686018433613486"
    }, {
      "d" : "1756461382528529843",
      "t" : 1756461382528,
      "tn" : 1756461382528529843,
      "q" : "1.0",
      "p" : "2.4272",
      "s" : "buy",
      "i" : "NEAR_USD",
      "m" : "4611686018433613485"
    }, {
      "d" : "1756461335813495907",
      "t" : 1756461335813,
      "tn" : 1756461335813495906,
      "q" : "15.1",
      "p" : "2.4257",
      "s" : "sell",
      "i" : "NEAR_USD",
      "m" : "4611686018433613484"
    }, {
      "d" : "1756461335813495906",
      "t" : 1756461335813,
      "tn" : 1756461335813495906,
      "q" : "0.5",
      "p" : "2.4257",
      "s" : "sell",
      "i" : "NEAR_USD",
      "m" : "4611686018433613484"
    }, {
      "d" : "1756461254531845198",
      "t" : 1756461254531,
      "tn" : 1756461254531845198,
      "q" : "0.5",
      "p" : "2.4238",
      "s" : "sell",
      "i" : "NEAR_USD",
      "m" : "4611686018433613483"
    }, {
      "d" : "1756461119760919825",
      "t" : 1756461119760,
      "tn" : 1756461119760919825,
      "q" : "0.5",
      "p" : "2.4219",
      "s" : "buy",
      "i" : "NEAR_USD",
      "m" : "4611686018433613482"
    }, {
      "d" : "1756461115821187368",
      "t" : 1756461115821,
      "tn" : 1756461115821187368,
      "q" : "0.5",
      "p" : "2.4209",
      "s" : "buy",
      "i" : "NEAR_USD",
      "m" : "4611686018433613481"
    }, {
      "d" : "1756461041266149760",
      "t" : 1756461041266,
      "tn" : 1756461041266149760,
      "q" : "0.5",
      "p" : "2.4238",
      "s" : "sell",
      "i" : "NEAR_USD",
      "m" : "4611686018433613480"
    }, {
      "d" : "1756461012704121238",
      "t" : 1756461012704,
      "tn" : 1756461012704121238,
      "q" : "0.5",
      "p" : "2.4268",
      "s" : "sell",
      "i" : "NEAR_USD",
      "m" : "4611686018433613479"
    }, {
      "d" : "1756460955397783154",
      "t" : 1756460955397,
      "tn" : 1756460955397783154,
      "q" : "0.5",
      "p" : "2.4309",
      "s" : "buy",
      "i" : "NEAR_USD",
      "m" : "4611686018433613478"
    }, {
      "d" : "1756460910036089001",
      "t" : 1756460910036,
      "tn" : 1756460910036089001,
      "q" : "4.2",
      "p" : "2.4294",
      "s" : "buy",
      "i" : "NEAR_USD",
      "m" : "4611686018433613477"
    }, {
      "d" : "1756460898089876880",
      "t" : 1756460898089,
      "tn" : 1756460898089876879,
      "q" : "0.5",
      "p" : "2.4288",
      "s" : "sell",
      "i" : "NEAR_USD",
      "m" : "4611686018433613476"
    }, {
      "d" : "1756460898089876879",
      "t" : 1756460898089,
      "tn" : 1756460898089876879,
      "q" : "23.3",
      "p" : "2.4288",
      "s" : "sell",
      "i" : "NEAR_USD",
      "m" : "4611686018433613476"
    }, {
      "d" : "1756460846767000703",
      "t" : 1756460846767,
      "tn" : 1756460846767000703,
      "q" : "0.5",
      "p" : "2.4269",
      "s" : "buy",
      "i" : "NEAR_USD",
      "m" : "4611686018433613475"
    }, {
      "d" : "1756460732818979683",
      "t" : 1756460732818,
      "tn" : 1756460732818979683,
      "q" : "0.5",
      "p" : "2.4209",
      "s" : "buy",
      "i" : "NEAR_USD",
      "m" : "4611686018433613474"
    }, {
      "d" : "1756460705216085799",
      "t" : 1756460705216,
      "tn" : 1756460705216085799,
      "q" : "0.5",
      "p" : "2.4207",
      "s" : "sell",
      "i" : "NEAR_USD",
      "m" : "4611686018433613473"
    }, {
      "d" : "1756460669393319490",
      "t" : 1756460669393,
      "tn" : 1756460669393319489,
      "q" : "0.5",
      "p" : "2.4218",
      "s" : "sell",
      "i" : "NEAR_USD",
      "m" : "4611686018433613472"
    }, {
      "d" : "1756460669393319489",
      "t" : 1756460669393,
      "tn" : 1756460669393319489,
      "q" : "46.2",
      "p" : "2.4218",
      "s" : "sell",
      "i" : "NEAR_USD",
      "m" : "4611686018433613472"
    }, {
      "d" : "1756460669392713136",
      "t" : 1756460669392,
      "tn" : 1756460669392713136,
      "q" : "163.6",
      "p" : "2.4218",
      "s" : "sell",
      "i" : "NEAR_USD",
      "m" : "4611686018433613471"
    }, {
      "d" : "1756460648637974005",
      "t" : 1756460648637,
      "tn" : 1756460648637974005,
      "q" : "0.5",
      "p" : "2.4218",
      "s" : "sell",
      "i" : "NEAR_USD",
      "m" : "4611686018433613470"
    }, {
      "d" : "1756460627711347191",
      "t" : 1756460627711,
      "tn" : 1756460627711347190,
      "q" : "0.5",
      "p" : "2.4244",
      "s" : "sell",
      "i" : "NEAR_USD",
      "m" : "4611686018433613469"
    }, {
      "d" : "1756460627711347190",
      "t" : 1756460627711,
      "tn" : 1756460627711347190,
      "q" : "7.8",
      "p" : "2.4244",
      "s" : "sell",
      "i" : "NEAR_USD",
      "m" : "4611686018433613469"
    }, {
      "d" : "1756460627711343531",
      "t" : 1756460627711,
      "tn" : 1756460627711343531,
      "q" : "131.5",
      "p" : "2.4244",
      "s" : "sell",
      "i" : "NEAR_USD",
      "m" : "4611686018433613468"
    }, {
      "d" : "1756460615082491239",
      "t" : 1756460615082,
      "tn" : 1756460615082491239,
      "q" : "336.1",
      "p" : "2.4250",
      "s" : "sell",
      "i" : "NEAR_USD",
      "m" : "4611686018433613467"
    }, {
      "d" : "1756460615076965129",
      "t" : 1756460615076,
      "tn" : 1756460615076965129,
      "q" : "100.0",
      "p" : "2.4250",
      "s" : "sell",
      "i" : "NEAR_USD",
      "m" : "4611686018433613466"
    }, {
      "d" : "1756460593738080120",
      "t" : 1756460593738,
      "tn" : 1756460593738080119,
      "q" : "0.5",
      "p" : "2.4248",
      "s" : "sell",
      "i" : "NEAR_USD",
      "m" : "4611686018433613465"
    }, {
      "d" : "1756460593738080119",
      "t" : 1756460593738,
      "tn" : 1756460593738080119,
      "q" : "90.0",
      "p" : "2.4248",
      "s" : "sell",
      "i" : "NEAR_USD",
      "m" : "4611686018433613465"
    }, {
      "d" : "1756460586145319072",
      "t" : 1756460586145,
      "tn" : 1756460586145319072,
      "q" : "0.5",
      "p" : "2.4229",
      "s" : "buy",
      "i" : "NEAR_USD",
      "m" : "4611686018433613464"
    }, {
      "d" : "1756460563536517719",
      "t" : 1756460563536,
      "tn" : 1756460563536517719,
      "q" : "0.5",
      "p" : "2.4238",
      "s" : "sell",
      "i" : "NEAR_USD",
      "m" : "4611686018433613463"
    }, {
      "d" : "1756460525673568731",
      "t" : 1756460525673,
      "tn" : 1756460525673568731,
      "q" : "3.1",
      "p" : "2.4258",
      "s" : "buy",
      "i" : "NEAR_USD",
      "m" : "4611686018433613462"
    }, {
      "d" : "1756460484335889166",
      "t" : 1756460484335,
      "tn" : 1756460484335889166,
      "q" : "0.5",
      "p" : "2.4258",
      "s" : "sell",
      "i" : "NEAR_USD",
      "m" : "4611686018433613461"
    }, {
      "d" : "1756460442257733117",
      "t" : 1756460442257,
      "tn" : 1756460442257733117,
      "q" : "36.6",
      "p" : "2.4231",
      "s" : "buy",
      "i" : "NEAR_USD",
      "m" : "4611686018433613460"
    }, {
      "d" : "1756460381497265948",
      "t" : 1756460381497,
      "tn" : 1756460381497265948,
      "q" : "80.7",
      "p" : "2.4216",
      "s" : "buy",
      "i" : "NEAR_USD",
      "m" : "4611686018433613459"
    }, {
      "d" : "1756460380541988203",
      "t" : 1756460380541,
      "tn" : 1756460380541988203,
      "q" : "65.7",
      "p" : "2.4216",
      "s" : "buy",
      "i" : "NEAR_USD",
      "m" : "4611686018433613458"
    }, {
      "d" : "1756460301278055716",
      "t" : 1756460301278,
      "tn" : 1756460301278055715,
      "q" : "0.5",
      "p" : "2.4238",
      "s" : "sell",
      "i" : "NEAR_USD",
      "m" : "4611686018433613457"
    }, {
      "d" : "1756460301278055715",
      "t" : 1756460301278,
      "tn" : 1756460301278055715,
      "q" : "16.4",
      "p" : "2.4238",
      "s" : "sell",
      "i" : "NEAR_USD",
      "m" : "4611686018433613457"
    }, {
      "d" : "1756460208085108388",
      "t" : 1756460208085,
      "tn" : 1756460208085108388,
      "q" : "0.5",
      "p" : "2.4206",
      "s" : "sell",
      "i" : "NEAR_USD",
      "m" : "4611686018433613456"
    }, {
      "d" : "1756460154103410353",
      "t" : 1756460154103,
      "tn" : 1756460154103410353,
      "q" : "0.5",
      "p" : "2.4209",
      "s" : "buy",
      "i" : "NEAR_USD",
      "m" : "4611686018433613455"
    }, {
      "d" : "1756460154055758100",
      "t" : 1756460154055,
      "tn" : 1756460154055758100,
      "q" : "0.5",
      "p" : "2.4209",
      "s" : "buy",
      "i" : "NEAR_USD",
      "m" : "4611686018433613454"
    }, {
      "d" : "1756460122329318759",
      "t" : 1756460122329,
      "tn" : 1756460122329318759,
      "q" : "1.5",
      "p" : "2.4205",
      "s" : "buy",
      "i" : "NEAR_USD",
      "m" : "4611686018433613453"
    }, {
      "d" : "1756460103359952320",
      "t" : 1756460103359,
      "tn" : 1756460103359952319,
      "q" : "0.5",
      "p" : "2.4208",
      "s" : "sell",
      "i" : "NEAR_USD",
      "m" : "4611686018433613452"
    }, {
      "d" : "1756460081721556883",
      "t" : 1756460081721,
      "tn" : 1756460081721556883,
      "q" : "0.5",
      "p" : "2.4195",
      "s" : "sell",
      "i" : "NEAR_USD",
      "m" : "4611686018433613451"
    }, {
      "d" : "1756460061563900772",
      "t" : 1756460061563,
      "tn" : 1756460061563900772,
      "q" : "0.5",
      "p" : "2.4205",
      "s" : "sell",
      "i" : "NEAR_USD",
      "m" : "4611686018433613450"
    }, {
      "d" : "1756460052541157532",
      "t" : 1756460052541,
      "tn" : 1756460052541157532,
      "q" : "0.5",
      "p" : "2.4216",
      "s" : "sell",
      "i" : "NEAR_USD",
      "m" : "4611686018433613449"
    }, {
      "d" : "1756460052538065188",
      "t" : 1756460052538,
      "tn" : 1756460052538065188,
      "q" : "0.5",
      "p" : "2.4216",
      "s" : "sell",
      "i" : "NEAR_USD",
      "m" : "4611686018433613448"
    }, {
      "d" : "1756459982278998385",
      "t" : 1756459982278,
      "tn" : 1756459982278998385,
      "q" : "0.5",
      "p" : "2.4249",
      "s" : "buy",
      "i" : "NEAR_USD",
      "m" : "4611686018433613447"
    }, {
      "d" : "1756459908324179669",
      "t" : 1756459908324,
      "tn" : 1756459908324179669,
      "q" : "0.5",
      "p" : "2.4257",
      "s" : "sell",
      "i" : "NEAR_USD",
      "m" : "4611686018433613446"
    }, {
      "d" : "1756459875033729017",
      "t" : 1756459875033,
      "tn" : 1756459875033729017,
      "q" : "0.5",
      "p" : "2.4286",
      "s" : "sell",
      "i" : "NEAR_USD",
      "m" : "4611686018433613445"
    }, {
      "d" : "1756459874425123838",
      "t" : 1756459874425,
      "tn" : 1756459874425123838,
      "q" : "0.5",
      "p" : "2.4288",
      "s" : "sell",
      "i" : "NEAR_USD",
      "m" : "4611686018433613444"
    }, {
      "d" : "1756459872776102703",
      "t" : 1756459872776,
      "tn" : 1756459872776102703,
      "q" : "93.0",
      "p" : "2.4296",
      "s" : "sell",
      "i" : "NEAR_USD",
      "m" : "4611686018433613443"
    }, {
      "d" : "1756459872776100019",
      "t" : 1756459872776,
      "tn" : 1756459872776100019,
      "q" : "46.3",
      "p" : "2.4296",
      "s" : "sell",
      "i" : "NEAR_USD",
      "m" : "4611686018433613442"
    }, {
      "d" : "1756459872776099217",
      "t" : 1756459872776,
      "tn" : 1756459872776099217,
      "q" : "0.5",
      "p" : "2.4297",
      "s" : "sell",
      "i" : "NEAR_USD",
      "m" : "4611686018433613441"
    }, {
      "d" : "1756459863349163857",
      "t" : 1756459863349,
      "tn" : 1756459863349163857,
      "q" : "7.3",
      "p" : "2.4283",
      "s" : "buy",
      "i" : "NEAR_USD",
      "m" : "4611686018433613440"
    }, {
      "d" : "1756459843697804095",
      "t" : 1756459843697,
      "tn" : 1756459843697804094,
      "q" : "0.5",
      "p" : "2.4278",
      "s" : "sell",
      "i" : "NEAR_USD",
      "m" : "4611686018433613439"
    }, {
      "d" : "1756459843697804094",
      "t" : 1756459843697,
      "tn" : 1756459843697804094,
      "q" : "111.7",
      "p" : "2.4278",
      "s" : "sell",
      "i" : "NEAR_USD",
      "m" : "4611686018433613439"
    }, {
      "d" : "1756459813727293971",
      "t" : 1756459813727,
      "tn" : 1756459813727293971,
      "q" : "0.5",
      "p" : "2.4274",
      "s" : "sell",
      "i" : "NEAR_USD",
      "m" : "4611686018433613438"
    }, {
      "d" : "1756459813620431675",
      "t" : 1756459813620,
      "tn" : 1756459813620431675,
      "q" : "0.5",
      "p" : "2.4274",
      "s" : "sell",
      "i" : "NEAR_USD",
      "m" : "4611686018433613437"
    }, {
      "d" : "1756459813528809034",
      "t" : 1756459813528,
      "tn" : 1756459813528809034,
      "q" : "0.5",
      "p" : "2.4274",
      "s" : "sell",
      "i" : "NEAR_USD",
      "m" : "4611686018433613436"
    }, {
      "d" : "1756459813338479143",
      "t" : 1756459813338,
      "tn" : 1756459813338479143,
      "q" : "0.5",
      "p" : "2.4276",
      "s" : "sell",
      "i" : "NEAR_USD",
      "m" : "4611686018433613435"
    }, {
      "d" : "1756459802921215741",
      "t" : 1756459802921,
      "tn" : 1756459802921215741,
      "q" : "0.5",
      "p" : "2.4277",
      "s" : "sell",
      "i" : "NEAR_USD",
      "m" : "4611686018433613434"
    }, {
      "d" : "1756459767143811973",
      "t" : 1756459767143,
      "tn" : 1756459767143811973,
      "q" : "0.5",
      "p" : "2.4268",
      "s" : "sell",
      "i" : "NEAR_USD",
      "m" : "4611686018433613433"
    }, {
      "d" : "1756459733324140212",
      "t" : 1756459733324,
      "tn" : 1756459733324140212,
      "q" : "0.5",
      "p" : "2.4248",
      "s" : "sell",
      "i" : "NEAR_USD",
      "m" : "4611686018433613432"
    }, {
      "d" : "1756459714727670311",
      "t" : 1756459714727,
      "tn" : 1756459714727670311,
      "q" : "0.5",
      "p" : "2.4248",
      "s" : "sell",
      "i" : "NEAR_USD",
      "m" : "4611686018433613431"
    }, {
      "d" : "1756459710364432927",
      "t" : 1756459710364,
      "tn" : 1756459710364432927,
      "q" : "0.5",
      "p" : "2.4248",
      "s" : "sell",
      "i" : "NEAR_USD",
      "m" : "4611686018433613430"
    }, {
      "d" : "1756459700588768854",
      "t" : 1756459700588,
      "tn" : 1756459700588768853,
      "q" : "0.5",
      "p" : "2.4248",
      "s" : "sell",
      "i" : "NEAR_USD",
      "m" : "4611686018433613429"
    }, {
      "d" : "1756459700588768853",
      "t" : 1756459700588,
      "tn" : 1756459700588768853,
      "q" : "13.7",
      "p" : "2.4248",
      "s" : "sell",
      "i" : "NEAR_USD",
      "m" : "4611686018433613429"
    }, {
      "d" : "1756459651115703622",
      "t" : 1756459651115,
      "tn" : 1756459651115703622,
      "q" : "0.5",
      "p" : "2.4238",
      "s" : "sell",
      "i" : "NEAR_USD",
      "m" : "4611686018433613428"
    }, {
      "d" : "1756459638426023174",
      "t" : 1756459638426,
      "tn" : 1756459638426023174,
      "q" : "0.5",
      "p" : "2.4238",
      "s" : "sell",
      "i" : "NEAR_USD",
      "m" : "4611686018433613427"
    }, {
      "d" : "1756459629282049550",
      "t" : 1756459629282,
      "tn" : 1756459629282049550,
      "q" : "0.5",
      "p" : "2.4229",
      "s" : "buy",
      "i" : "NEAR_USD",
      "m" : "4611686018433613426"
    }, {
      "d" : "1756459619866965855",
      "t" : 1756459619866,
      "tn" : 1756459619866965855,
      "q" : "0.5",
      "p" : "2.4237",
      "s" : "sell",
      "i" : "NEAR_USD",
      "m" : "4611686018433613425"
    }, {
      "d" : "1756459619844416650",
      "t" : 1756459619844,
      "tn" : 1756459619844416650,
      "q" : "0.5",
      "p" : "2.4238",
      "s" : "sell",
      "i" : "NEAR_USD",
      "m" : "4611686018433613424"
    }, {
      "d" : "1756459604844904623",
      "t" : 1756459604844,
      "tn" : 1756459604844904623,
      "q" : "0.5",
      "p" : "2.4238",
      "s" : "sell",
      "i" : "NEAR_USD",
      "m" : "4611686018433613423"
    }, {
      "d" : "1756459603253418545",
      "t" : 1756459603253,
      "tn" : 1756459603253418545,
      "q" : "0.5",
      "p" : "2.4248",
      "s" : "sell",
      "i" : "NEAR_USD",
      "m" : "4611686018433613422"
    }, {
      "d" : "1756459601205782276",
      "t" : 1756459601205,
      "tn" : 1756459601205782276,
      "q" : "0.5",
      "p" : "2.4258",
      "s" : "sell",
      "i" : "NEAR_USD",
      "m" : "4611686018433613421"
    }, {
      "d" : "1756459556726676008",
      "t" : 1756459556726,
      "tn" : 1756459556726676008,
      "q" : "0.5",
      "p" : "2.4249",
      "s" : "buy",
      "i" : "NEAR_USD",
      "m" : "4611686018433613420"
    }, {
      "d" : "1756459529711123528",
      "t" : 1756459529711,
      "tn" : 1756459529711123528,
      "q" : "0.5",
      "p" : "2.4228",
      "s" : "sell",
      "i" : "NEAR_USD",
      "m" : "4611686018433613419"
    }, {
      "d" : "1756459519886514835",
      "t" : 1756459519886,
      "tn" : 1756459519886514834,
      "q" : "0.5",
      "p" : "2.4218",
      "s" : "sell",
      "i" : "NEAR_USD",
      "m" : "4611686018433613418"
    }, {
      "d" : "1756459519886514834",
      "t" : 1756459519886,
      "tn" : 1756459519886514834,
      "q" : "110.0",
      "p" : "2.4218",
      "s" : "sell",
      "i" : "NEAR_USD",
      "m" : "4611686018433613418"
    }, {
      "d" : "1756459508278504656",
      "t" : 1756459508278,
      "tn" : 1756459508278504656,
      "q" : "0.5",
      "p" : "2.4208",
      "s" : "sell",
      "i" : "NEAR_USD",
      "m" : "4611686018433613417"
    }, {
      "d" : "1756459506727308975",
      "t" : 1756459506727,
      "tn" : 1756459506727308975,
      "q" : "0.5",
      "p" : "2.4218",
      "s" : "sell",
      "i" : "NEAR_USD",
      "m" : "4611686018433613416"
    }, {
      "d" : "1756459505739827599",
      "t" : 1756459505739,
      "tn" : 1756459505739827599,
      "q" : "0.5",
      "p" : "2.4227",
      "s" : "sell",
      "i" : "NEAR_USD",
      "m" : "4611686018433613415"
    }, {
      "d" : "1756459505642754832",
      "t" : 1756459505642,
      "tn" : 1756459505642754832,
      "q" : "0.5",
      "p" : "2.4228",
      "s" : "sell",
      "i" : "NEAR_USD",
      "m" : "4611686018433613414"
    }, {
      "d" : "1756459505490658052",
      "t" : 1756459505490,
      "tn" : 1756459505490658052,
      "q" : "0.5",
      "p" : "2.4228",
      "s" : "sell",
      "i" : "NEAR_USD",
      "m" : "4611686018433613413"
    }, {
      "d" : "1756459505475190590",
      "t" : 1756459505475,
      "tn" : 1756459505475190590,
      "q" : "0.5",
      "p" : "2.4228",
      "s" : "sell",
      "i" : "NEAR_USD",
      "m" : "4611686018433613412"
    }, {
      "d" : "1756459505466603158",
      "t" : 1756459505466,
      "tn" : 1756459505466603158,
      "q" : "0.5",
      "p" : "2.4228",
      "s" : "sell",
      "i" : "NEAR_USD",
      "m" : "4611686018433613411"
    }, {
      "d" : "1756459505370830480",
      "t" : 1756459505370,
      "tn" : 1756459505370830480,
      "q" : "0.5",
      "p" : "2.4228",
      "s" : "sell",
      "i" : "NEAR_USD",
      "m" : "4611686018433613410"
    }, {
      "d" : "1756459503520363052",
      "t" : 1756459503520,
      "tn" : 1756459503520363052,
      "q" : "0.5",
      "p" : "2.4238",
      "s" : "sell",
      "i" : "NEAR_USD",
      "m" : "4611686018433613409"
    }, {
      "d" : "1756459503380363446",
      "t" : 1756459503380,
      "tn" : 1756459503380363446,
      "q" : "0.5",
      "p" : "2.4238",
      "s" : "sell",
      "i" : "NEAR_USD",
      "m" : "4611686018433613408"
    }, {
      "d" : "1756459475822617697",
      "t" : 1756459475822,
      "tn" : 1756459475822617697,
      "q" : "0.5",
      "p" : "2.4218",
      "s" : "sell",
      "i" : "NEAR_USD",
      "m" : "4611686018433613407"
    }, {
      "d" : "1756459475089633694",
      "t" : 1756459475089,
      "tn" : 1756459475089633694,
      "q" : "0.5",
      "p" : "2.4228",
      "s" : "sell",
      "i" : "NEAR_USD",
      "m" : "4611686018433613406"
    }, {
      "d" : "1756459466664600403",
      "t" : 1756459466664,
      "tn" : 1756459466664600403,
      "q" : "0.5",
      "p" : "2.4227",
      "s" : "sell",
      "i" : "NEAR_USD",
      "m" : "4611686018433613405"
    }, {
      "d" : "1756459466276323146",
      "t" : 1756459466276,
      "tn" : 1756459466276323146,
      "q" : "0.5",
      "p" : "2.4228",
      "s" : "sell",
      "i" : "NEAR_USD",
      "m" : "4611686018433613404"
    }, {
      "d" : "1756459458215442697",
      "t" : 1756459458215,
      "tn" : 1756459458215442697,
      "q" : "0.5",
      "p" : "2.4238",
      "s" : "sell",
      "i" : "NEAR_USD",
      "m" : "4611686018433613403"
    }, {
      "d" : "1756459456843803828",
      "t" : 1756459456843,
      "tn" : 1756459456843803828,
      "q" : "0.5",
      "p" : "2.4238",
      "s" : "sell",
      "i" : "NEAR_USD",
      "m" : "4611686018433613402"
    }, {
      "d" : "1756459456222396772",
      "t" : 1756459456222,
      "tn" : 1756459456222396772,
      "q" : "0.5",
      "p" : "2.4238",
      "s" : "sell",
      "i" : "NEAR_USD",
      "m" : "4611686018433613401"
    }, {
      "d" : "1756459449252182804",
      "t" : 1756459449252,
      "tn" : 1756459449252182804,
      "q" : "0.5",
      "p" : "2.4248",
      "s" : "sell",
      "i" : "NEAR_USD",
      "m" : "4611686018433613400"
    }, {
      "d" : "1756459427278609487",
      "t" : 1756459427278,
      "tn" : 1756459427278609486,
      "q" : "0.5",
      "p" : "2.4248",
      "s" : "sell",
      "i" : "NEAR_USD",
      "m" : "4611686018433613399"
    }, {
      "d" : "1756459427278609486",
      "t" : 1756459427278,
      "tn" : 1756459427278609486,
      "q" : "11.5",
      "p" : "2.4248",
      "s" : "sell",
      "i" : "NEAR_USD",
      "m" : "4611686018433613399"
    }, {
      "d" : "1756459421755435303",
      "t" : 1756459421755,
      "tn" : 1756459421755435303,
      "q" : "0.5",
      "p" : "2.4248",
      "s" : "sell",
      "i" : "NEAR_USD",
      "m" : "4611686018433613398"
    }, {
      "d" : "1756459421686350253",
      "t" : 1756459421686,
      "tn" : 1756459421686350253,
      "q" : "0.5",
      "p" : "2.4248",
      "s" : "sell",
      "i" : "NEAR_USD",
      "m" : "4611686018433613397"
    }, {
      "d" : "1756459419307283392",
      "t" : 1756459419307,
      "tn" : 1756459419307283392,
      "q" : "0.5",
      "p" : "2.4258",
      "s" : "sell",
      "i" : "NEAR_USD",
      "m" : "4611686018433613396"
    }, {
      "d" : "1756459415574052147",
      "t" : 1756459415574,
      "tn" : 1756459415574052147,
      "q" : "0.5",
      "p" : "2.4267",
      "s" : "sell",
      "i" : "NEAR_USD",
      "m" : "4611686018433613395"
    }, {
      "d" : "1756459414822789827",
      "t" : 1756459414822,
      "tn" : 1756459414822789827,
      "q" : "0.5",
      "p" : "2.4267",
      "s" : "sell",
      "i" : "NEAR_USD",
      "m" : "4611686018433613394"
    }, {
      "d" : "1756459414807315264",
      "t" : 1756459414807,
      "tn" : 1756459414807315264,
      "q" : "0.5",
      "p" : "2.4267",
      "s" : "sell",
      "i" : "NEAR_USD",
      "m" : "4611686018433613393"
    }, {
      "d" : "1756459414719027651",
      "t" : 1756459414719,
      "tn" : 1756459414719027651,
      "q" : "0.5",
      "p" : "2.4267",
      "s" : "sell",
      "i" : "NEAR_USD",
      "m" : "4611686018433613392"
    }, {
      "d" : "1756459414518689496",
      "t" : 1756459414518,
      "tn" : 1756459414518689496,
      "q" : "0.5",
      "p" : "2.4268",
      "s" : "sell",
      "i" : "NEAR_USD",
      "m" : "4611686018433613391"
    }, {
      "d" : "1756459413822537647",
      "t" : 1756459413822,
      "tn" : 1756459413822537647,
      "q" : "0.5",
      "p" : "2.4268",
      "s" : "sell",
      "i" : "NEAR_USD",
      "m" : "4611686018433613390"
    }, {
      "d" : "1756459413754665106",
      "t" : 1756459413754,
      "tn" : 1756459413754665106,
      "q" : "0.5",
      "p" : "2.4268",
      "s" : "sell",
      "i" : "NEAR_USD",
      "m" : "4611686018433613389"
    }, {
      "d" : "1756459402603511416",
      "t" : 1756459402603,
      "tn" : 1756459402603511416,
      "q" : "0.5",
      "p" : "2.4258",
      "s" : "sell",
      "i" : "NEAR_USD",
      "m" : "4611686018433613388"
    }, {
      "d" : "1756459400571224807",
      "t" : 1756459400571,
      "tn" : 1756459400571224807,
      "q" : "0.5",
      "p" : "2.4268",
      "s" : "sell",
      "i" : "NEAR_USD",
      "m" : "4611686018433613387"
    }, {
      "d" : "1756459400525155260",
      "t" : 1756459400525,
      "tn" : 1756459400525155260,
      "q" : "0.5",
      "p" : "2.4268",
      "s" : "sell",
      "i" : "NEAR_USD",
      "m" : "4611686018433613386"
    }, {
      "d" : "1756459400466218646",
      "t" : 1756459400466,
      "tn" : 1756459400466218646,
      "q" : "0.5",
      "p" : "2.4268",
      "s" : "sell",
      "i" : "NEAR_USD",
      "m" : "4611686018433613385"
    }, {
      "d" : "1756459396324367252",
      "t" : 1756459396324,
      "tn" : 1756459396324367252,
      "q" : "0.5",
      "p" : "2.4278",
      "s" : "sell",
      "i" : "NEAR_USD",
      "m" : "4611686018433613384"
    }, {
      "d" : "1756459364767565732",
      "t" : 1756459364767,
      "tn" : 1756459364767565732,
      "q" : "0.5",
      "p" : "2.4282",
      "s" : "sell",
      "i" : "NEAR_USD",
      "m" : "4611686018433613383"
    }, {
      "d" : "1756459338650935285",
      "t" : 1756459338650,
      "tn" : 1756459338650935285,
      "q" : "0.5",
      "p" : "2.4259",
      "s" : "buy",
      "i" : "NEAR_USD",
      "m" : "4611686018433613382"
    }, {
      "d" : "1756459335547353375",
      "t" : 1756459335547,
      "tn" : 1756459335547353375,
      "q" : "0.5",
      "p" : "2.4258",
      "s" : "sell",
      "i" : "NEAR_USD",
      "m" : "4611686018433613381"
    }, {
      "d" : "1756459332719149035",
      "t" : 1756459332719,
      "tn" : 1756459332719149035,
      "q" : "0.5",
      "p" : "2.4268",
      "s" : "sell",
      "i" : "NEAR_USD",
      "m" : "4611686018433613380"
    }, {
      "d" : "1756459332716529255",
      "t" : 1756459332716,
      "tn" : 1756459332716529255,
      "q" : "0.5",
      "p" : "2.4268",
      "s" : "sell",
      "i" : "NEAR_USD",
      "m" : "4611686018433613379"
    }, {
      "d" : "1756459332525307546",
      "t" : 1756459332525,
      "tn" : 1756459332525307546,
      "q" : "0.5",
      "p" : "2.4268",
      "s" : "sell",
      "i" : "NEAR_USD",
      "m" : "4611686018433613378"
    }, {
      "d" : "1756459262535484609",
      "t" : 1756459262535,
      "tn" : 1756459262535484609,
      "q" : "0.5",
      "p" : "2.4258",
      "s" : "sell",
      "i" : "NEAR_USD",
      "m" : "4611686018433613377"
    }, {
      "d" : "1756459223880144055",
      "t" : 1756459223880,
      "tn" : 1756459223880144055,
      "q" : "0.5",
      "p" : "2.4278",
      "s" : "sell",
      "i" : "NEAR_USD",
      "m" : "4611686018433613376"
    }, {
      "d" : "1756459131348753433",
      "t" : 1756459131348,
      "tn" : 1756459131348753433,
      "q" : "0.5",
      "p" : "2.4218",
      "s" : "sell",
      "i" : "NEAR_USD",
      "m" : "4611686018433613375"
    }, {
      "d" : "1756459131314600126",
      "t" : 1756459131314,
      "tn" : 1756459131314600126,
      "q" : "0.5",
      "p" : "2.4218",
      "s" : "sell",
      "i" : "NEAR_USD",
      "m" : "4611686018433613374"
    }, {
      "d" : "1756459131305436791",
      "t" : 1756459131305,
      "tn" : 1756459131305436791,
      "q" : "0.5",
      "p" : "2.4218",
      "s" : "sell",
      "i" : "NEAR_USD",
      "m" : "4611686018433613373"
    }, {
      "d" : "1756459130113113976",
      "t" : 1756459130113,
      "tn" : 1756459130113113976,
      "q" : "0.5",
      "p" : "2.4218",
      "s" : "sell",
      "i" : "NEAR_USD",
      "m" : "4611686018433613372"
    }, {
      "d" : "1756459122315439712",
      "t" : 1756459122315,
      "tn" : 1756459122315439712,
      "q" : "0.5",
      "p" : "2.4217",
      "s" : "sell",
      "i" : "NEAR_USD",
      "m" : "4611686018433613371"
    }, {
      "d" : "1756459122198287787",
      "t" : 1756459122198,
      "tn" : 1756459122198287787,
      "q" : "0.5",
      "p" : "2.4218",
      "s" : "sell",
      "i" : "NEAR_USD",
      "m" : "4611686018433613370"
    }, {
      "d" : "1756459110653562867",
      "t" : 1756459110653,
      "tn" : 1756459110653562867,
      "q" : "0.5",
      "p" : "2.4218",
      "s" : "sell",
      "i" : "NEAR_USD",
      "m" : "4611686018433613369"
    }, {
      "d" : "1756459069897837195",
      "t" : 1756459069897,
      "tn" : 1756459069897837195,
      "q" : "0.5",
      "p" : "2.4168",
      "s" : "sell",
      "i" : "NEAR_USD",
      "m" : "4611686018433613368"
    }, {
      "d" : "1756459069884484316",
      "t" : 1756459069884,
      "tn" : 1756459069884484316,
      "q" : "0.5",
      "p" : "2.4168",
      "s" : "sell",
      "i" : "NEAR_USD",
      "m" : "4611686018433613367"
    }, {
      "d" : "1756459050203134378",
      "t" : 1756459050203,
      "tn" : 1756459050203134378,
      "q" : "0.5",
      "p" : "2.4168",
      "s" : "sell",
      "i" : "NEAR_USD",
      "m" : "4611686018433613366"
    }, {
      "d" : "1756459050190389650",
      "t" : 1756459050190,
      "tn" : 1756459050190389650,
      "q" : "0.5",
      "p" : "2.4168",
      "s" : "sell",
      "i" : "NEAR_USD",
      "m" : "4611686018433613365"
    }, {
      "d" : "1756459050046595693",
      "t" : 1756459050046,
      "tn" : 1756459050046595693,
      "q" : "0.5",
      "p" : "2.4168",
      "s" : "sell",
      "i" : "NEAR_USD",
      "m" : "4611686018433613364"
    }, {
      "d" : "1756459039219291614",
      "t" : 1756459039219,
      "tn" : 1756459039219291614,
      "q" : "0.5",
      "p" : "2.4176",
      "s" : "sell",
      "i" : "NEAR_USD",
      "m" : "4611686018433613363"
    }, {
      "d" : "1756459039214092520",
      "t" : 1756459039214,
      "tn" : 1756459039214092520,
      "q" : "0.5",
      "p" : "2.4176",
      "s" : "sell",
      "i" : "NEAR_USD",
      "m" : "4611686018433613362"
    }, {
      "d" : "1756459039171397047",
      "t" : 1756459039171,
      "tn" : 1756459039171397047,
      "q" : "0.5",
      "p" : "2.4177",
      "s" : "sell",
      "i" : "NEAR_USD",
      "m" : "4611686018433613361"
    }, {
      "d" : "1756459038992105403",
      "t" : 1756459038992,
      "tn" : 1756459038992105403,
      "q" : "0.5",
      "p" : "2.4178",
      "s" : "sell",
      "i" : "NEAR_USD",
      "m" : "4611686018433613360"
    }, {
      "d" : "1756459038946630218",
      "t" : 1756459038946,
      "tn" : 1756459038946630218,
      "q" : "0.5",
      "p" : "2.4178",
      "s" : "sell",
      "i" : "NEAR_USD",
      "m" : "4611686018433613359"
    }, {
      "d" : "1756459024693904112",
      "t" : 1756459024693,
      "tn" : 1756459024693904112,
      "q" : "0.5",
      "p" : "2.4186",
      "s" : "sell",
      "i" : "NEAR_USD",
      "m" : "4611686018433613358"
    }, {
      "d" : "1756459020239321805",
      "t" : 1756459020239,
      "tn" : 1756459020239321805,
      "q" : "0.5",
      "p" : "2.4178",
      "s" : "sell",
      "i" : "NEAR_USD",
      "m" : "4611686018433613357"
    }, {
      "d" : "1756459020227490902",
      "t" : 1756459020227,
      "tn" : 1756459020227490902,
      "q" : "0.5",
      "p" : "2.4178",
      "s" : "sell",
      "i" : "NEAR_USD",
      "m" : "4611686018433613356"
    } ]
  }
}