{
  "id" : -1,
  "method" : "public/get-trades",
  "code" : 0,
  "result" : {
    "data" : [ {
      "d" : "1756461857376302094",
      "t" : 1756461857376,
      "tn" : 1756461857376302094,
      "q" : "0.5",
      "p" : "2.4294",
      "s" : "sell",
      "i" : "NEAR_USDT",
      "m" : "4611686018433598022"
    }, {
      "d" : "1756461848852448469",
      "t" : 1756461848852,
      "tn" : 1756461848852448469,
      "q" : "76.2",
      "p" : "2.4286",
      "s" : "buy",
      "i" : "NEAR_USDT",
      "m" : "4611686018433598021"
    }, {
      "d" : "1756461841418831667",
      "t" : 1756461841418,
      "tn" : 1756461841418831667,
      "q" : "53.4",
      "p" : "2.4286",
      "s" : "buy",
      "i" : "NEAR_USDT",
      "m" : "4611686018433598020"
    }, {
      "d" : "1756461841418096726",
      "t" : 1756461841418,
      "tn" : 1756461841418096726,
      "q" : "76.2",
      "p" : "2.4286",
      "s" : "buy",
      "i" : "NEAR_USDT",
      "m" : "4611686018433598019"
    }, {
      "d" : "1756461818550084558",
      "t" : 1756461818550,
      "tn" : 1756461818550084558,
      "q" : "0.5",
      "p" : "2.4274",
      "s" : "sell",
      "i" : "NEAR_USDT",
      "m" : "4611686018433598018"
    }, {
      "d" : "1756461818325726855",
      "t" : 1756461818325,
      "tn" : 1756461818325726855,
      "q" : "0.5",
      "p" : "2.4274",
      "s" : "sell",
      "i" : "NEAR_USDT",
      "m" : "4611686018433598017"
    }, {
      "d" : "1756461816717107258",
      "t" : 1756461816717,
      "tn" : 1756461816717107258,
      "q" : "0.5",
      "p" : "2.4281",
      "s" : "sell",
      "i" : "NEAR_USDT",
      "m" : "4611686018433598016"
    }, {
      "d" : "1756461811322746443",
      "t" : 1756461811322,
      "tn" : 1756461811322746443,
      "q" : "0.5",
      "p" : "2.4281",
      "s" : "sell",
      "i" : "NEAR_USDT",
      "m" : "4611686018433598015"
    }, {
      "d" : "1756461810921690123",
      "t" : 1756461810921,
      "tn" : 1756461810921690123,
      "q" : "0.5",
      "p" : "2.4281",
      "s" : "sell",
      "i" : "NEAR_USDT",
      "m" : "4611686018433598014"
    }, {
      "d" : "1756461810820712419",
      "t" : 1756461810820,
      "tn" : 1756461810820712419,
      "q" : "0.5",
      "p" : "2.4281",
      "s" : "sell",
      "i" : "NEAR_USDT",
      "m" : "4611686018433598013"
    }, {
      "d" : "1756461810721371000",
      "t" : 1756461810721,
      "tn" : 1756461810721371000,
      "q" : "0.5",
      "p" : "2.4284",
      "s" : "sell",
      "i" : "NEAR_USDT",
      "m" : "4611686018433598012"
    }, {
      "d" : "1756461810521128551",
      "t" : 1756461810521,
      "tn" : 1756461810521128551,
      "q" : "0.5",
      "p" : "2.4284",
      "s" : "sell",
      "i" : "NEAR_USDT",
      "m" : "4611686018433598011"
    }, {
      "d" : "1756461809639551578",
      "t" : 1756461809639,
      "tn" : 1756461809639551578,
      "q" : "0.5",
      "p" : "2.4278",
      "s" : "sell",
      "i" : "NEAR_USDT",
      "m" : "4611686018433598010"
    }, {
      "d" : "1756461809629510018",
      "t" : 1756461809629,
      "tn" : 1756461809629510018,
      "q" : "0.5",
      "p" : "2.4278",
      "s" : "sell",
      "i" : "NEAR_USDT",
      "m" : "4611686018433598009"
    }, {
      "d" : "1756461809619517902",
      "t" : 1756461809619,
      "tn" : 1756461809619517902,
      "q" : "0.5",
      "p" : "2.4278",
      "s" : "sell",
      "i" : "NEAR_USDT",
      "m" : "4611686018433598008"
    }, {
      "d" : "1756461809609657761",
      "t" : 1756461809609,
      "tn" : 1756461809609657761,
      "q" : "0.5",
      "p" : "2.4278",
      "s" : "sell",
      "i" : "NEAR_USDT",
      "m" : "4611686018433598007"
    }, {
      "d" : "1756461809594391515",
      "t" : 1756461809594,
      "tn" : 1756461809594391515,
      "q" : "0.5",
      "p" : "2.4278",
      "s" : "sell",
      "i" : "NEAR_USDT",
      "m" : "4611686018433598006"
    }, {
      "d" : "1756461809580649685",
      "t" : 1756461809580,
      "tn" : 1756461809580649685,
      "q" : "0.5",
      "p" : "2.4278",
      "s" : "sell",
      "i" : "NEAR_USDT",
      "m" : "4611686018433598005"
    }, {
      "d" : "1756461809546679826",
      "t" : 1756461809546,
      "tn" : 1756461809546679826,
      "q" : "0.5",
      "p" : "2.4281",
      "s" : "sell",
      "i" : "NEAR_USDT",
      "m" : "4611686018433598004"
    }, {
      "d" : "1756461809545953830",
      "t" : 1756461809545,
      "tn" : 1756461809545953830,
      "q" : "76.3",
      "p" : "2.4281",
      "s" : "sell",
      "i" : "NEAR_USDT",
      "m" : "4611686018433598003"
    }, {
      "d" : "1756461809545951233",
      "t" : 1756461809545,
      "tn" : 1756461809545951233,
      "q" : "104.0",
      "p" : "2.4281",
      "s" : "sell",
      "i" : "NEAR_USDT",
      "m" : "4611686018433598002"
    }, {
      "d" : "1756461809545950597",
      "t" : 1756461809545,
      "tn" : 1756461809545950597,
      "q" : "0.5",
      "p" : "2.4284",
      "s" : "sell",
      "i" : "NEAR_USDT",
      "m" : "4611686018433598001"
    }, {
      "d" : "1756461809541556615",
      "t" : 1756461809541,
      "tn" : 1756461809541556615,
      "q" : "0.5",
      "p" : "2.4284",
      "s" : "sell",
      "i" : "NEAR_USDT",
      "m" : "4611686018433598000"
    }, {
      "d" : "1756461809227137596",
      "t" : 1756461809227,
      "tn" : 1756461809227137596,
      "q" : "5.5",
      "p" : "2.4281",
      "s" : "sell",
      "i" : "NEAR_USDT",
      "m" : "4611686018433597999"
    }, {
      "d" : "1756461809227135905",
      "t" : 1756461809227,
      "tn" : 1756461809227135905,
      "q" : "0.5",
      "p" : "2.4284",
      "s" : "sell",
      "i" : "NEAR_USDT",
      "m" : "4611686018433597998"
    }, {
      "d" : "1756461809202923981",
      "t" : 1756461809202,
      "tn" : 1756461809202923981,
      "q" : "19.5",
      "p" : "2.4281",
      "s" : "sell",
      "i" : "NEAR_USDT",
      "m" : "4611686018433597997"
    }, {
      "d" : "1756461809202922188",
      "t" : 1756461809202,
      "tn" : 1756461809202922188,
      "q" : "0.5",
      "p" : "2.4284",
      "s" : "sell",
      "i" : "NEAR_USDT",
      "m" : "4611686018433597996"
    }, {
      "d" : "1756461809177050734",
      "t" : 1756461809177,
      "tn" : 1756461809177050734,
      "q" : "0.5",
      "p" : "2.4284",
      "s" : "sell",
      "i" : "NEAR_USDT",
      "m" : "4611686018433597995"
    }, {
      "d" : "1756461808951731967",
      "t" : 1756461808951,
      "tn" : 1756461808951731967,
      "q" : "0.5",
      "p" : "2.4294",
      "s" : "sell",
      "i" : "NEAR_USDT",
      "m" : "4611686018433597994"
    }, {
      "d" : "1756461808924612843",
      "t" : 1756461808924,
      "tn" : 1756461808924612843,
      "q" : "0.5",
      "p" : "2.4294",
      "s" : "sell",
      "i" : "NEAR_USDT",
      "m" : "4611686018433597993"
    }, {
      "d" : "1756461808874656702",
      "t" : 1756461808874,
      "tn" : 1756461808874656702,
      "q" : "0.5",
      "p" : "2.4294",
      "s" : "sell",
      "i" : "NEAR_USDT",
      "m" : "4611686018433597992"
    }, {
      "d" : "1756461808720934142",
      "t" : 1756461808720,
      "tn" : 1756461808720934142,
      "q" : "0.5",
      "p" : "2.4294",
      "s" : "sell",
      "i" : "NEAR_USDT",
      "m" : "4611686018433597991"
    }, {
      "d" : "1756461808661203174",
      "t" : 1756461808661,
      "tn" : 1756461808661203174,
      "q" : "0.5",
      "p" : "2.4294",
      "s" : "sell",
      "i" : "NEAR_USDT",
      "m" : "4611686018433597990"
    }, {
      "d" : "1756461805132260621",
      "t" : 1756461805132,
      "tn" : 1756461805132260621,
      "q" : "0.5",
      "p" : "2.4294",
      "s" : "sell",
      "i" : "NEAR_USDT",
      "m" : "4611686018433597989"
    }, {
      "d" : "1756461796930795305",
      "t" : 1756461796930,
      "tn" : 1756461796930795305,
      "q" : "0.5",
      "p" : "2.4294",
      "s" : "sell",
      "i" : "NEAR_USDT",
      "m" : "4611686018433597988"
    }, {
      "d" : "1756461767844631930",
      "t" : 1756461767844,
      "tn" : 1756461767844631930,
      "q" : "0.5",
      "p" : "2.4304",
      "s" : "sell",
      "i" : "NEAR_USDT",
      "m" : "4611686018433597987"
    }, {
      "d" : "1756461767577928020",
      "t" : 1756461767577,
      "tn" : 1756461767577928020,
      "q" : "0.5",
      "p" : "2.4304",
      "s" : "sell",
      "i" : "NEAR_USDT",
      "m" : "4611686018433597986"
    }, {
      "d" : "1756461767529438722",
      "t" : 1756461767529,
      "tn" : 1756461767529438722,
      "q" : "0.5",
      "p" : "2.4304",
      "s" : "sell",
      "i" : "NEAR_USDT",
      "m" : "4611686018433597985"
    }, {
      "d" : "1756461767359762159",
      "t" : 1756461767359,
      "tn" : 1756461767359762159,
      "q" : "0.5",
      "p" : "2.4304",
      "s" : "sell",
      "i" : "NEAR_USDT",
      "m" : "4611686018433597984"
    }, {
      "d" : "1756461765615067297",
      "t" : 1756461765615,
      "tn" : 1756461765615067297,
      "q" : "0.5",
      "p" : "2.4304",
      "s" : "sell",
      "i" : "NEAR_USDT",
      "m" : "4611686018433597983"
    }, {
      "d" : "1756461765519414816",
      "t" : 1756461765519,
      "tn" : 1756461765519414816,
      "q" : "0.5",
      "p" : "2.4304",
      "s" : "sell",
      "i" : "NEAR_USDT",
      "m" : "4611686018433597982"
    }, {
      "d" : "1756461765222779545",
      "t" : 1756461765222,
      "tn" : 1756461765222779545,
      "q" : "0.5",
      "p" : "2.4304",
      "s" : "sell",
      "i" : "NEAR_USDT",
      "m" : "4611686018433597981"
    }, {
      "d" : "1756461765157707905",
      "t" : 1756461765157,
      "tn" : 1756461765157707905,
      "q" : "0.5",
      "p" : "2.4304",
      "s" : "sell",
      "i" : "NEAR_USDT",
      "m" : "4611686018433597980"
    }, {
      "d" : "1756461765121800887",
      "t" : 1756461765121,
      "tn" : 1756461765121800887,
      "q" : "0.5",
      "p" : "2.4304",
      "s" : "sell",
      "i" : "NEAR_USDT",
      "m" : "4611686018433597979"
    }, {
      "d" : "1756461764719807606",
      "t" : 1756461764719,
      "tn" : 1756461764719807606,
      "q" : "0.5",
      "p" : "2.4304",
      "s" : "sell",
      "i" : "NEAR_USDT",
      "m" : "4611686018433597978"
    }, {
      "d" : "1756461764521083096",
      "t" : 1756461764521,
      "tn" : 1756461764521083096,
      "q" : "0.5",
      "p" : "2.4304",
      "s" : "sell",
      "i" : "NEAR_USDT",
      "m" : "4611686018433597977"
    }, {
      "d" : "1756461763869484796",
      "t" : 1756461763869,
      "tn" : 1756461763869484796,
      "q" : "0.5",
      "p" : "2.4304",
      "s" : "sell",
      "i" : "NEAR_USDT",
      "m" : "4611686018433597976"
    }, {
      "d" : "1756461763719112962",
      "t" : 1756461763719,
      "tn" : 1756461763719112962,
      "q" : "0.5",
      "p" : "2.4304",
      "s" : "sell",
      "i" : "NEAR_USDT",
      "m" : "4611686018433597975"
    }, {
      "d" : "1756461763519656548",
      "t" : 1756461763519,
      "tn" : 1756461763519656548,
      "q" : "0.5",
      "p" : "2.4304",
      "s" : "sell",
      "i" : "NEAR_USDT",
      "m" : "4611686018433597974"
    }, {
      "d" : "1756461763218989751",
      "t" : 1756461763218,
      "tn" : 1756461763218989751,
      "q" : "0.5",
      "p" : "2.4304",
      "s" : "sell",
      "i" : "NEAR_USDT",
      "m" : "4611686018433597973"
    }, {
      "d" : "1756461763021645004",
      "t" : 1756461763021,
      "tn" : 1756461763021645004,
      "q" : "0.5",
      "p" : "2.4304",
      "s" : "sell",
      "i" : "NEAR_USDT",
      "m" : "4611686018433597972"
    }, {
      "d" : "1756461762967402444",
      "t" : 1756461762967,
      "tn" : 1756461762967402444,
      "q" : "0.5",
      "p" : "2.4304",
      "s" : "sell",
      "i" : "NEAR_USDT",
      "m" : "4611686018433597971"
    }, {
      "d" : "1756461762919740003",
      "t" : 1756461762919,
      "tn" : 1756461762919740003,
      "q" : "0.5",
      "p" : "2.4304",
      "s" : "sell",
      "i" : "NEAR_USDT",
      "m" : "4611686018433597970"
    }, {
      "d" : "1756461762822222197",
      "t" : 1756461762822,
      "tn" : 1756461762822222197,
      "q" : "0.5",
      "p" : "2.4304",
      "s" : "sell",
      "i" : "NEAR_USDT",
      "m" : "4611686018433597969"
    }, {
      "d" : "1756461762762115881",
      "t" : 1756461762762,
      "tn" : 1756461762762115881,
      "q" : "0.5",
      "p" : "2.4304",
      "s" : "sell",
      "i" : "NEAR_USDT",
      "m" : "4611686018433597968"
    }, {
      "d" : "1756461762619716782",
      "t" : 1756461762619,
      "tn" : 1756461762619716782,
      "q" : "0.5",
      "p" : "2.4304",
      "s" : "sell",
      "i" : "NEAR_USDT",
      "m" : "4611686018433597967"
    }, {
      "d" : "1756461762612012344",
      "t" : 1756461762612,
      "tn" : 1756461762612012344,
      "q" : "0.5",
      "p" : "2.4304",
      "s" : "sell",
      "i" : "NEAR_USDT",
      "m" : "4611686018433597966"
    }, {
      "d" : "1756461762581902593",
      "t" : 1756461762581,
      "tn" : 1756461762581902593,
      "q" : "0.5",
      "p" : "2.4304",
      "s" : "sell",
      "i" : "NEAR_USDT",
      "m" : "4611686018433597965"
    }, {
      "d" : "1756461762521811166",
      "t" : 1756461762521,
      "tn" : 1756461762521811166,
      "q" : "0.5",
      "p" : "2.4304",
      "s" : "sell",
      "i" : "NEAR_USDT",
      "m" : "4611686018433597964"
    }, {
      "d" : "1756461761695011842",
      "t" : 1756461761695,
      "tn" : 1756461761695011842,
      "q" : "0.5",
      "p" : "2.4304",
      "s" : "sell",
      "i" : "NEAR_USDT",
      "m" : "4611686018433597963"
    }, {
      "d" : "1756461761619938313",
      "t" : 1756461761619,
      "tn" : 1756461761619938313,
      "q" : "0.5",
      "p" : "2.4304",
      "s" : "sell",
      "i" : "NEAR_USDT",
      "m" : "4611686018433597962"
    }, {
      "d" : "1756461761574902822",
      "t" : 1756461761574,
      "tn" : 1756461761574902822,
      "q" : "0.5",
      "p" : "2.4304",
      "s" : "sell",
      "i" : "NEAR_USDT",
      "m" : "4611686018433597961"
    }, {
      "d" : "1756461761519691990",
      "t" : 1756461761519,
      "tn" : 1756461761519691990,
      "q" : "0.5",
      "p" : "2.4304",
      "s" : "sell",
      "i" : "NEAR_USDT",
      "m" : "4611686018433597960"
    }, {
      "d" : "1756461761484605927",
      "t" : 1756461761484,
      "tn" : 1756461761484605927,
      "q" : "0.5",
      "p" : "2.4304",
      "s" : "sell",
      "i" : "NEAR_USDT",
      "m" : "4611686018433597959"
    }, {
      "d" : "1756461761419429281",
      "t" : 1756461761419,
      "tn" : 1756461761419429281,
      "q" : "0.5",
      "p" : "2.4304",
      "s" : "sell",
      "i" : "NEAR_USDT",
      "m" : "4611686018433597958"
    }, {
      "d" : "1756461761319453861",
      "t" : 1756461761319,
      "tn" : 1756461761319453861,
      "q" : "0.5",
      "p" : "2.4304",
      "s" : "sell",
      "i" : "NEAR_USDT",
      "m" : "4611686018433597957"
    }, {
      "d" : "1756461761239269872",
      "t" : 1756461761239,
      "tn" : 1756461761239269872,
      "q" : "0.5",
      "p" : "2.4304",
      "s" : "sell",
      "i" : "NEAR_USDT",
      "m" : "4611686018433597956"
    }, {
      "d" : "1756461761119064167",
      "t" : 1756461761119,
      "tn" : 1756461761119064167,
      "q" : "0.5",
      "p" : "2.4304",
      "s" : "sell",
      "i" : "NEAR_USDT",
      "m" : "4611686018433597955"
    }, {
      "d" : "1756461761028363879",
      "t" : 1756461761028,
      "tn" : 1756461761028363879,
      "q" : "0.5",
      "p" : "2.4304",
      "s" : "sell",
      "i" : "NEAR_USDT",
      "m" : "4611686018433597954"
    }, {
      "d" : "1756461761017780896",
      "t" : 1756461761017,
      "tn" : 1756461761017780896,
      "q" : "0.5",
      "p" : "2.4304",
      "s" : "sell",
      "i" : "NEAR_USDT",
      "m" : "4611686018433597953"
    }, {
      "d" : "1756461760921672590",
      "t" : 1756461760921,
      "tn" : 1756461760921672590,
      "q" : "0.5",
      "p" : "2.4304",
      "s" : "sell",
      "i" : "NEAR_USDT",
      "m" : "4611686018433597952"
    }, {
      "d" : "1756461760873183765",
      "t" : 1756461760873,
      "tn" : 1756461760873183765,
      "q" : "0.5",
      "p" : "2.4304",
      "s" : "sell",
      "i" : "NEAR_USDT",
      "m" : "4611686018433597951"
    }, {
      "d" : "1756461760861799703",
      "t" : 1756461760861,
      "tn" : 1756461760861799703,
      "q" : "0.5",
      "p" : "2.4304",
      "s" : "sell",
      "i" : "NEAR_USDT",
      "m" : "4611686018433597950"
    }, {
      "d" : "1756461760722925204",
      "t" : 1756461760722,
      "tn" : 1756461760722925204,
      "q" : "0.5",
      "p" : "2.4304",
      "s" : "sell",
      "i" : "NEAR_USDT",
      "m" : "4611686018433597949"
    }, {
      "d" : "1756461760621643722",
      "t" : 1756461760621,
      "tn" : 1756461760621643722,
      "q" : "0.5",
      "p" : "2.4304",
      "s" : "sell",
      "i" : "NEAR_USDT",
      "m" : "4611686018433597948"
    }, {
      "d" : "1756461760520124213",
      "t" : 1756461760520,
      "tn" : 1756461760520124213,
      "q" : "0.5",
      "p" : "2.4304",
      "s" : "sell",
      "i" : "NEAR_USDT",
      "m" : "4611686018433597947"
    }, {
      "d" : "1756461759919646091",
      "t" : 1756461759919,
      "tn" : 1756461759919646091,
      "q" : "0.5",
      "p" : "2.4304",
      "s" : "sell",
      "i" : "NEAR_USDT",
      "m" : "4611686018433597946"
    }, {
      "d" : "1756461759820994768",
      "t" : 1756461759820,
      "tn" : 1756461759820994768,
      "q" : "0.5",
      "p" : "2.4304",
      "s" : "sell",
      "i" : "NEAR_USDT",
      "m" : "4611686018433597945"
    }, {
      "d" : "1756461759780734812",
      "t" : 1756461759780,
      "tn" : 1756461759780734812,
      "q" : "0.5",
      "p" : "2.4304",
      "s" : "sell",
      "i" : "NEAR_USDT",
      "m" : "4611686018433597944"
    }, {
      "d" : "1756461759519752140",
      "t" : 1756461759519,
      "tn" : 1756461759519752140,
      "q" : "0.5",
      "p" : "2.4304",
      "s" : "sell",
      "i" : "NEAR_USDT",
      "m" : "4611686018433597943"
    }, {
      "d" : "1756461759319392013",
      "t" : 1756461759319,
      "tn" : 1756461759319392013,
      "q" : "0.5",
      "p" : "2.4304",
      "s" : "sell",
      "i" : "NEAR_USDT",
      "m" : "4611686018433597942"
    }, {
      "d" : "1756461759018869526",
      "t" : 1756461759018,
      "tn" : 1756461759018869526,
      "q" : "0.5",
      "p" : "2.4304",
      "s" : "sell",
      "i" : "NEAR_USDT",
      "m" : "4611686018433597941"
    }, {
      "d" : "1756461758928918699",
      "t" : 1756461758928,
      "tn" : 1756461758928918699,
      "q" : "0.5",
      "p" : "2.4304",
      "s" : "sell",
      "i" : "NEAR_USDT",
      "m" : "4611686018433597940"
    }, {
      "d" : "1756461758922600172",
      "t" : 1756461758922,
      "tn" : 1756461758922600172,
      "q" : "0.5",
      "p" : "2.4304",
      "s" : "sell",
      "i" : "NEAR_USDT",
      "m" : "4611686018433597939"
    }, {
      "d" : "1756461758910625167",
      "t" : 1756461758910,
      "tn" : 1756461758910625167,
      "q" : "0.5",
      "p" : "2.4304",
      "s" : "sell",
      "i" : "NEAR_USDT",
      "m" : "4611686018433597938"
    }, {
      "d" : "1756461758856627264",
      "t" : 1756461758856,
      "tn" : 1756461758856627264,
      "q" : "0.5",
      "p" : "2.4304",
      "s" : "sell",
      "i" : "NEAR_USDT",
      "m" : "4611686018433597937"
    }, {
      "d" : "1756461758723337614",
      "t" : 1756461758723,
      "tn" : 1756461758723337614,
      "q" : "0.5",
      "p" : "2.4304",
      "s" : "sell",
      "i" : "NEAR_USDT",
      "m" : "4611686018433597936"
    }, {
      "d" : "1756461758622634662",
      "t" : 1756461758622,
      "tn" : 1756461758622634662,
      "q" : "0.5",
      "p" : "2.4304",
      "s" : "sell",
      "i" : "NEAR_USDT",
      "m" : "4611686018433597935"
    }, {
      "d" : "1756461758602998419",
      "t" : 1756461758602,
      "tn" : 1756461758602998419,
      "q" : "0.5",
      "p" : "2.4304",
      "s" : "sell",
      "i" : "NEAR_USDT",
      "m" : "4611686018433597934"
    }, {
      "d" : "1756461758521149510",
      "t" : 1756461758521,
      "tn" : 1756461758521149510,
      "q" : "0.5",
      "p" : "2.4304",
      "s" : "sell",
      "i" : "NEAR_USDT",
      "m" : "4611686018433597933"
    }, {
      "d" : "1756461758086426068",
      "t" : 1756461758086,
      "tn" : 1756461758086426068,
      "q" : "0.5",
      "p" : "2.4304",
      "s" : "sell",
      "i" : "NEAR_USDT",
      "m" : "4611686018433597932"
    }, {
      "d" : "1756461758021303406",
      "t" : 1756461758021,
      "tn" : 1756461758021303406,
      "q" : "0.5",
      "p" : "2.4304",
      "s" : "sell",
      "i" : "NEAR_USDT",
      "m" : "4611686018433597931"
    }, {
      "d" : "1756461757996090795",
      "t" : 1756461757996,
      "tn" : 1756461757996090795,
      "q" : "0.5",
      "p" : "2.4304",
      "s" : "sell",
      "i" : "NEAR_USDT",
      "m" : "4611686018433597930"
    }, {
      "d" : "1756461757920712633",
      "t" : 1756461757920,
      "tn" : 1756461757920712633,
      "q" : "0.5",
      "p" : "2.4304",
      "s" : "sell",
      "i" : "NEAR_USDT",
      "m" : "4611686018433597929"
    }, {
      "d" : "1756461757901020926",
      "t" : 1756461757901,
      "tn" : 1756461757901020926,
      "q" : "0.5",
      "p" : "2.4304",
      "s" : "sell",
      "i" : "NEAR_USDT",
      "m" : "4611686018433597928"
    }, {
      "d" : "1756461757720591704",
      "t" : 1756461757720,
      "tn" : 1756461757720591704,
      "q" : "0.5",
      "p" : "2.4304",
      "s" : "sell",
      "i" : "NEAR_USDT",
      "m" : "4611686018433597927"
    }, {
      "d" : "1756461757644981235",
      "t" : 1756461757644,
      "tn" : 1756461757644981235,
      "q" : "0.5",
      "p" : "2.4304",
      "s" : "sell",
      "i" : "NEAR_USDT",
      "m" : "4611686018433597926"
    }, {
      "d" : "1756461757590249558",
      "t" : 1756461757590,
      "tn" : 1756461757590249558,
      "q" : "0.5",
      "p" : "2.4304",
      "s" : "sell",
      "i" : "NEAR_USDT",
      "m" : "4611686018433597925"
    }, {
      "d" : "1756461757519562802",
      "t" : 1756461757519,
      "tn" : 1756461757519562802,
      "q" : "0.5",
      "p" : "2.4304",
      "s" : "sell",
      "i" : "NEAR_USDT",
      "m" : "4611686018433597924"
    }, {
      "d" : "1756461757324805406",
      "t" : 1756461757324,
      "tn" : 1756461757324805406,
      "q" : "0.5",
      "p" : "2.4304",
      "s" : "sell",
      "i" : "NEAR_USDT",
      "m" : "4611686018433597923"
    }, {
      "d" : "1756461757106092062",
      "t" : 1756461757106,
      "tn" : 1756461757106092062,
      "q" : "0.5",
      "p" : "2.4304",
      "s" : "sell",
      "i" : "NEAR_USDT",
      "m" : "4611686018433597922"
    }, {
      "d" : "1756461756791098828",
      "t" : 1756461756791,
      "tn" : 1756461756791098828,
      "q" : "0.5",
      "p" : "2.4304",
      "s" : "sell",
      "i" : "NEAR_USDT",
      "m" : "4611686018433597921"
    }, {
      "d" : "1756461756563989284",
      "t" : 1756461756563,
      "tn" : 1756461756563989284,
      "q" : "0.5",
      "p" : "2.4304",
      "s" : "sell",
      "i" : "NEAR_USDT",
      "m" : "4611686018433597920"
    }, {
      "d" : "1756461756492198806",
      "t" : 1756461756492,
      "tn" : 1756461756492198806,
      "q" : "0.5",
      "p" : "2.4313",
      "s" : "sell",
      "i" : "NEAR_USDT",
      "m" : "4611686018433597919"
    }, {
      "d" : "1756461756481192564",
      "t" : 1756461756481,
      "tn" : 1756461756481192564,
      "q" : "0.5",
      "p" : "2.4313",
      "s" : "sell",
      "i" : "NEAR_USDT",
      "m" : "4611686018433597918"
    }, {
      "d" : "1756461755574698333",
      "t" : 1756461755574,
      "tn" : 1756461755574698333,
      "q" : "0.5",
      "p" : "2.4313",
      "s" : "sell",
      "i" : "NEAR_USDT",
      "m" : "4611686018433597917"
    }, {
      "d" : "1756461755520911337",
      "t" : 1756461755520,
      "tn" : 1756461755520911337,
      "q" : "0.5",
      "p" : "2.4313",
      "s" : "sell",
      "i" : "NEAR_USDT",
      "m" : "4611686018433597916"
    }, {
      "d" : "1756461755273937049",
      "t" : 1756461755273,
      "tn" : 1756461755273937049,
      "q" : "101.2",
      "p" : "2.4305",
      "s" : "buy",
      "i" : "NEAR_USDT",
      "m" : "4611686018433597915"
    }, {
      "d" : "1756461755269614530",
      "t" : 1756461755269,
      "tn" : 1756461755269614530,
      "q" : "104.6",
      "p" : "2.4305",
      "s" : "buy",
      "i" : "NEAR_USDT",
      "m" : "4611686018433597914"
    }, {
      "d" : "1756461752481482826",
      "t" : 1756461752481,
      "tn" : 1756461752481482826,
      "q" : "0.5",
      "p" : "2.4304",
      "s" : "sell",
      "i" : "NEAR_USDT",
      "m" : "4611686018433597913"
    }, {
      "d" : "1756461751274278976",
      "t" : 1756461751274,
      "tn" : 1756461751274278975,
      "q" : "0.5",
      "p" : "2.4296",
      "s" : "buy",
      "i" : "NEAR_USDT",
      "m" : "4611686018433597912"
    }, {
      "d" : "1756461751274278975",
      "t" : 1756461751274,
      "tn" : 1756461751274278975,
      "q" : "39.6",
      "p" : "2.4296",
      "s" : "buy",
      "i" : "NEAR_USDT",
      "m" : "4611686018433597912"
    }, {
      "d" : "1756461751273596609",
      "t" : 1756461751273,
      "tn" : 1756461751273596609,
      "q" : "63.4",
      "p" : "2.4296",
      "s" : "buy",
      "i" : "NEAR_USDT",
      "m" : "4611686018433597911"
    }, {
      "d" : "1756461740519736653",
      "t" : 1756461740519,
      "tn" : 1756461740519736653,
      "q" : "0.5",
      "p" : "2.4294",
      "s" : "sell",
      "i" : "NEAR_USDT",
      "m" : "4611686018433597910"
    }, {
      "d" : "1756461739920217014",
      "t" : 1756461739920,
      "tn" : 1756461739920217014,
      "q" : "0.5",
      "p" : "2.4294",
      "s" : "sell",
      "i" : "NEAR_USDT",
      "m" : "4611686018433597909"
    }, {
      "d" : "1756461739624810141",
      "t" : 1756461739624,
      "tn" : 1756461739624810141,
      "q" : "0.5",
      "p" : "2.4294",
      "s" : "sell",
      "i" : "NEAR_USDT",
      "m" : "4611686018433597908"
    }, {
      "d" : "1756461739519732038",
      "t" : 1756461739519,
      "tn" : 1756461739519732038,
      "q" : "0.5",
      "p" : "2.4294",
      "s" : "sell",
      "i" : "NEAR_USDT",
      "m" : "4611686018433597907"
    }, {
      "d" : "1756461739021764807",
      "t" : 1756461739021,
      "tn" : 1756461739021764807,
      "q" : "0.5",
      "p" : "2.4294",
      "s" : "sell",
      "i" : "NEAR_USDT",
      "m" : "4611686018433597906"
    }, {
      "d" : "1756461738821437234",
      "t" : 1756461738821,
      "tn" : 1756461738821437234,
      "q" : "0.5",
      "p" : "2.4294",
      "s" : "sell",
      "i" : "NEAR_USDT",
      "m" : "4611686018433597905"
    }, {
      "d" : "1756461738677195894",
      "t" : 1756461738677,
      "tn" : 1756461738677195894,
      "q" : "0.5",
      "p" : "2.4293",
      "s" : "sell",
      "i" : "NEAR_USDT",
      "m" : "4611686018433597904"
    }, {
      "d" : "1756461738642717997",
      "t" : 1756461738642,
      "tn" : 1756461738642717997,
      "q" : "102.5",
      "p" : "2.4293",
      "s" : "sell",
      "i" : "NEAR_USDT",
      "m" : "4611686018433597903"
    }, {
      "d" : "1756461738642716174",
      "t" : 1756461738642,
      "tn" : 1756461738642716174,
      "q" : "0.5",
      "p" : "2.4294",
      "s" : "sell",
      "i" : "NEAR_USDT",
      "m" : "4611686018433597902"
    }, {
      "d" : "1756461733134197993",
      "t" : 1756461733134,
      "tn" : 1756461733134197993,
      "q" : "30.9",
      "p" : "2.4285",
      "s" : "buy",
      "i" : "NEAR_USDT",
      "m" : "4611686018433597901"
    }, {
      "d" : "1756461733132608767",
      "t" : 1756461733132,
      "tn" : 1756461733132608767,
      "q" : "41.2",
      "p" : "2.4285",
      "s" : "buy",
      "i" : "NEAR_USDT",
      "m" : "4611686018433597900"
    }, {
      "d" : "1756461733131960336",
      "t" : 1756461733131,
      "tn" : 1756461733131960336,
      "q" : "30.9",
      "p" : "2.4285",
      "s" : "buy",
      "i" : "NEAR_USDT",
      "m" : "4611686018433597899"
    }, {
      "d" : "1756461723401582188",
      "t" : 1756461723401,
      "tn" : 1756461723401582188,
      "q" : "0.5",
      "p" : "2.4276",
      "s" : "buy",
      "i" : "NEAR_USDT",
      "m" : "4611686018433597898"
    }, {
      "d" : "1756461723395944582",
      "t" : 1756461723395,
      "tn" : 1756461723395944582,
      "q" : "0.5",
      "p" : "2.4276",
      "s" : "buy",
      "i" : "NEAR_USDT",
      "m" : "4611686018433597897"
    }, {
      "d" : "1756461706591343785",
      "t" : 1756461706591,
      "tn" : 1756461706591343785,
      "q" : "0.5",
      "p" : "2.4272",
      "s" : "sell",
      "i" : "NEAR_USDT",
      "m" : "4611686018433597896"
    }, {
      "d" : "1756461681148491478",
      "t" : 1756461681148,
      "tn" : 1756461681148491478,
      "q" : "0.5",
      "p" : "2.4254",
      "s" : "sell",
      "i" : "NEAR_USDT",
      "m" : "4611686018433597895"
    }, {
      "d" : "1756461681088181313",
      "t" : 1756461681088,
      "tn" : 1756461681088181313,
      "q" : "0.5",
      "p" : "2.4254",
      "s" : "sell",
      "i" : "NEAR_USDT",
      "m" : "4611686018433597894"
    }, {
      "d" : "1756461678539640440",
      "t" : 1756461678539,
      "tn" : 1756461678539640440,
      "q" : "0.5",
      "p" : "2.4254",
      "s" : "sell",
      "i" : "NEAR_USDT",
      "m" : "4611686018433597893"
    }, {
      "d" : "1756461678324835472",
      "t" : 1756461678324,
      "tn" : 1756461678324835472,
      "q" : "0.5",
      "p" : "2.4261",
      "s" : "sell",
      "i" : "NEAR_USDT",
      "m" : "4611686018433597892"
    }, {
      "d" : "1756461646098104668",
      "t" : 1756461646098,
      "tn" : 1756461646098104668,
      "q" : "0.5",
      "p" : "2.4252",
      "s" : "sell",
      "i" : "NEAR_USDT",
      "m" : "4611686018433597891"
    }, {
      "d" : "1756461626770007538",
      "t" : 1756461626770,
      "tn" : 1756461626770007538,
      "q" : "0.5",
      "p" : "2.4242",
      "s" : "sell",
      "i" : "NEAR_USDT",
      "m" : "4611686018433597890"
    }, {
      "d" : "1756461626540889590",
      "t" : 1756461626540,
      "tn" : 1756461626540889590,
      "q" : "20.0",
      "p" : "2.4234",
      "s" : "sell",
      "i" : "NEAR_USDT",
      "m" : "4611686018433597889"
    }, {
      "d" : "1756461626520992458",
      "t" : 1756461626520,
      "tn" : 1756461626520992458,
      "q" : "0.5",
      "p" : "2.4244",
      "s" : "sell",
      "i" : "NEAR_USDT",
      "m" : "4611686018433597888"
    }, {
      "d" : "1756461626450109864",
      "t" : 1756461626450,
      "tn" : 1756461626450109864,
      "q" : "0.5",
      "p" : "2.4244",
      "s" : "sell",
      "i" : "NEAR_USDT",
      "m" : "4611686018433597887"
    }, {
      "d" : "1756461620801859066",
      "t" : 1756461620801,
      "tn" : 1756461620801859066,
      "q" : "0.5",
      "p" : "2.4244",
      "s" : "sell",
      "i" : "NEAR_USDT",
      "m" : "4611686018433597886"
    }, {
      "d" : "1756461620721383612",
      "t" : 1756461620721,
      "tn" : 1756461620721383612,
      "q" : "0.5",
      "p" : "2.4253",
      "s" : "sell",
      "i" : "NEAR_USDT",
      "m" : "4611686018433597885"
    }, {
      "d" : "1756461604851126261",
      "t" : 1756461604851,
      "tn" : 1756461604851126261,
      "q" : "0.5",
      "p" : "2.4254",
      "s" : "sell",
      "i" : "NEAR_USDT",
      "m" : "4611686018433597884"
    }, {
      "d" : "1756461604632648260",
      "t" : 1756461604632,
      "tn" : 1756461604632648260,
      "q" : "0.5",
      "p" : "2.4254",
      "s" : "sell",
      "i" : "NEAR_USDT",
      "m" : "4611686018433597883"
    }, {
      "d" : "1756461604522828650",
      "t" : 1756461604522,
      "tn" : 1756461604522828650,
      "q" : "0.5",
      "p" : "2.4254",
      "s" : "sell",
      "i" : "NEAR_USDT",
      "m" : "4611686018433597882"
    }, {
      "d" : "1756461604432493780",
      "t" : 1756461604432,
      "tn" : 1756461604432493780,
      "q" : "0.5",
      "p" : "2.4254",
      "s" : "sell",
      "i" : "NEAR_USDT",
      "m" : "4611686018433597881"
    }, {
      "d" : "1756461604316199523",
      "t" : 1756461604316,
      "tn" : 1756461604316199523,
      "q" : "0.5",
      "p" : "2.4254",
      "s" : "sell",
      "i" : "NEAR_USDT",
      "m" : "4611686018433597880"
    }, {
      "d" : "1756461601418734108",
      "t" : 1756461601418,
      "tn" : 1756461601418734108,
      "q" : "0.5",
      "p" : "2.4254",
      "s" : "sell",
      "i" : "NEAR_USDT",
      "m" : "4611686018433597879"
    }, {
      "d" : "1756461601323736956",
      "t" : 1756461601323,
      "tn" : 1756461601323736956,
      "q" : "0.5",
      "p" : "2.4264",
      "s" : "sell",
      "i" : "NEAR_USDT",
      "m" : "4611686018433597878"
    }, {
      "d" : "1756461593520999902",
      "t" : 1756461593520,
      "tn" : 1756461593520999902,
      "q" : "19.5",
      "p" : "2.4249",
      "s" : "sell",
      "i" : "NEAR_USDT",
      "m" : "4611686018433597877"
    }, {
      "d" : "1756461593520998012",
      "t" : 1756461593520,
      "tn" : 1756461593520998012,
      "q" : "0.5",
      "p" : "2.4264",
      "s" : "sell",
      "i" : "NEAR_USDT",
      "m" : "4611686018433597876"
    }, {
      "d" : "1756461593397642448",
      "t" : 1756461593397,
      "tn" : 1756461593397642448,
      "q" : "0.5",
      "p" : "2.4274",
      "s" : "sell",
      "i" : "NEAR_USDT",
      "m" : "4611686018433597875"
    }, {
      "d" : "1756461592847427515",
      "t" : 1756461592847,
      "tn" : 1756461592847427515,
      "q" : "0.5",
      "p" : "2.4274",
      "s" : "sell",
      "i" : "NEAR_USDT",
      "m" : "4611686018433597874"
    } ]
  }
}