{
  "id" : -1,
  "method" : "public/get-trades",
  "code" : 0,
  "result" : {
    "data" : [ {
      "d" : "1756461324551451516",
      "t" : 1756461324551,
      "tn" : 1756461324551451516,
      "q" : "310",
      "p" : "0.09444",
      "s" : "sell",
      "i" : "NEIROETH_USD",
      "m" : "4611686018427780680"
    }, {
      "d" : "1756461013676028873",
      "t" : 1756461013676,
      "tn" : 1756461013676028873,
      "q" : "3855",
      "p" : "0.09466",
      "s" : "sell",
      "i" : "NEIROETH_USD",
      "m" : "4611686018427780679"
    }, {
      "d" : "1756459241035816020",
      "t" : 1756459241035,
      "tn" : 1756459241035816020,
      "q" : "1038",
      "p" : "0.09457",
      "s" : "buy",
      "i" : "NEIROETH_USD",
      "m" : "4611686018427780678"
    }, {
      "d" : "1756459184201618923",
      "t" : 1756459184201,
      "tn" : 1756459184201618923,
      "q" : "903",
      "p" : "0.09437",
      "s" : "buy",
      "i" : "NEIROETH_USD",
      "m" : "4611686018427780677"
    }, {
      "d" : "1756459184201616920",
      "t" : 1756459184201,
      "tn" : 1756459184201616920,
      "q" : "177",
      "p" : "0.09435",
      "s" : "buy",
      "i" : "NEIROETH_USD",
      "m" : "4611686018427780676"
    }, {
      "d" : "1756458504719630663",
      "t" : 1756458504719,
      "tn" : 1756458504719630663,
      "q" : "81",
      "p" : "0.09399",
      "s" : "buy",
      "i" : "NEIROETH_USD",
      "m" : "4611686018427780675"
    }, {
      "d" : "1756458504719628816",
      "t" : 1756458504719,
      "tn" : 1756458504719628816,
      "q" : "193",
      "p" : "0.09396",
      "s" : "buy",
      "i" : "NEIROETH_USD",
      "m" : "4611686018427780674"
    }, {
      "d" : "1756458324987366116",
      "t" : 1756458324987,
      "tn" : 1756458324987366116,
      "q" : "56",
      "p" : "0.09422",
      "s" : "buy",
      "i" : "NEIROETH_USD",
      "m" : "4611686018427780673"
    }, {
      "d" : "1756458324987363829",
      "t" : 1756458324987,
      "tn" : 1756458324987363829,
      "q" : "192",
      "p" : "0.09418",
      "s" : "buy",
      "i" : "NEIROETH_USD",
      "m" : "4611686018427780672"
    }, {
      "d" : "1756458171040064831",
      "t" : 1756458171040,
      "tn" : 1756458171040064831,
      "q" : "56",
      "p" : "0.09218",
      "s" : "sell",
      "i" : "NEIROETH_USD",
      "m" : "4611686018427780671"
    }, {
      "d" : "1756458152245910299",
      "t" : 1756458152245,
      "tn" : 1756458152245910299,
      "q" : "85",
      "p" : "0.09350",
      "s" : "sell",
      "i" : "NEIROETH_USD",
      "m" : "4611686018427780670"
    }, {
      "d" : "1756457951054497757",
      "t" : 1756457951054,
      "tn" : 1756457951054497757,
      "q" : "523",
      "p" : "0.09500",
      "s" : "sell",
      "i" : "NEIROETH_USD",
      "m" : "4611686018427780669"
    }, {
      "d" : "1756457951052223604",
      "t" : 1756457951052,
      "tn" : 1756457951052223604,
      "q" : "979",
      "p" : "0.09500",
      "s" : "sell",
      "i" : "NEIROETH_USD",
      "m" : "4611686018427780668"
    }, {
      "d" : "1756455078843520632",
      "t" : 1756455078843,
      "tn" : 1756455078843520632,
      "q" : "999",
      "p" : "0.09500",
      "s" : "sell",
      "i" : "NEIROETH_USD",
      "m" : "4611686018427780667"
    }, {
      "d" : "1756454414743834911",
      "t" : 1756454414743,
      "tn" : 1756454414743834911,
      "q" : "154",
      "p" : "0.09555",
      "s" : "sell",
      "i" : "NEIROETH_USD",
      "m" : "4611686018427780666"
    }, {
      "d" : "1756454239327477596",
      "t" : 1756454239327,
      "tn" : 1756454239327477596,
      "q" : "999",
      "p" : "0.09582",
      "s" : "sell",
      "i" : "NEIROETH_USD",
      "m" : "4611686018427780665"
    }, {
      "d" : "1756452407037813808",
      "t" : 1756452407037,
      "tn" : 1756452407037813808,
      "q" : "83",
      "p" : "0.09564",
      "s" : "sell",
      "i" : "NEIROETH_USD",
      "m" : "4611686018427780664"
    }, {
      "d" : "1756451702233416423",
      "t" : 1756451702233,
      "tn" : 1756451702233416423,
      "q" : "1033",
      "p" : "0.09648",
      "s" : "sell",
      "i" : "NEIROETH_USD",
      "m" : "4611686018427780663"
    }, {
      "d" : "1756451575042606390",
      "t" : 1756451575042,
      "tn" : 1756451575042606390,
      "q" : "1038",
      "p" : "0.09604",
      "s" : "sell",
      "i" : "NEIROETH_USD",
      "m" : "4611686018427780662"
    }, {
      "d" : "1756451572035002685",
      "t" : 1756451572035,
      "tn" : 1756451572035002685,
      "q" : "82",
      "p" : "0.09639",
      "s" : "sell",
      "i" : "NEIROETH_USD",
      "m" : "4611686018427780661"
    }, {
      "d" : "1756451571029373804",
      "t" : 1756451571029,
      "tn" : 1756451571029373804,
      "q" : "1037",
      "p" : "0.09744",
      "s" : "sell",
      "i" : "NEIROETH_USD",
      "m" : "4611686018427780660"
    }, {
      "d" : "1756451569248979109",
      "t" : 1756451569248,
      "tn" : 1756451569248979109,
      "q" : "3003",
      "p" : "0.09764",
      "s" : "sell",
      "i" : "NEIROETH_USD",
      "m" : "4611686018427780659"
    }, {
      "d" : "1756451129499664141",
      "t" : 1756451129499,
      "tn" : 1756451129499664141,
      "q" : "995",
      "p" : "0.09855",
      "s" : "sell",
      "i" : "NEIROETH_USD",
      "m" : "4611686018427780658"
    }, {
      "d" : "1756450899365945358",
      "t" : 1756450899365,
      "tn" : 1756450899365945358,
      "q" : "1000",
      "p" : "0.09878",
      "s" : "sell",
      "i" : "NEIROETH_USD",
      "m" : "4611686018427780657"
    }, {
      "d" : "1756450897285560884",
      "t" : 1756450897285,
      "tn" : 1756450897285560884,
      "q" : "854",
      "p" : "0.09885",
      "s" : "sell",
      "i" : "NEIROETH_USD",
      "m" : "4611686018427780656"
    }, {
      "d" : "1756450897285558268",
      "t" : 1756450897285,
      "tn" : 1756450897285558268,
      "q" : "153",
      "p" : "0.09886",
      "s" : "sell",
      "i" : "NEIROETH_USD",
      "m" : "4611686018427780655"
    }, {
      "d" : "1756450061006606791",
      "t" : 1756450061006,
      "tn" : 1756450061006606791,
      "q" : "297",
      "p" : "0.09826",
      "s" : "sell",
      "i" : "NEIROETH_USD",
      "m" : "4611686018427780654"
    }, {
      "d" : "1756450061005271859",
      "t" : 1756450061005,
      "tn" : 1756450061005271859,
      "q" : "183",
      "p" : "0.09849",
      "s" : "sell",
      "i" : "NEIROETH_USD",
      "m" : "4611686018427780653"
    }, {
      "d" : "1756450061002304124",
      "t" : 1756450061002,
      "tn" : 1756450061002304124,
      "q" : "183",
      "p" : "0.09858",
      "s" : "sell",
      "i" : "NEIROETH_USD",
      "m" : "4611686018427780652"
    }, {
      "d" : "1756449453691122255",
      "t" : 1756449453691,
      "tn" : 1756449453691122255,
      "q" : "1031",
      "p" : "0.09857",
      "s" : "sell",
      "i" : "NEIROETH_USD",
      "m" : "4611686018427780651"
    }, {
      "d" : "1756448273925462906",
      "t" : 1756448273925,
      "tn" : 1756448273925462906,
      "q" : "80",
      "p" : "0.09915",
      "s" : "sell",
      "i" : "NEIROETH_USD",
      "m" : "4611686018427780650"
    }, {
      "d" : "1756448273925395678",
      "t" : 1756448273925,
      "tn" : 1756448273925395678,
      "q" : "80",
      "p" : "0.09926",
      "s" : "sell",
      "i" : "NEIROETH_USD",
      "m" : "4611686018427780649"
    }, {
      "d" : "1756447204313617738",
      "t" : 1756447204313,
      "tn" : 1756447204313617738,
      "q" : "824",
      "p" : "0.09990",
      "s" : "sell",
      "i" : "NEIROETH_USD",
      "m" : "4611686018427780648"
    }, {
      "d" : "1756446313063866831",
      "t" : 1756446313063,
      "tn" : 1756446313063866831,
      "q" : "910",
      "p" : "0.09979",
      "s" : "sell",
      "i" : "NEIROETH_USD",
      "m" : "4611686018427780647"
    }, {
      "d" : "1756443278801827322",
      "t" : 1756443278801,
      "tn" : 1756443278801827322,
      "q" : "1941",
      "p" : "0.10005",
      "s" : "sell",
      "i" : "NEIROETH_USD",
      "m" : "4611686018427780646"
    }, {
      "d" : "1756440761802809431",
      "t" : 1756440761802,
      "tn" : 1756440761802809431,
      "q" : "890",
      "p" : "0.10001",
      "s" : "sell",
      "i" : "NEIROETH_USD",
      "m" : "4611686018427780645"
    }, {
      "d" : "1756440406798309860",
      "t" : 1756440406798,
      "tn" : 1756440406798309860,
      "q" : "120",
      "p" : "0.09984",
      "s" : "sell",
      "i" : "NEIROETH_USD",
      "m" : "4611686018427780644"
    }, {
      "d" : "1756439122676138505",
      "t" : 1756439122676,
      "tn" : 1756439122676138505,
      "q" : "3003",
      "p" : "0.10009",
      "s" : "sell",
      "i" : "NEIROETH_USD",
      "m" : "4611686018427780643"
    }, {
      "d" : "1756438488699979856",
      "t" : 1756438488699,
      "tn" : 1756438488699979856,
      "q" : "1000",
      "p" : "0.09990",
      "s" : "buy",
      "i" : "NEIROETH_USD",
      "m" : "4611686018427780642"
    }, {
      "d" : "1756438469878678425",
      "t" : 1756438469878,
      "tn" : 1756438469878678425,
      "q" : "3414",
      "p" : "0.09993",
      "s" : "buy",
      "i" : "NEIROETH_USD",
      "m" : "4611686018427780641"
    }, {
      "d" : "1756438469878675974",
      "t" : 1756438469878,
      "tn" : 1756438469878675974,
      "q" : "3587",
      "p" : "0.09992",
      "s" : "buy",
      "i" : "NEIROETH_USD",
      "m" : "4611686018427780640"
    }, {
      "d" : "1756438395882799679",
      "t" : 1756438395882,
      "tn" : 1756438395882799679,
      "q" : "895",
      "p" : "0.10320",
      "s" : "buy",
      "i" : "NEIROETH_USD",
      "m" : "4611686018427780639"
    }, {
      "d" : "1756438395882797696",
      "t" : 1756438395882,
      "tn" : 1756438395882797696,
      "q" : "80",
      "p" : "0.10267",
      "s" : "buy",
      "i" : "NEIROETH_USD",
      "m" : "4611686018427780638"
    }, {
      "d" : "1756438395882795233",
      "t" : 1756438395882,
      "tn" : 1756438395882795231,
      "q" : "10980",
      "p" : "0.10260",
      "s" : "buy",
      "i" : "NEIROETH_USD",
      "m" : "4611686018427780637"
    }, {
      "d" : "1756438395882795232",
      "t" : 1756438395882,
      "tn" : 1756438395882795231,
      "q" : "9915",
      "p" : "0.10260",
      "s" : "buy",
      "i" : "NEIROETH_USD",
      "m" : "4611686018427780637"
    }, {
      "d" : "1756438395882795231",
      "t" : 1756438395882,
      "tn" : 1756438395882795231,
      "q" : "5223",
      "p" : "0.10260",
      "s" : "buy",
      "i" : "NEIROETH_USD",
      "m" : "4611686018427780637"
    }, {
      "d" : "1756438395882790702",
      "t" : 1756438395882,
      "tn" : 1756438395882790702,
      "q" : "80",
      "p" : "0.10215",
      "s" : "buy",
      "i" : "NEIROETH_USD",
      "m" : "4611686018427780636"
    }, {
      "d" : "1756438395882787961",
      "t" : 1756438395882,
      "tn" : 1756438395882787959,
      "q" : "10980",
      "p" : "0.10200",
      "s" : "buy",
      "i" : "NEIROETH_USD",
      "m" : "4611686018427780635"
    }, {
      "d" : "1756438395882787960",
      "t" : 1756438395882,
      "tn" : 1756438395882787959,
      "q" : "9915",
      "p" : "0.10200",
      "s" : "buy",
      "i" : "NEIROETH_USD",
      "m" : "4611686018427780635"
    }, {
      "d" : "1756438395882787959",
      "t" : 1756438395882,
      "tn" : 1756438395882787959,
      "q" : "5223",
      "p" : "0.10200",
      "s" : "buy",
      "i" : "NEIROETH_USD",
      "m" : "4611686018427780635"
    }, {
      "d" : "1756438395882784120",
      "t" : 1756438395882,
      "tn" : 1756438395882784120,
      "q" : "8019",
      "p" : "0.10152",
      "s" : "buy",
      "i" : "NEIROETH_USD",
      "m" : "4611686018427780634"
    }, {
      "d" : "1756438395882780005",
      "t" : 1756438395882,
      "tn" : 1756438395882780004,
      "q" : "9915",
      "p" : "0.10140",
      "s" : "buy",
      "i" : "NEIROETH_USD",
      "m" : "4611686018427780633"
    }, {
      "d" : "1756438395882780004",
      "t" : 1756438395882,
      "tn" : 1756438395882780004,
      "q" : "5223",
      "p" : "0.10140",
      "s" : "buy",
      "i" : "NEIROETH_USD",
      "m" : "4611686018427780633"
    }, {
      "d" : "1756438395882775948",
      "t" : 1756438395882,
      "tn" : 1756438395882775948,
      "q" : "6689",
      "p" : "0.10098",
      "s" : "buy",
      "i" : "NEIROETH_USD",
      "m" : "4611686018427780632"
    }, {
      "d" : "1756438395882773582",
      "t" : 1756438395882,
      "tn" : 1756438395882773582,
      "q" : "5223",
      "p" : "0.10080",
      "s" : "buy",
      "i" : "NEIROETH_USD",
      "m" : "4611686018427780631"
    }, {
      "d" : "1756438395882771233",
      "t" : 1756438395882,
      "tn" : 1756438395882771233,
      "q" : "9011",
      "p" : "0.10060",
      "s" : "buy",
      "i" : "NEIROETH_USD",
      "m" : "4611686018427780630"
    }, {
      "d" : "1756438395882768583",
      "t" : 1756438395882,
      "tn" : 1756438395882768583,
      "q" : "6689",
      "p" : "0.10044",
      "s" : "buy",
      "i" : "NEIROETH_USD",
      "m" : "4611686018427780629"
    }, {
      "d" : "1756438395882768085",
      "t" : 1756438395882,
      "tn" : 1756438395882768085,
      "q" : "7045",
      "p" : "0.10014",
      "s" : "buy",
      "i" : "NEIROETH_USD",
      "m" : "4611686018427780628"
    }, {
      "d" : "1756438395882763640",
      "t" : 1756438395882,
      "tn" : 1756438395882763640,
      "q" : "4980",
      "p" : "0.09993",
      "s" : "buy",
      "i" : "NEIROETH_USD",
      "m" : "4611686018427780627"
    }, {
      "d" : "1756438395882761385",
      "t" : 1756438395882,
      "tn" : 1756438395882761384,
      "q" : "16902",
      "p" : "0.09983",
      "s" : "buy",
      "i" : "NEIROETH_USD",
      "m" : "4611686018427780626"
    }, {
      "d" : "1756438395882761384",
      "t" : 1756438395882,
      "tn" : 1756438395882761384,
      "q" : "3003",
      "p" : "0.09983",
      "s" : "buy",
      "i" : "NEIROETH_USD",
      "m" : "4611686018427780626"
    }, {
      "d" : "1756438395882757571",
      "t" : 1756438395882,
      "tn" : 1756438395882757571,
      "q" : "3003",
      "p" : "0.09973",
      "s" : "buy",
      "i" : "NEIROETH_USD",
      "m" : "4611686018427780625"
    }, {
      "d" : "1756438395882754666",
      "t" : 1756438395882,
      "tn" : 1756438395882754666,
      "q" : "3003",
      "p" : "0.09963",
      "s" : "buy",
      "i" : "NEIROETH_USD",
      "m" : "4611686018427780624"
    }, {
      "d" : "1756438395882751794",
      "t" : 1756438395882,
      "tn" : 1756438395882751794,
      "q" : "14486",
      "p" : "0.09959",
      "s" : "buy",
      "i" : "NEIROETH_USD",
      "m" : "4611686018427780623"
    }, {
      "d" : "1756438395882748769",
      "t" : 1756438395882,
      "tn" : 1756438395882748769,
      "q" : "3518",
      "p" : "0.09954",
      "s" : "buy",
      "i" : "NEIROETH_USD",
      "m" : "4611686018427780622"
    }, {
      "d" : "1756433655200272893",
      "t" : 1756433655200,
      "tn" : 1756433655200272893,
      "q" : "1001",
      "p" : "0.09992",
      "s" : "buy",
      "i" : "NEIROETH_USD",
      "m" : "4611686018427780621"
    }, {
      "d" : "1756433611220670792",
      "t" : 1756433611220,
      "tn" : 1756433611220670792,
      "q" : "639",
      "p" : "0.09961",
      "s" : "buy",
      "i" : "NEIROETH_USD",
      "m" : "4611686018427780620"
    }, {
      "d" : "1756433611208801626",
      "t" : 1756433611208,
      "tn" : 1756433611208801626,
      "q" : "365",
      "p" : "0.09961",
      "s" : "buy",
      "i" : "NEIROETH_USD",
      "m" : "4611686018427780619"
    }, {
      "d" : "1756433606679282108",
      "t" : 1756433606679,
      "tn" : 1756433606679282108,
      "q" : "430",
      "p" : "0.09953",
      "s" : "buy",
      "i" : "NEIROETH_USD",
      "m" : "4611686018427780618"
    }, {
      "d" : "1756432907585906886",
      "t" : 1756432907585,
      "tn" : 1756432907585906886,
      "q" : "1012",
      "p" : "0.09880",
      "s" : "buy",
      "i" : "NEIROETH_USD",
      "m" : "4611686018427780617"
    }, {
      "d" : "1756431014172117194",
      "t" : 1756431014172,
      "tn" : 1756431014172117194,
      "q" : "1300",
      "p" : "0.09824",
      "s" : "buy",
      "i" : "NEIROETH_USD",
      "m" : "4611686018427780616"
    }, {
      "d" : "1756431013806329077",
      "t" : 1756431013806,
      "tn" : 1756431013806329077,
      "q" : "999",
      "p" : "0.09821",
      "s" : "buy",
      "i" : "NEIROETH_USD",
      "m" : "4611686018427780615"
    }, {
      "d" : "1756430606844668370",
      "t" : 1756430606844,
      "tn" : 1756430606844668370,
      "q" : "2766",
      "p" : "0.09800",
      "s" : "sell",
      "i" : "NEIROETH_USD",
      "m" : "4611686018427780614"
    }, {
      "d" : "1756430540061027190",
      "t" : 1756430540061,
      "tn" : 1756430540061027190,
      "q" : "6854",
      "p" : "0.09800",
      "s" : "sell",
      "i" : "NEIROETH_USD",
      "m" : "4611686018427780613"
    }, {
      "d" : "1756430477154850130",
      "t" : 1756430477154,
      "tn" : 1756430477154850130,
      "q" : "990",
      "p" : "0.09800",
      "s" : "sell",
      "i" : "NEIROETH_USD",
      "m" : "4611686018427780612"
    }, {
      "d" : "1756430477154128425",
      "t" : 1756430477154,
      "tn" : 1756430477154128425,
      "q" : "2958",
      "p" : "0.09800",
      "s" : "sell",
      "i" : "NEIROETH_USD",
      "m" : "4611686018427780611"
    }, {
      "d" : "1756430477144860521",
      "t" : 1756430477144,
      "tn" : 1756430477144860521,
      "q" : "648",
      "p" : "0.09821",
      "s" : "sell",
      "i" : "NEIROETH_USD",
      "m" : "4611686018427780610"
    }, {
      "d" : "1756430477144792716",
      "t" : 1756430477144,
      "tn" : 1756430477144792716,
      "q" : "4310",
      "p" : "0.09821",
      "s" : "sell",
      "i" : "NEIROETH_USD",
      "m" : "4611686018427780609"
    }, {
      "d" : "1756430164481220240",
      "t" : 1756430164481,
      "tn" : 1756430164481220240,
      "q" : "999",
      "p" : "0.09895",
      "s" : "buy",
      "i" : "NEIROETH_USD",
      "m" : "4611686018427780608"
    }, {
      "d" : "1756428904854825800",
      "t" : 1756428904854,
      "tn" : 1756428904854825800,
      "q" : "1272",
      "p" : "0.09893",
      "s" : "sell",
      "i" : "NEIROETH_USD",
      "m" : "4611686018427780607"
    }, {
      "d" : "1756428904854823585",
      "t" : 1756428904854,
      "tn" : 1756428904854823584,
      "q" : "3003",
      "p" : "0.09894",
      "s" : "sell",
      "i" : "NEIROETH_USD",
      "m" : "4611686018427780606"
    }, {
      "d" : "1756428904854823584",
      "t" : 1756428904854,
      "tn" : 1756428904854823584,
      "q" : "3613",
      "p" : "0.09894",
      "s" : "sell",
      "i" : "NEIROETH_USD",
      "m" : "4611686018427780606"
    }, {
      "d" : "1756428904854818690",
      "t" : 1756428904854,
      "tn" : 1756428904854818690,
      "q" : "986",
      "p" : "0.09895",
      "s" : "sell",
      "i" : "NEIROETH_USD",
      "m" : "4611686018427780605"
    }, {
      "d" : "1756428610841133438",
      "t" : 1756428610841,
      "tn" : 1756428610841133438,
      "q" : "1004",
      "p" : "0.09962",
      "s" : "buy",
      "i" : "NEIROETH_USD",
      "m" : "4611686018427780604"
    }, {
      "d" : "1756428445791528357",
      "t" : 1756428445791,
      "tn" : 1756428445791528357,
      "q" : "1007",
      "p" : "0.09927",
      "s" : "buy",
      "i" : "NEIROETH_USD",
      "m" : "4611686018427780603"
    }, {
      "d" : "1756428251585298749",
      "t" : 1756428251585,
      "tn" : 1756428251585298749,
      "q" : "126",
      "p" : "0.09877",
      "s" : "buy",
      "i" : "NEIROETH_USD",
      "m" : "4611686018427780602"
    }, {
      "d" : "1756427373296354239",
      "t" : 1756427373296,
      "tn" : 1756427373296354239,
      "q" : "1000",
      "p" : "0.09937",
      "s" : "buy",
      "i" : "NEIROETH_USD",
      "m" : "4611686018427780601"
    }, {
      "d" : "1756427373248672244",
      "t" : 1756427373248,
      "tn" : 1756427373248672244,
      "q" : "1062",
      "p" : "0.09930",
      "s" : "buy",
      "i" : "NEIROETH_USD",
      "m" : "4611686018427780600"
    }, {
      "d" : "1756426296077338462",
      "t" : 1756426296077,
      "tn" : 1756426296077338462,
      "q" : "954",
      "p" : "0.09897",
      "s" : "buy",
      "i" : "NEIROETH_USD",
      "m" : "4611686018427780599"
    }, {
      "d" : "1756425784409117934",
      "t" : 1756425784409,
      "tn" : 1756425784409117934,
      "q" : "1007",
      "p" : "0.09923",
      "s" : "buy",
      "i" : "NEIROETH_USD",
      "m" : "4611686018427780598"
    }, {
      "d" : "1756425345768170018",
      "t" : 1756425345768,
      "tn" : 1756425345768170018,
      "q" : "1004",
      "p" : "0.09955",
      "s" : "buy",
      "i" : "NEIROETH_USD",
      "m" : "4611686018427780597"
    }, {
      "d" : "1756424673782311916",
      "t" : 1756424673782,
      "tn" : 1756424673782311916,
      "q" : "1005",
      "p" : "0.09950",
      "s" : "buy",
      "i" : "NEIROETH_USD",
      "m" : "4611686018427780596"
    }, {
      "d" : "1756422955280159071",
      "t" : 1756422955280,
      "tn" : 1756422955280159071,
      "q" : "879",
      "p" : "0.10023",
      "s" : "buy",
      "i" : "NEIROETH_USD",
      "m" : "4611686018427780595"
    }, {
      "d" : "1756415955082969700",
      "t" : 1756415955082,
      "tn" : 1756415955082969700,
      "q" : "1010",
      "p" : "0.09903",
      "s" : "buy",
      "i" : "NEIROETH_USD",
      "m" : "4611686018427780594"
    }, {
      "d" : "1756413713779930657",
      "t" : 1756413713779,
      "tn" : 1756413713779930657,
      "q" : "1011",
      "p" : "0.09890",
      "s" : "buy",
      "i" : "NEIROETH_USD",
      "m" : "4611686018427780593"
    }, {
      "d" : "1756413037199320656",
      "t" : 1756413037199,
      "tn" : 1756413037199320656,
      "q" : "1014",
      "p" : "0.09870",
      "s" : "buy",
      "i" : "NEIROETH_USD",
      "m" : "4611686018427780592"
    }, {
      "d" : "1756410904984343908",
      "t" : 1756410904984,
      "tn" : 1756410904984343908,
      "q" : "2444",
      "p" : "0.09865",
      "s" : "buy",
      "i" : "NEIROETH_USD",
      "m" : "4611686018427780591"
    }, {
      "d" : "1756405873752280602",
      "t" : 1756405873752,
      "tn" : 1756405873752280602,
      "q" : "978",
      "p" : "0.10013",
      "s" : "buy",
      "i" : "NEIROETH_USD",
      "m" : "4611686018427780590"
    }, {
      "d" : "1756401836345266790",
      "t" : 1756401836345,
      "tn" : 1756401836345266790,
      "q" : "1005",
      "p" : "0.09949",
      "s" : "buy",
      "i" : "NEIROETH_USD",
      "m" : "4611686018427780589"
    }, {
      "d" : "1756401769348825565",
      "t" : 1756401769348,
      "tn" : 1756401769348825565,
      "q" : "2564",
      "p" : "0.09944",
      "s" : "buy",
      "i" : "NEIROETH_USD",
      "m" : "4611686018427780588"
    }, {
      "d" : "1756401769341646301",
      "t" : 1756401769341,
      "tn" : 1756401769341646301,
      "q" : "217",
      "p" : "0.09944",
      "s" : "buy",
      "i" : "NEIROETH_USD",
      "m" : "4611686018427780587"
    }, {
      "d" : "1756401769341645530",
      "t" : 1756401769341,
      "tn" : 1756401769341645530,
      "q" : "1999",
      "p" : "0.09941",
      "s" : "buy",
      "i" : "NEIROETH_USD",
      "m" : "4611686018427780586"
    }, {
      "d" : "1756401769303019780",
      "t" : 1756401769303,
      "tn" : 1756401769303019780,
      "q" : "1004",
      "p" : "0.09941",
      "s" : "buy",
      "i" : "NEIROETH_USD",
      "m" : "4611686018427780585"
    }, {
      "d" : "1756401634239180430",
      "t" : 1756401634239,
      "tn" : 1756401634239180430,
      "q" : "402",
      "p" : "0.09893",
      "s" : "sell",
      "i" : "NEIROETH_USD",
      "m" : "4611686018427780584"
    }, {
      "d" : "1756401462166990167",
      "t" : 1756401462166,
      "tn" : 1756401462166990167,
      "q" : "5064",
      "p" : "0.09883",
      "s" : "sell",
      "i" : "NEIROETH_USD",
      "m" : "4611686018427780583"
    }, {
      "d" : "1756400028681147766",
      "t" : 1756400028681,
      "tn" : 1756400028681147766,
      "q" : "986",
      "p" : "0.09926",
      "s" : "buy",
      "i" : "NEIROETH_USD",
      "m" : "4611686018427780582"
    }, {
      "d" : "1756400020387683693",
      "t" : 1756400020387,
      "tn" : 1756400020387683693,
      "q" : "1009",
      "p" : "0.09900",
      "s" : "sell",
      "i" : "NEIROETH_USD",
      "m" : "4611686018427780581"
    }, {
      "d" : "1756398924429064361",
      "t" : 1756398924429,
      "tn" : 1756398924429064361,
      "q" : "1005",
      "p" : "0.09951",
      "s" : "buy",
      "i" : "NEIROETH_USD",
      "m" : "4611686018427780580"
    }, {
      "d" : "1756398491247852783",
      "t" : 1756398491247,
      "tn" : 1756398491247852783,
      "q" : "289",
      "p" : "0.09975",
      "s" : "buy",
      "i" : "NEIROETH_USD",
      "m" : "4611686018427780579"
    }, {
      "d" : "1756398491247851010",
      "t" : 1756398491247,
      "tn" : 1756398491247851010,
      "q" : "714",
      "p" : "0.09974",
      "s" : "buy",
      "i" : "NEIROETH_USD",
      "m" : "4611686018427780578"
    }, {
      "d" : "1756397507899912557",
      "t" : 1756397507899,
      "tn" : 1756397507899912556,
      "q" : "495",
      "p" : "0.09970",
      "s" : "buy",
      "i" : "NEIROETH_USD",
      "m" : "4611686018427780577"
    }, {
      "d" : "1756397507899912556",
      "t" : 1756397507899,
      "tn" : 1756397507899912556,
      "q" : "525",
      "p" : "0.09970",
      "s" : "buy",
      "i" : "NEIROETH_USD",
      "m" : "4611686018427780577"
    }, {
      "d" : "1756396510411515236",
      "t" : 1756396510411,
      "tn" : 1756396510411515236,
      "q" : "1026",
      "p" : "0.09937",
      "s" : "buy",
      "i" : "NEIROETH_USD",
      "m" : "4611686018427780576"
    }, {
      "d" : "1756396123232846814",
      "t" : 1756396123232,
      "tn" : 1756396123232846814,
      "q" : "985",
      "p" : "0.09946",
      "s" : "buy",
      "i" : "NEIROETH_USD",
      "m" : "4611686018427780575"
    }, {
      "d" : "1756395604320718124",
      "t" : 1756395604320,
      "tn" : 1756395604320718124,
      "q" : "1007",
      "p" : "0.09921",
      "s" : "buy",
      "i" : "NEIROETH_USD",
      "m" : "4611686018427780574"
    }, {
      "d" : "1756395603978091617",
      "t" : 1756395603978,
      "tn" : 1756395603978091617,
      "q" : "1009",
      "p" : "0.09921",
      "s" : "buy",
      "i" : "NEIROETH_USD",
      "m" : "4611686018427780573"
    }, {
      "d" : "1756395603896037390",
      "t" : 1756395603896,
      "tn" : 1756395603896037390,
      "q" : "728",
      "p" : "0.09921",
      "s" : "buy",
      "i" : "NEIROETH_USD",
      "m" : "4611686018427780572"
    }, {
      "d" : "1756395603895804123",
      "t" : 1756395603895,
      "tn" : 1756395603895804123,
      "q" : "2540",
      "p" : "0.09921",
      "s" : "buy",
      "i" : "NEIROETH_USD",
      "m" : "4611686018427780571"
    }, {
      "d" : "1756395602428243088",
      "t" : 1756395602428,
      "tn" : 1756395602428243088,
      "q" : "3610",
      "p" : "0.09921",
      "s" : "buy",
      "i" : "NEIROETH_USD",
      "m" : "4611686018427780570"
    }, {
      "d" : "1756395602428222148",
      "t" : 1756395602428,
      "tn" : 1756395602428222148,
      "q" : "4230",
      "p" : "0.09921",
      "s" : "buy",
      "i" : "NEIROETH_USD",
      "m" : "4611686018427780569"
    }, {
      "d" : "1756395602428103639",
      "t" : 1756395602428,
      "tn" : 1756395602428103639,
      "q" : "3236",
      "p" : "0.09921",
      "s" : "buy",
      "i" : "NEIROETH_USD",
      "m" : "4611686018427780568"
    }, {
      "d" : "1756395602418538383",
      "t" : 1756395602418,
      "tn" : 1756395602418538383,
      "q" : "3715",
      "p" : "0.09921",
      "s" : "sell",
      "i" : "NEIROETH_USD",
      "m" : "4611686018427780567"
    }, {
      "d" : "1756395602418535465",
      "t" : 1756395602418,
      "tn" : 1756395602418535465,
      "q" : "14483",
      "p" : "0.09922",
      "s" : "sell",
      "i" : "NEIROETH_USD",
      "m" : "4611686018427780566"
    }, {
      "d" : "1756395602418532867",
      "t" : 1756395602418,
      "tn" : 1756395602418532867,
      "q" : "4345",
      "p" : "0.09923",
      "s" : "sell",
      "i" : "NEIROETH_USD",
      "m" : "4611686018427780565"
    }, {
      "d" : "1756394927206407368",
      "t" : 1756394927206,
      "tn" : 1756394927206407368,
      "q" : "225",
      "p" : "0.09975",
      "s" : "sell",
      "i" : "NEIROETH_USD",
      "m" : "4611686018427780564"
    }, {
      "d" : "1756394830721193569",
      "t" : 1756394830721,
      "tn" : 1756394830721193569,
      "q" : "25",
      "p" : "0.09977",
      "s" : "sell",
      "i" : "NEIROETH_USD",
      "m" : "4611686018427780563"
    }, {
      "d" : "1756394255001079406",
      "t" : 1756394255001,
      "tn" : 1756394255001079406,
      "q" : "960",
      "p" : "0.10093",
      "s" : "buy",
      "i" : "NEIROETH_USD",
      "m" : "4611686018427780562"
    }, {
      "d" : "1756392009563100469",
      "t" : 1756392009563,
      "tn" : 1756392009563100469,
      "q" : "499",
      "p" : "0.10033",
      "s" : "buy",
      "i" : "NEIROETH_USD",
      "m" : "4611686018427780561"
    }, {
      "d" : "1756391207533428149",
      "t" : 1756391207533,
      "tn" : 1756391207533428149,
      "q" : "991",
      "p" : "0.09989",
      "s" : "sell",
      "i" : "NEIROETH_USD",
      "m" : "4611686018427780560"
    }, {
      "d" : "1756389941748604768",
      "t" : 1756389941748,
      "tn" : 1756389941748604768,
      "q" : "561",
      "p" : "0.10091",
      "s" : "buy",
      "i" : "NEIROETH_USD",
      "m" : "4611686018427780559"
    }, {
      "d" : "1756388061167966746",
      "t" : 1756388061167,
      "tn" : 1756388061167966746,
      "q" : "2607",
      "p" : "0.10077",
      "s" : "buy",
      "i" : "NEIROETH_USD",
      "m" : "4611686018427780558"
    }, {
      "d" : "1756387042138973195",
      "t" : 1756387042138,
      "tn" : 1756387042138973195,
      "q" : "1362",
      "p" : "0.10018",
      "s" : "sell",
      "i" : "NEIROETH_USD",
      "m" : "4611686018427780557"
    }, {
      "d" : "1756385422508510064",
      "t" : 1756385422508,
      "tn" : 1756385422508510064,
      "q" : "5450",
      "p" : "0.10095",
      "s" : "buy",
      "i" : "NEIROETH_USD",
      "m" : "4611686018427780556"
    }, {
      "d" : "1756385422442508141",
      "t" : 1756385422442,
      "tn" : 1756385422442508141,
      "q" : "1957",
      "p" : "0.10095",
      "s" : "buy",
      "i" : "NEIROETH_USD",
      "m" : "4611686018427780555"
    }, {
      "d" : "1756384886485917378",
      "t" : 1756384886485,
      "tn" : 1756384886485917378,
      "q" : "372",
      "p" : "0.10076",
      "s" : "buy",
      "i" : "NEIROETH_USD",
      "m" : "4611686018427780554"
    }, {
      "d" : "1756384860133601304",
      "t" : 1756384860133,
      "tn" : 1756384860133601304,
      "q" : "668",
      "p" : "0.10076",
      "s" : "buy",
      "i" : "NEIROETH_USD",
      "m" : "4611686018427780553"
    }, {
      "d" : "1756384853550377064",
      "t" : 1756384853550,
      "tn" : 1756384853550377064,
      "q" : "3802",
      "p" : "0.10076",
      "s" : "buy",
      "i" : "NEIROETH_USD",
      "m" : "4611686018427780552"
    }, {
      "d" : "1756384704286608369",
      "t" : 1756384704286,
      "tn" : 1756384704286608369,
      "q" : "99",
      "p" : "0.10060",
      "s" : "buy",
      "i" : "NEIROETH_USD",
      "m" : "4611686018427780551"
    }, {
      "d" : "1756384490450542462",
      "t" : 1756384490450,
      "tn" : 1756384490450542462,
      "q" : "501",
      "p" : "0.10076",
      "s" : "buy",
      "i" : "NEIROETH_USD",
      "m" : "4611686018427780550"
    }, {
      "d" : "1756384485229182084",
      "t" : 1756384485229,
      "tn" : 1756384485229182084,
      "q" : "1002",
      "p" : "0.10076",
      "s" : "buy",
      "i" : "NEIROETH_USD",
      "m" : "4611686018427780549"
    }, {
      "d" : "1756384481911488427",
      "t" : 1756384481911,
      "tn" : 1756384481911488427,
      "q" : "2996",
      "p" : "0.10076",
      "s" : "buy",
      "i" : "NEIROETH_USD",
      "m" : "4611686018427780548"
    }, {
      "d" : "1756384480165122711",
      "t" : 1756384480165,
      "tn" : 1756384480165122711,
      "q" : "672",
      "p" : "0.10076",
      "s" : "buy",
      "i" : "NEIROETH_USD",
      "m" : "4611686018427780547"
    }, {
      "d" : "1756378829521104891",
      "t" : 1756378829521,
      "tn" : 1756378829521104891,
      "q" : "977",
      "p" : "0.10021",
      "s" : "sell",
      "i" : "NEIROETH_USD",
      "m" : "4611686018427780546"
    }, {
      "d" : "1756378829520548796",
      "t" : 1756378829520,
      "tn" : 1756378829520548796,
      "q" : "998",
      "p" : "0.10021",
      "s" : "sell",
      "i" : "NEIROETH_USD",
      "m" : "4611686018427780545"
    }, {
      "d" : "1756378829518121406",
      "t" : 1756378829518,
      "tn" : 1756378829518121406,
      "q" : "3045",
      "p" : "0.10033",
      "s" : "sell",
      "i" : "NEIROETH_USD",
      "m" : "4611686018427780544"
    } ]
  }
}