{
  "id" : -1,
  "method" : "public/get-trades",
  "code" : 0,
  "result" : {
    "data" : [ {
      "d" : "1756458324990008801",
      "t" : 1756458324990,
      "tn" : 1756458324990008801,
      "q" : "800",
      "p" : "0.09422",
      "s" : "buy",
      "i" : "NEIROETHUSD-PERP",
      "m" : "4611686018427722476"
    }, {
      "d" : "1756458324989148574",
      "t" : 1756458324989,
      "tn" : 1756458324989148574,
      "q" : "10",
      "p" : "0.09408",
      "s" : "buy",
      "i" : "NEIROETHUSD-PERP",
      "m" : "4611686018427722475"
    }, {
      "d" : "1756452407039469259",
      "t" : 1756452407039,
      "tn" : 1756452407039469259,
      "q" : "430",
      "p" : "0.09548",
      "s" : "sell",
      "i" : "NEIROETHUSD-PERP",
      "m" : "4611686018427722474"
    }, {
      "d" : "1756452407039467345",
      "t" : 1756452407039,
      "tn" : 1756452407039467345,
      "q" : "520",
      "p" : "0.09550",
      "s" : "sell",
      "i" : "NEIROETHUSD-PERP",
      "m" : "4611686018427722473"
    }, {
      "d" : "1756452407038610268",
      "t" : 1756452407038,
      "tn" : 1756452407038610268,
      "q" : "10",
      "p" : "0.09572",
      "s" : "sell",
      "i" : "NEIROETHUSD-PERP",
      "m" : "4611686018427722472"
    }, {
      "d" : "1756451575041784790",
      "t" : 1756451575041,
      "tn" : 1756451575041784790,
      "q" : "1020",
      "p" : "0.09595",
      "s" : "sell",
      "i" : "NEIROETHUSD-PERP",
      "m" : "4611686018427722471"
    }, {
      "d" : "1756451575037771555",
      "t" : 1756451575037,
      "tn" : 1756451575037771555,
      "q" : "10",
      "p" : "0.09641",
      "s" : "sell",
      "i" : "NEIROETHUSD-PERP",
      "m" : "4611686018427722470"
    }, {
      "d" : "1756451575037769493",
      "t" : 1756451575037,
      "tn" : 1756451575037769493,
      "q" : "10",
      "p" : "0.09646",
      "s" : "sell",
      "i" : "NEIROETHUSD-PERP",
      "m" : "4611686018427722469"
    }, {
      "d" : "1756451573912680760",
      "t" : 1756451573912,
      "tn" : 1756451573912680760,
      "q" : "500",
      "p" : "0.09658",
      "s" : "buy",
      "i" : "NEIROETHUSD-PERP",
      "m" : "4611686018427722468"
    }, {
      "d" : "1756451573033806012",
      "t" : 1756451573033,
      "tn" : 1756451573033806012,
      "q" : "10",
      "p" : "0.09638",
      "s" : "sell",
      "i" : "NEIROETHUSD-PERP",
      "m" : "4611686018427722467"
    }, {
      "d" : "1756451573033804399",
      "t" : 1756451573033,
      "tn" : 1756451573033804399,
      "q" : "10",
      "p" : "0.09643",
      "s" : "sell",
      "i" : "NEIROETHUSD-PERP",
      "m" : "4611686018427722466"
    }, {
      "d" : "1756451572032534405",
      "t" : 1756451572032,
      "tn" : 1756451572032534405,
      "q" : "10",
      "p" : "0.09651",
      "s" : "sell",
      "i" : "NEIROETHUSD-PERP",
      "m" : "4611686018427722465"
    }, {
      "d" : "1756451572032532146",
      "t" : 1756451572032,
      "tn" : 1756451572032532146,
      "q" : "10",
      "p" : "0.09656",
      "s" : "sell",
      "i" : "NEIROETHUSD-PERP",
      "m" : "4611686018427722464"
    }, {
      "d" : "1756451571050658256",
      "t" : 1756451571050,
      "tn" : 1756451571050658256,
      "q" : "3580",
      "p" : "0.09688",
      "s" : "sell",
      "i" : "NEIROETHUSD-PERP",
      "m" : "4611686018427722463"
    }, {
      "d" : "1756451571050556240",
      "t" : 1756451571050,
      "tn" : 1756451571050556240,
      "q" : "330",
      "p" : "0.09688",
      "s" : "sell",
      "i" : "NEIROETHUSD-PERP",
      "m" : "4611686018427722462"
    }, {
      "d" : "1756451571048705035",
      "t" : 1756451571048,
      "tn" : 1756451571048705035,
      "q" : "170",
      "p" : "0.09688",
      "s" : "sell",
      "i" : "NEIROETHUSD-PERP",
      "m" : "4611686018427722461"
    }, {
      "d" : "1756451571032038751",
      "t" : 1756451571032,
      "tn" : 1756451571032038751,
      "q" : "4810",
      "p" : "0.09688",
      "s" : "sell",
      "i" : "NEIROETHUSD-PERP",
      "m" : "4611686018427722460"
    }, {
      "d" : "1756451571031212208",
      "t" : 1756451571031,
      "tn" : 1756451571031212208,
      "q" : "20",
      "p" : "0.09707",
      "s" : "sell",
      "i" : "NEIROETHUSD-PERP",
      "m" : "4611686018427722459"
    }, {
      "d" : "1756451571029615994",
      "t" : 1756451571029,
      "tn" : 1756451571029615994,
      "q" : "370",
      "p" : "0.09726",
      "s" : "sell",
      "i" : "NEIROETHUSD-PERP",
      "m" : "4611686018427722458"
    }, {
      "d" : "1756451571027666306",
      "t" : 1756451571027,
      "tn" : 1756451571027666306,
      "q" : "510",
      "p" : "0.09730",
      "s" : "sell",
      "i" : "NEIROETHUSD-PERP",
      "m" : "4611686018427722457"
    }, {
      "d" : "1756451571027664499",
      "t" : 1756451571027,
      "tn" : 1756451571027664499,
      "q" : "510",
      "p" : "0.09732",
      "s" : "sell",
      "i" : "NEIROETHUSD-PERP",
      "m" : "4611686018427722456"
    }, {
      "d" : "1756451571027662040",
      "t" : 1756451571027,
      "tn" : 1756451571027662040,
      "q" : "670",
      "p" : "0.09737",
      "s" : "sell",
      "i" : "NEIROETHUSD-PERP",
      "m" : "4611686018427722455"
    }, {
      "d" : "1756451571027601710",
      "t" : 1756451571027,
      "tn" : 1756451571027601710,
      "q" : "2340",
      "p" : "0.09737",
      "s" : "sell",
      "i" : "NEIROETHUSD-PERP",
      "m" : "4611686018427722454"
    }, {
      "d" : "1756451231399079860",
      "t" : 1756451231399,
      "tn" : 1756451231399079860,
      "q" : "140",
      "p" : "0.09838",
      "s" : "sell",
      "i" : "NEIROETHUSD-PERP",
      "m" : "4611686018427722453"
    }, {
      "d" : "1756451231399077820",
      "t" : 1756451231399,
      "tn" : 1756451231399077820,
      "q" : "10",
      "p" : "0.09844",
      "s" : "sell",
      "i" : "NEIROETHUSD-PERP",
      "m" : "4611686018427722452"
    }, {
      "d" : "1756451231399076036",
      "t" : 1756451231399,
      "tn" : 1756451231399076036,
      "q" : "10",
      "p" : "0.09849",
      "s" : "sell",
      "i" : "NEIROETHUSD-PERP",
      "m" : "4611686018427722451"
    }, {
      "d" : "1756450061007374361",
      "t" : 1756450061007,
      "tn" : 1756450061007374361,
      "q" : "330",
      "p" : "0.09814",
      "s" : "sell",
      "i" : "NEIROETHUSD-PERP",
      "m" : "4611686018427722450"
    }, {
      "d" : "1756450061004337239",
      "t" : 1756450061004,
      "tn" : 1756450061004337239,
      "q" : "310",
      "p" : "0.09834",
      "s" : "sell",
      "i" : "NEIROETHUSD-PERP",
      "m" : "4611686018427722449"
    }, {
      "d" : "1756450061004335516",
      "t" : 1756450061004,
      "tn" : 1756450061004335516,
      "q" : "500",
      "p" : "0.09836",
      "s" : "sell",
      "i" : "NEIROETHUSD-PERP",
      "m" : "4611686018427722448"
    }, {
      "d" : "1756430477145891415",
      "t" : 1756430477145,
      "tn" : 1756430477145891415,
      "q" : "500",
      "p" : "0.09816",
      "s" : "sell",
      "i" : "NEIROETHUSD-PERP",
      "m" : "4611686018427722447"
    }, {
      "d" : "1756430477145888743",
      "t" : 1756430477145,
      "tn" : 1756430477145888743,
      "q" : "500",
      "p" : "0.09818",
      "s" : "sell",
      "i" : "NEIROETHUSD-PERP",
      "m" : "4611686018427722446"
    }, {
      "d" : "1756430477143446510",
      "t" : 1756430477143,
      "tn" : 1756430477143446509,
      "q" : "20",
      "p" : "0.09820",
      "s" : "sell",
      "i" : "NEIROETHUSD-PERP",
      "m" : "4611686018427722445"
    }, {
      "d" : "1756430477143446509",
      "t" : 1756430477143,
      "tn" : 1756430477143446509,
      "q" : "500",
      "p" : "0.09820",
      "s" : "sell",
      "i" : "NEIROETHUSD-PERP",
      "m" : "4611686018427722445"
    }, {
      "d" : "1756430477143443285",
      "t" : 1756430477143,
      "tn" : 1756430477143443285,
      "q" : "500",
      "p" : "0.09822",
      "s" : "sell",
      "i" : "NEIROETHUSD-PERP",
      "m" : "4611686018427722444"
    }, {
      "d" : "1756430477143442068",
      "t" : 1756430477143,
      "tn" : 1756430477143442068,
      "q" : "950",
      "p" : "0.09828",
      "s" : "sell",
      "i" : "NEIROETHUSD-PERP",
      "m" : "4611686018427722443"
    }, {
      "d" : "1756430477143438476",
      "t" : 1756430477143,
      "tn" : 1756430477143438476,
      "q" : "10",
      "p" : "0.09843",
      "s" : "sell",
      "i" : "NEIROETHUSD-PERP",
      "m" : "4611686018427722442"
    }, {
      "d" : "1756430477143436027",
      "t" : 1756430477143,
      "tn" : 1756430477143436027,
      "q" : "10",
      "p" : "0.09847",
      "s" : "sell",
      "i" : "NEIROETHUSD-PERP",
      "m" : "4611686018427722441"
    }, {
      "d" : "1756424351102683363",
      "t" : 1756424351102,
      "tn" : 1756424351102683363,
      "q" : "500",
      "p" : "0.09974",
      "s" : "buy",
      "i" : "NEIROETHUSD-PERP",
      "m" : "4611686018427722440"
    }, {
      "d" : "1756424351102680020",
      "t" : 1756424351102,
      "tn" : 1756424351102680020,
      "q" : "500",
      "p" : "0.09972",
      "s" : "buy",
      "i" : "NEIROETHUSD-PERP",
      "m" : "4611686018427722439"
    }, {
      "d" : "1756424351102677674",
      "t" : 1756424351102,
      "tn" : 1756424351102677674,
      "q" : "500",
      "p" : "0.09970",
      "s" : "buy",
      "i" : "NEIROETHUSD-PERP",
      "m" : "4611686018427722438"
    }, {
      "d" : "1756424351102675303",
      "t" : 1756424351102,
      "tn" : 1756424351102675303,
      "q" : "20",
      "p" : "0.09969",
      "s" : "buy",
      "i" : "NEIROETHUSD-PERP",
      "m" : "4611686018427722437"
    }, {
      "d" : "1756424351102672306",
      "t" : 1756424351102,
      "tn" : 1756424351102672306,
      "q" : "500",
      "p" : "0.09968",
      "s" : "buy",
      "i" : "NEIROETHUSD-PERP",
      "m" : "4611686018427722436"
    }, {
      "d" : "1756424351102669652",
      "t" : 1756424351102,
      "tn" : 1756424351102669652,
      "q" : "1000",
      "p" : "0.09960",
      "s" : "buy",
      "i" : "NEIROETHUSD-PERP",
      "m" : "4611686018427722435"
    }, {
      "d" : "1756424351102666842",
      "t" : 1756424351102,
      "tn" : 1756424351102666841,
      "q" : "10",
      "p" : "0.09958",
      "s" : "buy",
      "i" : "NEIROETHUSD-PERP",
      "m" : "4611686018427722434"
    }, {
      "d" : "1756424351102666841",
      "t" : 1756424351102,
      "tn" : 1756424351102666841,
      "q" : "10",
      "p" : "0.09958",
      "s" : "buy",
      "i" : "NEIROETHUSD-PERP",
      "m" : "4611686018427722434"
    }, {
      "d" : "1756423877722503995",
      "t" : 1756423877722,
      "tn" : 1756423877722503995,
      "q" : "470",
      "p" : "0.09855",
      "s" : "sell",
      "i" : "NEIROETHUSD-PERP",
      "m" : "4611686018427722433"
    }, {
      "d" : "1756423877665950875",
      "t" : 1756423877665,
      "tn" : 1756423877665950875,
      "q" : "1020",
      "p" : "0.09879",
      "s" : "sell",
      "i" : "NEIROETHUSD-PERP",
      "m" : "4611686018427722432"
    }, {
      "d" : "1756423877640031256",
      "t" : 1756423877640,
      "tn" : 1756423877640031256,
      "q" : "20",
      "p" : "0.09920",
      "s" : "sell",
      "i" : "NEIROETHUSD-PERP",
      "m" : "4611686018427722431"
    }, {
      "d" : "1756423877620151945",
      "t" : 1756423877620,
      "tn" : 1756423877620151945,
      "q" : "480",
      "p" : "0.09974",
      "s" : "sell",
      "i" : "NEIROETHUSD-PERP",
      "m" : "4611686018427722430"
    }, {
      "d" : "1756423877620150077",
      "t" : 1756423877620,
      "tn" : 1756423877620150077,
      "q" : "500",
      "p" : "0.09976",
      "s" : "sell",
      "i" : "NEIROETHUSD-PERP",
      "m" : "4611686018427722429"
    }, {
      "d" : "1756423877620148436",
      "t" : 1756423877620,
      "tn" : 1756423877620148436,
      "q" : "10",
      "p" : "0.09989",
      "s" : "sell",
      "i" : "NEIROETHUSD-PERP",
      "m" : "4611686018427722428"
    }, {
      "d" : "1756423877620146795",
      "t" : 1756423877620,
      "tn" : 1756423877620146795,
      "q" : "10",
      "p" : "0.09993",
      "s" : "sell",
      "i" : "NEIROETHUSD-PERP",
      "m" : "4611686018427722427"
    }, {
      "d" : "1756421368536732335",
      "t" : 1756421368536,
      "tn" : 1756421368536732335,
      "q" : "30",
      "p" : "0.10036",
      "s" : "sell",
      "i" : "NEIROETHUSD-PERP",
      "m" : "4611686018427722426"
    }, {
      "d" : "1756421368536729920",
      "t" : 1756421368536,
      "tn" : 1756421368536729920,
      "q" : "490",
      "p" : "0.10038",
      "s" : "sell",
      "i" : "NEIROETHUSD-PERP",
      "m" : "4611686018427722425"
    }, {
      "d" : "1756421368536727607",
      "t" : 1756421368536,
      "tn" : 1756421368536727607,
      "q" : "470",
      "p" : "0.10048",
      "s" : "sell",
      "i" : "NEIROETHUSD-PERP",
      "m" : "4611686018427722424"
    }, {
      "d" : "1756421368533023479",
      "t" : 1756421368533,
      "tn" : 1756421368533023479,
      "q" : "10",
      "p" : "0.10058",
      "s" : "sell",
      "i" : "NEIROETHUSD-PERP",
      "m" : "4611686018427722423"
    }, {
      "d" : "1756421368533021290",
      "t" : 1756421368533,
      "tn" : 1756421368533021290,
      "q" : "10",
      "p" : "0.10068",
      "s" : "sell",
      "i" : "NEIROETHUSD-PERP",
      "m" : "4611686018427722422"
    }, {
      "d" : "1756405893691433290",
      "t" : 1756405893691,
      "tn" : 1756405893691433290,
      "q" : "970",
      "p" : "0.10010",
      "s" : "sell",
      "i" : "NEIROETHUSD-PERP",
      "m" : "4611686018427722421"
    }, {
      "d" : "1756405893691431181",
      "t" : 1756405893691,
      "tn" : 1756405893691431181,
      "q" : "10",
      "p" : "0.10015",
      "s" : "sell",
      "i" : "NEIROETHUSD-PERP",
      "m" : "4611686018427722420"
    }, {
      "d" : "1756405893691428555",
      "t" : 1756405893691,
      "tn" : 1756405893691428555,
      "q" : "10",
      "p" : "0.10019",
      "s" : "sell",
      "i" : "NEIROETHUSD-PERP",
      "m" : "4611686018427722419"
    }, {
      "d" : "1756404217627067632",
      "t" : 1756404217627,
      "tn" : 1756404217627067632,
      "q" : "980",
      "p" : "0.09958",
      "s" : "sell",
      "i" : "NEIROETHUSD-PERP",
      "m" : "4611686018427722418"
    }, {
      "d" : "1756404217627065826",
      "t" : 1756404217627,
      "tn" : 1756404217627065826,
      "q" : "10",
      "p" : "0.09964",
      "s" : "sell",
      "i" : "NEIROETHUSD-PERP",
      "m" : "4611686018427722417"
    }, {
      "d" : "1756401681019303033",
      "t" : 1756401681019,
      "tn" : 1756401681019303033,
      "q" : "980",
      "p" : "0.09912",
      "s" : "sell",
      "i" : "NEIROETHUSD-PERP",
      "m" : "4611686018427722416"
    }, {
      "d" : "1756401681019300644",
      "t" : 1756401681019,
      "tn" : 1756401681019300644,
      "q" : "10",
      "p" : "0.09920",
      "s" : "sell",
      "i" : "NEIROETHUSD-PERP",
      "m" : "4611686018427722415"
    }, {
      "d" : "1756401681019298063",
      "t" : 1756401681019,
      "tn" : 1756401681019298063,
      "q" : "10",
      "p" : "0.09924",
      "s" : "sell",
      "i" : "NEIROETHUSD-PERP",
      "m" : "4611686018427722414"
    }, {
      "d" : "1756400035280649802",
      "t" : 1756400035280,
      "tn" : 1756400035280649802,
      "q" : "470",
      "p" : "0.09996",
      "s" : "buy",
      "i" : "NEIROETHUSD-PERP",
      "m" : "4611686018427722413"
    }, {
      "d" : "1756400035280648086",
      "t" : 1756400035280,
      "tn" : 1756400035280648086,
      "q" : "500",
      "p" : "0.09992",
      "s" : "buy",
      "i" : "NEIROETHUSD-PERP",
      "m" : "4611686018427722412"
    }, {
      "d" : "1756400035280644453",
      "t" : 1756400035280,
      "tn" : 1756400035280644453,
      "q" : "10",
      "p" : "0.09971",
      "s" : "buy",
      "i" : "NEIROETHUSD-PERP",
      "m" : "4611686018427722411"
    }, {
      "d" : "1756400028681338444",
      "t" : 1756400028681,
      "tn" : 1756400028681338444,
      "q" : "500",
      "p" : "0.09926",
      "s" : "buy",
      "i" : "NEIROETHUSD-PERP",
      "m" : "4611686018427722410"
    }, {
      "d" : "1756400028681335900",
      "t" : 1756400028681,
      "tn" : 1756400028681335900,
      "q" : "10",
      "p" : "0.09900",
      "s" : "buy",
      "i" : "NEIROETHUSD-PERP",
      "m" : "4611686018427722409"
    }, {
      "d" : "1756400020387844298",
      "t" : 1756400020387,
      "tn" : 1756400020387844298,
      "q" : "1000",
      "p" : "0.09906",
      "s" : "sell",
      "i" : "NEIROETHUSD-PERP",
      "m" : "4611686018427722408"
    }, {
      "d" : "1756400020384887277",
      "t" : 1756400020384,
      "tn" : 1756400020384887277,
      "q" : "10",
      "p" : "0.09919",
      "s" : "sell",
      "i" : "NEIROETHUSD-PERP",
      "m" : "4611686018427722407"
    }, {
      "d" : "1756400020384884878",
      "t" : 1756400020384,
      "tn" : 1756400020384884878,
      "q" : "10",
      "p" : "0.09923",
      "s" : "sell",
      "i" : "NEIROETHUSD-PERP",
      "m" : "4611686018427722406"
    }, {
      "d" : "1756397843552980113",
      "t" : 1756397843552,
      "tn" : 1756397843552980113,
      "q" : "480",
      "p" : "0.09998",
      "s" : "buy",
      "i" : "NEIROETHUSD-PERP",
      "m" : "4611686018427722405"
    }, {
      "d" : "1756397843552977925",
      "t" : 1756397843552,
      "tn" : 1756397843552977925,
      "q" : "500",
      "p" : "0.09996",
      "s" : "buy",
      "i" : "NEIROETHUSD-PERP",
      "m" : "4611686018427722404"
    }, {
      "d" : "1756397843552159175",
      "t" : 1756397843552,
      "tn" : 1756397843552159174,
      "q" : "10",
      "p" : "0.09975",
      "s" : "buy",
      "i" : "NEIROETHUSD-PERP",
      "m" : "4611686018427722403"
    }, {
      "d" : "1756397843552159174",
      "t" : 1756397843552,
      "tn" : 1756397843552159174,
      "q" : "10",
      "p" : "0.09975",
      "s" : "buy",
      "i" : "NEIROETHUSD-PERP",
      "m" : "4611686018427722403"
    }, {
      "d" : "1756397299263912615",
      "t" : 1756397299263,
      "tn" : 1756397299263912615,
      "q" : "10",
      "p" : "0.09942",
      "s" : "sell",
      "i" : "NEIROETHUSD-PERP",
      "m" : "4611686018427722402"
    }, {
      "d" : "1756396712343797944",
      "t" : 1756396712343,
      "tn" : 1756396712343797944,
      "q" : "470",
      "p" : "0.09946",
      "s" : "buy",
      "i" : "NEIROETHUSD-PERP",
      "m" : "4611686018427722401"
    }, {
      "d" : "1756396712343794706",
      "t" : 1756396712343,
      "tn" : 1756396712343794706,
      "q" : "500",
      "p" : "0.09944",
      "s" : "buy",
      "i" : "NEIROETHUSD-PERP",
      "m" : "4611686018427722400"
    }, {
      "d" : "1756396712342674711",
      "t" : 1756396712342,
      "tn" : 1756396712342674711,
      "q" : "10",
      "p" : "0.09925",
      "s" : "buy",
      "i" : "NEIROETHUSD-PERP",
      "m" : "4611686018427722399"
    }, {
      "d" : "1756396712342672361",
      "t" : 1756396712342,
      "tn" : 1756396712342672361,
      "q" : "10",
      "p" : "0.09924",
      "s" : "buy",
      "i" : "NEIROETHUSD-PERP",
      "m" : "4611686018427722398"
    }, {
      "d" : "1756395716143273663",
      "t" : 1756395716143,
      "tn" : 1756395716143273663,
      "q" : "480",
      "p" : "0.09952",
      "s" : "buy",
      "i" : "NEIROETHUSD-PERP",
      "m" : "4611686018427722397"
    }, {
      "d" : "1756395716143271800",
      "t" : 1756395716143,
      "tn" : 1756395716143271800,
      "q" : "500",
      "p" : "0.09950",
      "s" : "buy",
      "i" : "NEIROETHUSD-PERP",
      "m" : "4611686018427722396"
    }, {
      "d" : "1756395716143269570",
      "t" : 1756395716143,
      "tn" : 1756395716143269569,
      "q" : "10",
      "p" : "0.09933",
      "s" : "buy",
      "i" : "NEIROETHUSD-PERP",
      "m" : "4611686018427722395"
    }, {
      "d" : "1756395716143269569",
      "t" : 1756395716143,
      "tn" : 1756395716143269569,
      "q" : "10",
      "p" : "0.09933",
      "s" : "buy",
      "i" : "NEIROETHUSD-PERP",
      "m" : "4611686018427722395"
    }, {
      "d" : "1756395602440899161",
      "t" : 1756395602440,
      "tn" : 1756395602440899161,
      "q" : "10",
      "p" : "0.09939",
      "s" : "sell",
      "i" : "NEIROETHUSD-PERP",
      "m" : "4611686018427722394"
    }, {
      "d" : "1756395602435109297",
      "t" : 1756395602435,
      "tn" : 1756395602435109297,
      "q" : "10",
      "p" : "0.09944",
      "s" : "sell",
      "i" : "NEIROETHUSD-PERP",
      "m" : "4611686018427722393"
    }, {
      "d" : "1756392009558036351",
      "t" : 1756392009558,
      "tn" : 1756392009558036351,
      "q" : "500",
      "p" : "0.10026",
      "s" : "buy",
      "i" : "NEIROETHUSD-PERP",
      "m" : "4611686018427722392"
    }, {
      "d" : "1756392009558034847",
      "t" : 1756392009558,
      "tn" : 1756392009558034847,
      "q" : "10",
      "p" : "0.10020",
      "s" : "buy",
      "i" : "NEIROETHUSD-PERP",
      "m" : "4611686018427722391"
    }, {
      "d" : "1756391207582210001",
      "t" : 1756391207582,
      "tn" : 1756391207582210001,
      "q" : "500",
      "p" : "0.09976",
      "s" : "sell",
      "i" : "NEIROETHUSD-PERP",
      "m" : "4611686018427722390"
    }, {
      "d" : "1756391207582208373",
      "t" : 1756391207582,
      "tn" : 1756391207582208373,
      "q" : "10",
      "p" : "0.09987",
      "s" : "sell",
      "i" : "NEIROETHUSD-PERP",
      "m" : "4611686018427722389"
    }, {
      "d" : "1756391207582206603",
      "t" : 1756391207582,
      "tn" : 1756391207582206603,
      "q" : "10",
      "p" : "0.09992",
      "s" : "sell",
      "i" : "NEIROETHUSD-PERP",
      "m" : "4611686018427722388"
    }, {
      "d" : "1756389941748463397",
      "t" : 1756389941748,
      "tn" : 1756389941748463397,
      "q" : "430",
      "p" : "0.10092",
      "s" : "buy",
      "i" : "NEIROETHUSD-PERP",
      "m" : "4611686018427722387"
    }, {
      "d" : "1756386438292389362",
      "t" : 1756386438292,
      "tn" : 1756386438292389362,
      "q" : "400",
      "p" : "0.10045",
      "s" : "sell",
      "i" : "NEIROETHUSD-PERP",
      "m" : "4611686018427722386"
    }, {
      "d" : "1756385422367111091",
      "t" : 1756385422367,
      "tn" : 1756385422367111091,
      "q" : "970",
      "p" : "0.10074",
      "s" : "buy",
      "i" : "NEIROETHUSD-PERP",
      "m" : "4611686018427722385"
    }, {
      "d" : "1756385422367109392",
      "t" : 1756385422367,
      "tn" : 1756385422367109392,
      "q" : "10",
      "p" : "0.10063",
      "s" : "buy",
      "i" : "NEIROETHUSD-PERP",
      "m" : "4611686018427722384"
    }, {
      "d" : "1756385422367106782",
      "t" : 1756385422367,
      "tn" : 1756385422367106782,
      "q" : "10",
      "p" : "0.10062",
      "s" : "buy",
      "i" : "NEIROETHUSD-PERP",
      "m" : "4611686018427722383"
    } ]
  }
}