{
  "id" : -1,
  "method" : "public/get-trades",
  "code" : 0,
  "result" : {
    "data" : [ {
      "d" : "1756459229804757636",
      "t" : 1756459229804,
      "tn" : 1756459229804757636,
      "q" : "6.50",
      "p" : "6.6989",
      "s" : "sell",
      "i" : "NEO_USDT",
      "m" : "4611686018430592594"
    }, {
      "d" : "1756456597199635846",
      "t" : 1756456597199,
      "tn" : 1756456597199635846,
      "q" : "6.50",
      "p" : "6.6792",
      "s" : "sell",
      "i" : "NEO_USDT",
      "m" : "4611686018430592593"
    }, {
      "d" : "1756455552720794242",
      "t" : 1756455552720,
      "tn" : 1756455552720794242,
      "q" : "6.50",
      "p" : "6.6934",
      "s" : "sell",
      "i" : "NEO_USDT",
      "m" : "4611686018430592592"
    }, {
      "d" : "1756453788697227736",
      "t" : 1756453788697,
      "tn" : 1756453788697227736,
      "q" : "6.10",
      "p" : "6.7361",
      "s" : "buy",
      "i" : "NEO_USDT",
      "m" : "4611686018430592591"
    }, {
      "d" : "1756453772699947786",
      "t" : 1756453772699,
      "tn" : 1756453772699947786,
      "q" : "6.10",
      "p" : "6.7376",
      "s" : "buy",
      "i" : "NEO_USDT",
      "m" : "4611686018430592590"
    }, {
      "d" : "1756453579889737378",
      "t" : 1756453579889,
      "tn" : 1756453579889737378,
      "q" : "6.10",
      "p" : "6.7421",
      "s" : "buy",
      "i" : "NEO_USDT",
      "m" : "4611686018430592589"
    }, {
      "d" : "1756452412037323946",
      "t" : 1756452412037,
      "tn" : 1756452412037323946,
      "q" : "16.98",
      "p" : "6.7143",
      "s" : "sell",
      "i" : "NEO_USDT",
      "m" : "4611686018430592588"
    }, {
      "d" : "1756451987958043568",
      "t" : 1756451987958,
      "tn" : 1756451987958043568,
      "q" : "3.05",
      "p" : "6.7471",
      "s" : "buy",
      "i" : "NEO_USDT",
      "m" : "4611686018430592587"
    }, {
      "d" : "1756451710967500353",
      "t" : 1756451710967,
      "tn" : 1756451710967500353,
      "q" : "4.24",
      "p" : "6.7539",
      "s" : "sell",
      "i" : "NEO_USDT",
      "m" : "4611686018430592586"
    }, {
      "d" : "1756451663931043342",
      "t" : 1756451663931,
      "tn" : 1756451663931043342,
      "q" : "1.59",
      "p" : "6.7635",
      "s" : "sell",
      "i" : "NEO_USDT",
      "m" : "4611686018430592585"
    }, {
      "d" : "1756451282017599974",
      "t" : 1756451282017,
      "tn" : 1756451282017599974,
      "q" : "4.24",
      "p" : "6.8011",
      "s" : "buy",
      "i" : "NEO_USDT",
      "m" : "4611686018430592584"
    }, {
      "d" : "1756451259037921588",
      "t" : 1756451259037,
      "tn" : 1756451259037921588,
      "q" : "6.10",
      "p" : "6.8019",
      "s" : "sell",
      "i" : "NEO_USDT",
      "m" : "4611686018430592583"
    }, {
      "d" : "1756450651030779872",
      "t" : 1756450651030,
      "tn" : 1756450651030779872,
      "q" : "6.10",
      "p" : "6.8434",
      "s" : "sell",
      "i" : "NEO_USDT",
      "m" : "4611686018430592582"
    }, {
      "d" : "1756450625139593235",
      "t" : 1756450625139,
      "tn" : 1756450625139593235,
      "q" : "5.01",
      "p" : "6.8088",
      "s" : "sell",
      "i" : "NEO_USDT",
      "m" : "4611686018430592581"
    }, {
      "d" : "1756450625000743552",
      "t" : 1756450625000,
      "tn" : 1756450625000743552,
      "q" : "73.90",
      "p" : "6.8223",
      "s" : "sell",
      "i" : "NEO_USDT",
      "m" : "4611686018430592580"
    }, {
      "d" : "1756450625000741258",
      "t" : 1756450625000,
      "tn" : 1756450625000741258,
      "q" : "6.10",
      "p" : "6.8339",
      "s" : "sell",
      "i" : "NEO_USDT",
      "m" : "4611686018430592579"
    }, {
      "d" : "1756450621963129322",
      "t" : 1756450621963,
      "tn" : 1756450621963129322,
      "q" : "6.10",
      "p" : "6.8659",
      "s" : "sell",
      "i" : "NEO_USDT",
      "m" : "4611686018430592578"
    }, {
      "d" : "1756450562024901214",
      "t" : 1756450562024,
      "tn" : 1756450562024901214,
      "q" : "6.10",
      "p" : "6.8734",
      "s" : "sell",
      "i" : "NEO_USDT",
      "m" : "4611686018430592577"
    }, {
      "d" : "1756450560031886547",
      "t" : 1756450560031,
      "tn" : 1756450560031886547,
      "q" : "6.10",
      "p" : "6.8749",
      "s" : "buy",
      "i" : "NEO_USDT",
      "m" : "4611686018430592576"
    }, {
      "d" : "1756450503057079114",
      "t" : 1756450503057,
      "tn" : 1756450503057079114,
      "q" : "6.10",
      "p" : "6.8784",
      "s" : "sell",
      "i" : "NEO_USDT",
      "m" : "4611686018430592575"
    }, {
      "d" : "1756449950871324311",
      "t" : 1756449950871,
      "tn" : 1756449950871324311,
      "q" : "2.43",
      "p" : "6.9097",
      "s" : "buy",
      "i" : "NEO_USDT",
      "m" : "4611686018430592574"
    }, {
      "d" : "1756449950871113312",
      "t" : 1756449950871,
      "tn" : 1756449950871113312,
      "q" : "3.67",
      "p" : "6.9097",
      "s" : "buy",
      "i" : "NEO_USDT",
      "m" : "4611686018430592573"
    }, {
      "d" : "1756449800913936602",
      "t" : 1756449800913,
      "tn" : 1756449800913936602,
      "q" : "3.05",
      "p" : "6.9106",
      "s" : "buy",
      "i" : "NEO_USDT",
      "m" : "4611686018430592572"
    }, {
      "d" : "1756449704366931539",
      "t" : 1756449704366,
      "tn" : 1756449704366931539,
      "q" : "3.05",
      "p" : "6.9086",
      "s" : "buy",
      "i" : "NEO_USDT",
      "m" : "4611686018430592571"
    }, {
      "d" : "1756449553753462162",
      "t" : 1756449553753,
      "tn" : 1756449553753462162,
      "q" : "6.10",
      "p" : "6.9271",
      "s" : "sell",
      "i" : "NEO_USDT",
      "m" : "4611686018430592570"
    }, {
      "d" : "1756449309546153796",
      "t" : 1756449309546,
      "tn" : 1756449309546153796,
      "q" : "6.10",
      "p" : "6.9271",
      "s" : "sell",
      "i" : "NEO_USDT",
      "m" : "4611686018430592569"
    }, {
      "d" : "1756449309546151443",
      "t" : 1756449309546,
      "tn" : 1756449309546151443,
      "q" : "5.70",
      "p" : "6.9272",
      "s" : "sell",
      "i" : "NEO_USDT",
      "m" : "4611686018430592568"
    }, {
      "d" : "1756449309544829620",
      "t" : 1756449309544,
      "tn" : 1756449309544829620,
      "q" : "23.17",
      "p" : "6.9272",
      "s" : "sell",
      "i" : "NEO_USDT",
      "m" : "4611686018430592567"
    }, {
      "d" : "1756446601363954398",
      "t" : 1756446601363,
      "tn" : 1756446601363954398,
      "q" : "28.54",
      "p" : "7.0072",
      "s" : "sell",
      "i" : "NEO_USDT",
      "m" : "4611686018430592566"
    }, {
      "d" : "1756444527753139020",
      "t" : 1756444527753,
      "tn" : 1756444527753139020,
      "q" : "6.10",
      "p" : "7.0056",
      "s" : "buy",
      "i" : "NEO_USDT",
      "m" : "4611686018430592565"
    }, {
      "d" : "1756444155208794351",
      "t" : 1756444155208,
      "tn" : 1756444155208794351,
      "q" : "6.10",
      "p" : "7.0294",
      "s" : "sell",
      "i" : "NEO_USDT",
      "m" : "4611686018430592564"
    }, {
      "d" : "1756443008905814832",
      "t" : 1756443008905,
      "tn" : 1756443008905814832,
      "q" : "6.10",
      "p" : "7.0662",
      "s" : "buy",
      "i" : "NEO_USDT",
      "m" : "4611686018430592563"
    }, {
      "d" : "1756442213417787781",
      "t" : 1756442213417,
      "tn" : 1756442213417787781,
      "q" : "6.10",
      "p" : "7.0646",
      "s" : "buy",
      "i" : "NEO_USDT",
      "m" : "4611686018430592562"
    }, {
      "d" : "1756441973592949196",
      "t" : 1756441973592,
      "tn" : 1756441973592949196,
      "q" : "6.10",
      "p" : "7.0708",
      "s" : "sell",
      "i" : "NEO_USDT",
      "m" : "4611686018430592561"
    }, {
      "d" : "1756441933938918253",
      "t" : 1756441933938,
      "tn" : 1756441933938918252,
      "q" : "42.91",
      "p" : "7.0677",
      "s" : "buy",
      "i" : "NEO_USDT",
      "m" : "4611686018430592560"
    }, {
      "d" : "1756441933938918252",
      "t" : 1756441933938,
      "tn" : 1756441933938918252,
      "q" : "6.10",
      "p" : "7.0677",
      "s" : "buy",
      "i" : "NEO_USDT",
      "m" : "4611686018430592560"
    }, {
      "d" : "1756441398734740991",
      "t" : 1756441398734,
      "tn" : 1756441398734740991,
      "q" : "6.10",
      "p" : "7.0851",
      "s" : "sell",
      "i" : "NEO_USDT",
      "m" : "4611686018430592559"
    }, {
      "d" : "1756440954275922884",
      "t" : 1756440954275,
      "tn" : 1756440954275922884,
      "q" : "6.10",
      "p" : "7.0802",
      "s" : "buy",
      "i" : "NEO_USDT",
      "m" : "4611686018430592558"
    }, {
      "d" : "1756440821457167217",
      "t" : 1756440821457,
      "tn" : 1756440821457167217,
      "q" : "6.10",
      "p" : "7.0728",
      "s" : "sell",
      "i" : "NEO_USDT",
      "m" : "4611686018430592557"
    }, {
      "d" : "1756440777931266176",
      "t" : 1756440777931,
      "tn" : 1756440777931266176,
      "q" : "1.69",
      "p" : "7.0713",
      "s" : "sell",
      "i" : "NEO_USDT",
      "m" : "4611686018430592556"
    }, {
      "d" : "1756440609249928061",
      "t" : 1756440609249,
      "tn" : 1756440609249928061,
      "q" : "6.10",
      "p" : "7.0858",
      "s" : "sell",
      "i" : "NEO_USDT",
      "m" : "4611686018430592555"
    }, {
      "d" : "1756440029449073249",
      "t" : 1756440029449,
      "tn" : 1756440029449073248,
      "q" : "41.57",
      "p" : "7.1131",
      "s" : "buy",
      "i" : "NEO_USDT",
      "m" : "4611686018430592554"
    }, {
      "d" : "1756440029449073248",
      "t" : 1756440029449,
      "tn" : 1756440029449073248,
      "q" : "6.10",
      "p" : "7.1131",
      "s" : "buy",
      "i" : "NEO_USDT",
      "m" : "4611686018430592554"
    }, {
      "d" : "1756439966487794859",
      "t" : 1756439966487,
      "tn" : 1756439966487794859,
      "q" : "6.10",
      "p" : "7.1153",
      "s" : "sell",
      "i" : "NEO_USDT",
      "m" : "4611686018430592553"
    }, {
      "d" : "1756439073988216801",
      "t" : 1756439073988,
      "tn" : 1756439073988216801,
      "q" : "15.00",
      "p" : "7.1654",
      "s" : "sell",
      "i" : "NEO_USDT",
      "m" : "4611686018430592552"
    }, {
      "d" : "1756438712508818637",
      "t" : 1756438712508,
      "tn" : 1756438712508818637,
      "q" : "3.10",
      "p" : "7.1633",
      "s" : "buy",
      "i" : "NEO_USDT",
      "m" : "4611686018430592551"
    }, {
      "d" : "1756438671432831602",
      "t" : 1756438671432,
      "tn" : 1756438671432831602,
      "q" : "3.10",
      "p" : "7.1503",
      "s" : "buy",
      "i" : "NEO_USDT",
      "m" : "4611686018430592550"
    }, {
      "d" : "1756436909725019392",
      "t" : 1756436909725,
      "tn" : 1756436909725019392,
      "q" : "0.69",
      "p" : "7.1935",
      "s" : "sell",
      "i" : "NEO_USDT",
      "m" : "4611686018430592549"
    }, {
      "d" : "1756436810507854408",
      "t" : 1756436810507,
      "tn" : 1756436810507854408,
      "q" : "0.16",
      "p" : "7.1366",
      "s" : "buy",
      "i" : "NEO_USDT",
      "m" : "4611686018430592548"
    }, {
      "d" : "1756432286923904315",
      "t" : 1756432286923,
      "tn" : 1756432286923904315,
      "q" : "0.16",
      "p" : "6.9944",
      "s" : "buy",
      "i" : "NEO_USDT",
      "m" : "4611686018430592547"
    }, {
      "d" : "1756432141226874759",
      "t" : 1756432141226,
      "tn" : 1756432141226874759,
      "q" : "0.15",
      "p" : "6.9794",
      "s" : "sell",
      "i" : "NEO_USDT",
      "m" : "4611686018430592546"
    }, {
      "d" : "1756430436679631747",
      "t" : 1756430436679,
      "tn" : 1756430436679631747,
      "q" : "6.20",
      "p" : "6.9769",
      "s" : "sell",
      "i" : "NEO_USDT",
      "m" : "4611686018430592545"
    }, {
      "d" : "1756425772787765386",
      "t" : 1756425772787,
      "tn" : 1756425772787765386,
      "q" : "6.20",
      "p" : "7.1108",
      "s" : "sell",
      "i" : "NEO_USDT",
      "m" : "4611686018430592544"
    }, {
      "d" : "1756425766686087764",
      "t" : 1756425766686,
      "tn" : 1756425766686087764,
      "q" : "0.15",
      "p" : "7.1131",
      "s" : "sell",
      "i" : "NEO_USDT",
      "m" : "4611686018430592543"
    }, {
      "d" : "1756425766681341623",
      "t" : 1756425766681,
      "tn" : 1756425766681341623,
      "q" : "1.64",
      "p" : "7.1137",
      "s" : "sell",
      "i" : "NEO_USDT",
      "m" : "4611686018430592542"
    }, {
      "d" : "1756422116639077474",
      "t" : 1756422116639,
      "tn" : 1756422116639077474,
      "q" : "6.20",
      "p" : "7.1271",
      "s" : "sell",
      "i" : "NEO_USDT",
      "m" : "4611686018430592541"
    }, {
      "d" : "1756421157209667046",
      "t" : 1756421157209,
      "tn" : 1756421157209667046,
      "q" : "0.70",
      "p" : "7.0848",
      "s" : "sell",
      "i" : "NEO_USDT",
      "m" : "4611686018430592540"
    }, {
      "d" : "1756419948709578417",
      "t" : 1756419948709,
      "tn" : 1756419948709578417,
      "q" : "6.20",
      "p" : "7.0848",
      "s" : "sell",
      "i" : "NEO_USDT",
      "m" : "4611686018430592539"
    }, {
      "d" : "1756419867818036003",
      "t" : 1756419867818,
      "tn" : 1756419867818036003,
      "q" : "0.16",
      "p" : "7.0846",
      "s" : "buy",
      "i" : "NEO_USDT",
      "m" : "4611686018430592538"
    }, {
      "d" : "1756417500323120768",
      "t" : 1756417500323,
      "tn" : 1756417500323120768,
      "q" : "0.15",
      "p" : "7.0788",
      "s" : "sell",
      "i" : "NEO_USDT",
      "m" : "4611686018430592537"
    }, {
      "d" : "1756416631198816026",
      "t" : 1756416631198,
      "tn" : 1756416631198816026,
      "q" : "6.20",
      "p" : "7.0689",
      "s" : "buy",
      "i" : "NEO_USDT",
      "m" : "4611686018430592536"
    }, {
      "d" : "1756414976342738384",
      "t" : 1756414976342,
      "tn" : 1756414976342738384,
      "q" : "6.20",
      "p" : "7.0353",
      "s" : "sell",
      "i" : "NEO_USDT",
      "m" : "4611686018430592535"
    }, {
      "d" : "1756414917362074314",
      "t" : 1756414917362,
      "tn" : 1756414917362074314,
      "q" : "6.20",
      "p" : "7.0180",
      "s" : "buy",
      "i" : "NEO_USDT",
      "m" : "4611686018430592534"
    }, {
      "d" : "1756414026518240082",
      "t" : 1756414026518,
      "tn" : 1756414026518240082,
      "q" : "6.20",
      "p" : "7.0249",
      "s" : "buy",
      "i" : "NEO_USDT",
      "m" : "4611686018430592533"
    }, {
      "d" : "1756410413142858377",
      "t" : 1756410413142,
      "tn" : 1756410413142858377,
      "q" : "0.16",
      "p" : "6.9941",
      "s" : "buy",
      "i" : "NEO_USDT",
      "m" : "4611686018430592532"
    }, {
      "d" : "1756409272458907598",
      "t" : 1756409272458,
      "tn" : 1756409272458907598,
      "q" : "0.59",
      "p" : "7.0174",
      "s" : "sell",
      "i" : "NEO_USDT",
      "m" : "4611686018430592531"
    }, {
      "d" : "1756409129931807644",
      "t" : 1756409129931,
      "tn" : 1756409129931807644,
      "q" : "6.20",
      "p" : "7.0164",
      "s" : "sell",
      "i" : "NEO_USDT",
      "m" : "4611686018430592530"
    }, {
      "d" : "1756409118079870788",
      "t" : 1756409118079,
      "tn" : 1756409118079870788,
      "q" : "6.20",
      "p" : "7.0141",
      "s" : "sell",
      "i" : "NEO_USDT",
      "m" : "4611686018430592529"
    }, {
      "d" : "1756409067048446160",
      "t" : 1756409067048,
      "tn" : 1756409067048446160,
      "q" : "6.20",
      "p" : "7.0161",
      "s" : "sell",
      "i" : "NEO_USDT",
      "m" : "4611686018430592528"
    }, {
      "d" : "1756409029616751377",
      "t" : 1756409029616,
      "tn" : 1756409029616751377,
      "q" : "6.20",
      "p" : "7.0144",
      "s" : "sell",
      "i" : "NEO_USDT",
      "m" : "4611686018430592527"
    }, {
      "d" : "1756408574585878690",
      "t" : 1756408574585,
      "tn" : 1756408574585878690,
      "q" : "6.20",
      "p" : "7.0281",
      "s" : "sell",
      "i" : "NEO_USDT",
      "m" : "4611686018430592526"
    }, {
      "d" : "1756408025261031340",
      "t" : 1756408025261,
      "tn" : 1756408025261031340,
      "q" : "6.20",
      "p" : "7.0274",
      "s" : "sell",
      "i" : "NEO_USDT",
      "m" : "4611686018430592525"
    }, {
      "d" : "1756405023030429908",
      "t" : 1756405023030,
      "tn" : 1756405023030429908,
      "q" : "0.16",
      "p" : "7.0264",
      "s" : "buy",
      "i" : "NEO_USDT",
      "m" : "4611686018430592524"
    }, {
      "d" : "1756399442979824941",
      "t" : 1756399442979,
      "tn" : 1756399442979824941,
      "q" : "6.20",
      "p" : "7.0371",
      "s" : "sell",
      "i" : "NEO_USDT",
      "m" : "4611686018430592523"
    }, {
      "d" : "1756397641048181326",
      "t" : 1756397641048,
      "tn" : 1756397641048181326,
      "q" : "43.99",
      "p" : "7.0486",
      "s" : "buy",
      "i" : "NEO_USDT",
      "m" : "4611686018430592522"
    }, {
      "d" : "1756397271657623507",
      "t" : 1756397271657,
      "tn" : 1756397271657623507,
      "q" : "24.79",
      "p" : "6.9993",
      "s" : "sell",
      "i" : "NEO_USDT",
      "m" : "4611686018430592521"
    }, {
      "d" : "1756397263222760646",
      "t" : 1756397263222,
      "tn" : 1756397263222760646,
      "q" : "3.10",
      "p" : "7.0623",
      "s" : "sell",
      "i" : "NEO_USDT",
      "m" : "4611686018430592520"
    }, {
      "d" : "1756397259254708161",
      "t" : 1756397259254,
      "tn" : 1756397259254708161,
      "q" : "3.10",
      "p" : "7.0683",
      "s" : "sell",
      "i" : "NEO_USDT",
      "m" : "4611686018430592519"
    }, {
      "d" : "1756394649467974683",
      "t" : 1756394649467,
      "tn" : 1756394649467974683,
      "q" : "6.20",
      "p" : "7.1052",
      "s" : "buy",
      "i" : "NEO_USDT",
      "m" : "4611686018430592518"
    }, {
      "d" : "1756394527485678993",
      "t" : 1756394527485,
      "tn" : 1756394527485678993,
      "q" : "6.20",
      "p" : "7.1193",
      "s" : "buy",
      "i" : "NEO_USDT",
      "m" : "4611686018430592517"
    }, {
      "d" : "1756394522369889815",
      "t" : 1756394522369,
      "tn" : 1756394522369889815,
      "q" : "6.20",
      "p" : "7.1213",
      "s" : "buy",
      "i" : "NEO_USDT",
      "m" : "4611686018430592516"
    }, {
      "d" : "1756394520550794438",
      "t" : 1756394520550,
      "tn" : 1756394520550794438,
      "q" : "6.20",
      "p" : "7.1223",
      "s" : "buy",
      "i" : "NEO_USDT",
      "m" : "4611686018430592515"
    }, {
      "d" : "1756394517318635115",
      "t" : 1756394517318,
      "tn" : 1756394517318635115,
      "q" : "6.20",
      "p" : "7.1227",
      "s" : "buy",
      "i" : "NEO_USDT",
      "m" : "4611686018430592514"
    }, {
      "d" : "1756392770025243787",
      "t" : 1756392770025,
      "tn" : 1756392770025243787,
      "q" : "6.19",
      "p" : "7.1382",
      "s" : "buy",
      "i" : "NEO_USDT",
      "m" : "4611686018430592513"
    }, {
      "d" : "1756392736112792914",
      "t" : 1756392736112,
      "tn" : 1756392736112792914,
      "q" : "2.78",
      "p" : "7.1319",
      "s" : "buy",
      "i" : "NEO_USDT",
      "m" : "4611686018430592512"
    }, {
      "d" : "1756391366468617142",
      "t" : 1756391366468,
      "tn" : 1756391366468617142,
      "q" : "1.74",
      "p" : "7.1012",
      "s" : "buy",
      "i" : "NEO_USDT",
      "m" : "4611686018430592511"
    }, {
      "d" : "1756391360456617404",
      "t" : 1756391360456,
      "tn" : 1756391360456617404,
      "q" : "3.10",
      "p" : "7.1042",
      "s" : "buy",
      "i" : "NEO_USDT",
      "m" : "4611686018430592510"
    }, {
      "d" : "1756391306360417433",
      "t" : 1756391306360,
      "tn" : 1756391306360417432,
      "q" : "1.69",
      "p" : "7.1155",
      "s" : "sell",
      "i" : "NEO_USDT",
      "m" : "4611686018430592509"
    }, {
      "d" : "1756391306360417432",
      "t" : 1756391306360,
      "tn" : 1756391306360417432,
      "q" : "10.04",
      "p" : "7.1155",
      "s" : "sell",
      "i" : "NEO_USDT",
      "m" : "4611686018430592509"
    }, {
      "d" : "1756391229633933194",
      "t" : 1756391229633,
      "tn" : 1756391229633933194,
      "q" : "1.67",
      "p" : "7.1082",
      "s" : "buy",
      "i" : "NEO_USDT",
      "m" : "4611686018430592508"
    }, {
      "d" : "1756391226320432437",
      "t" : 1756391226320,
      "tn" : 1756391226320432437,
      "q" : "4.62",
      "p" : "7.1077",
      "s" : "sell",
      "i" : "NEO_USDT",
      "m" : "4611686018430592507"
    }, {
      "d" : "1756391226239654795",
      "t" : 1756391226239,
      "tn" : 1756391226239654795,
      "q" : "6.30",
      "p" : "7.1077",
      "s" : "sell",
      "i" : "NEO_USDT",
      "m" : "4611686018430592506"
    }, {
      "d" : "1756391226237471548",
      "t" : 1756391226237,
      "tn" : 1756391226237471548,
      "q" : "27.02",
      "p" : "7.1077",
      "s" : "sell",
      "i" : "NEO_USDT",
      "m" : "4611686018430592505"
    }, {
      "d" : "1756391226190056283",
      "t" : 1756391226190,
      "tn" : 1756391226190056283,
      "q" : "46.47",
      "p" : "7.1077",
      "s" : "sell",
      "i" : "NEO_USDT",
      "m" : "4611686018430592504"
    }, {
      "d" : "1756391226169729106",
      "t" : 1756391226169,
      "tn" : 1756391226169729106,
      "q" : "1.70",
      "p" : "7.1077",
      "s" : "buy",
      "i" : "NEO_USDT",
      "m" : "4611686018430592503"
    }, {
      "d" : "1756391226165264607",
      "t" : 1756391226165,
      "tn" : 1756391226165264607,
      "q" : "3.10",
      "p" : "7.1076",
      "s" : "sell",
      "i" : "NEO_USDT",
      "m" : "4611686018430592502"
    }, {
      "d" : "1756391226165169110",
      "t" : 1756391226165,
      "tn" : 1756391226165169110,
      "q" : "1.70",
      "p" : "7.1075",
      "s" : "buy",
      "i" : "NEO_USDT",
      "m" : "4611686018430592501"
    }, {
      "d" : "1756391226164700537",
      "t" : 1756391226164,
      "tn" : 1756391226164700537,
      "q" : "6.29",
      "p" : "7.1071",
      "s" : "buy",
      "i" : "NEO_USDT",
      "m" : "4611686018430592500"
    }, {
      "d" : "1756391226163800136",
      "t" : 1756391226163,
      "tn" : 1756391226163800136,
      "q" : "0.57",
      "p" : "7.1076",
      "s" : "buy",
      "i" : "NEO_USDT",
      "m" : "4611686018430592499"
    }, {
      "d" : "1756391226163798601",
      "t" : 1756391226163,
      "tn" : 1756391226163798601,
      "q" : "1.70",
      "p" : "7.1075",
      "s" : "buy",
      "i" : "NEO_USDT",
      "m" : "4611686018430592498"
    }, {
      "d" : "1756391226162531790",
      "t" : 1756391226162,
      "tn" : 1756391226162531790,
      "q" : "5.68",
      "p" : "7.1071",
      "s" : "sell",
      "i" : "NEO_USDT",
      "m" : "4611686018430592497"
    }, {
      "d" : "1756391226162527672",
      "t" : 1756391226162,
      "tn" : 1756391226162527672,
      "q" : "28.14",
      "p" : "7.1071",
      "s" : "sell",
      "i" : "NEO_USDT",
      "m" : "4611686018430592496"
    }, {
      "d" : "1756391226162268907",
      "t" : 1756391226162,
      "tn" : 1756391226162268907,
      "q" : "17.12",
      "p" : "7.1076",
      "s" : "buy",
      "i" : "NEO_USDT",
      "m" : "4611686018430592495"
    }, {
      "d" : "1756391226160697795",
      "t" : 1756391226160,
      "tn" : 1756391226160697795,
      "q" : "15.41",
      "p" : "7.1076",
      "s" : "buy",
      "i" : "NEO_USDT",
      "m" : "4611686018430592494"
    }, {
      "d" : "1756391226160696440",
      "t" : 1756391226160,
      "tn" : 1756391226160696440,
      "q" : "1.70",
      "p" : "7.1075",
      "s" : "buy",
      "i" : "NEO_USDT",
      "m" : "4611686018430592493"
    }, {
      "d" : "1756391226159687037",
      "t" : 1756391226159,
      "tn" : 1756391226159687037,
      "q" : "931.41",
      "p" : "7.1076",
      "s" : "buy",
      "i" : "NEO_USDT",
      "m" : "4611686018430592492"
    }, {
      "d" : "1756391226159685643",
      "t" : 1756391226159,
      "tn" : 1756391226159685643,
      "q" : "33.10",
      "p" : "7.1075",
      "s" : "buy",
      "i" : "NEO_USDT",
      "m" : "4611686018430592491"
    }, {
      "d" : "1756391226152018854",
      "t" : 1756391226152,
      "tn" : 1756391226152018854,
      "q" : "209.26",
      "p" : "7.1071",
      "s" : "buy",
      "i" : "NEO_USDT",
      "m" : "4611686018430592490"
    }, {
      "d" : "1756391226152017038",
      "t" : 1756391226152,
      "tn" : 1756391226152017038,
      "q" : "964.51",
      "p" : "7.1051",
      "s" : "buy",
      "i" : "NEO_USDT",
      "m" : "4611686018430592489"
    }, {
      "d" : "1756391226152014201",
      "t" : 1756391226152,
      "tn" : 1756391226152014201,
      "q" : "99.96",
      "p" : "7.1027",
      "s" : "buy",
      "i" : "NEO_USDT",
      "m" : "4611686018430592488"
    }, {
      "d" : "1756391226152011460",
      "t" : 1756391226152,
      "tn" : 1756391226152011459,
      "q" : "42.06",
      "p" : "7.1026",
      "s" : "buy",
      "i" : "NEO_USDT",
      "m" : "4611686018430592487"
    }, {
      "d" : "1756391226152011459",
      "t" : 1756391226152,
      "tn" : 1756391226152011459,
      "q" : "39.72",
      "p" : "7.1026",
      "s" : "buy",
      "i" : "NEO_USDT",
      "m" : "4611686018430592487"
    }, {
      "d" : "1756391226152007519",
      "t" : 1756391226152,
      "tn" : 1756391226152007519,
      "q" : "6.20",
      "p" : "7.0927",
      "s" : "buy",
      "i" : "NEO_USDT",
      "m" : "4611686018430592486"
    }, {
      "d" : "1756390198925133940",
      "t" : 1756390198925,
      "tn" : 1756390198925133940,
      "q" : "3.10",
      "p" : "7.0947",
      "s" : "buy",
      "i" : "NEO_USDT",
      "m" : "4611686018430592485"
    }, {
      "d" : "1756389980823900943",
      "t" : 1756389980823,
      "tn" : 1756389980823900943,
      "q" : "3.10",
      "p" : "7.1157",
      "s" : "buy",
      "i" : "NEO_USDT",
      "m" : "4611686018430592484"
    }, {
      "d" : "1756386928087627790",
      "t" : 1756386928087,
      "tn" : 1756386928087627789,
      "q" : "4.39",
      "p" : "7.1171",
      "s" : "sell",
      "i" : "NEO_USDT",
      "m" : "4611686018430592483"
    }, {
      "d" : "1756386928087627789",
      "t" : 1756386928087,
      "tn" : 1756386928087627789,
      "q" : "6.20",
      "p" : "7.1171",
      "s" : "sell",
      "i" : "NEO_USDT",
      "m" : "4611686018430592483"
    }, {
      "d" : "1756383853896806436",
      "t" : 1756383853896,
      "tn" : 1756383853896806436,
      "q" : "6.20",
      "p" : "7.0802",
      "s" : "buy",
      "i" : "NEO_USDT",
      "m" : "4611686018430592482"
    }, {
      "d" : "1756383328265024632",
      "t" : 1756383328265,
      "tn" : 1756383328265024632,
      "q" : "0.47",
      "p" : "7.0626",
      "s" : "sell",
      "i" : "NEO_USDT",
      "m" : "4611686018430592481"
    }, {
      "d" : "1756383037297965923",
      "t" : 1756383037297,
      "tn" : 1756383037297965923,
      "q" : "6.20",
      "p" : "7.0829",
      "s" : "buy",
      "i" : "NEO_USDT",
      "m" : "4611686018430592480"
    }, {
      "d" : "1756382877878849550",
      "t" : 1756382877878,
      "tn" : 1756382877878849550,
      "q" : "6.20",
      "p" : "7.0824",
      "s" : "buy",
      "i" : "NEO_USDT",
      "m" : "4611686018430592479"
    }, {
      "d" : "1756382877878846937",
      "t" : 1756382877878,
      "tn" : 1756382877878846937,
      "q" : "1.70",
      "p" : "7.0823",
      "s" : "buy",
      "i" : "NEO_USDT",
      "m" : "4611686018430592478"
    } ]
  }
}