{
  "id" : -1,
  "method" : "public/get-trades",
  "code" : 0,
  "result" : {
    "data" : [ {
      "d" : "1756460743682485403",
      "t" : 1756460743682,
      "tn" : 1756460743682485403,
      "q" : "34.14",
      "p" : "6.7056",
      "s" : "buy",
      "i" : "NEO_USD",
      "m" : "4611686018430087108"
    }, {
      "d" : "1756460743682482939",
      "t" : 1756460743682,
      "tn" : 1756460743682482939,
      "q" : "8.23",
      "p" : "6.7053",
      "s" : "buy",
      "i" : "NEO_USD",
      "m" : "4611686018430087107"
    }, {
      "d" : "1756459786530015449",
      "t" : 1756459786530,
      "tn" : 1756459786530015449,
      "q" : "14.35",
      "p" : "6.7140",
      "s" : "buy",
      "i" : "NEO_USD",
      "m" : "4611686018430087106"
    }, {
      "d" : "1756459524269310849",
      "t" : 1756459524269,
      "tn" : 1756459524269310849,
      "q" : "7.00",
      "p" : "6.6853",
      "s" : "buy",
      "i" : "NEO_USD",
      "m" : "4611686018430087105"
    }, {
      "d" : "1756457574516941245",
      "t" : 1756457574516,
      "tn" : 1756457574516941245,
      "q" : "4.68",
      "p" : "6.6646",
      "s" : "sell",
      "i" : "NEO_USD",
      "m" : "4611686018430087104"
    }, {
      "d" : "1756456275152299301",
      "t" : 1756456275152,
      "tn" : 1756456275152299301,
      "q" : "1.50",
      "p" : "6.7017",
      "s" : "sell",
      "i" : "NEO_USD",
      "m" : "4611686018430087103"
    }, {
      "d" : "1756456272739881896",
      "t" : 1756456272739,
      "tn" : 1756456272739881896,
      "q" : "11.95",
      "p" : "6.6947",
      "s" : "sell",
      "i" : "NEO_USD",
      "m" : "4611686018430087102"
    }, {
      "d" : "1756456272351587937",
      "t" : 1756456272351,
      "tn" : 1756456272351587937,
      "q" : "2.96",
      "p" : "6.6947",
      "s" : "sell",
      "i" : "NEO_USD",
      "m" : "4611686018430087101"
    }, {
      "d" : "1756456271953355425",
      "t" : 1756456271953,
      "tn" : 1756456271953355425,
      "q" : "17.45",
      "p" : "6.6898",
      "s" : "sell",
      "i" : "NEO_USD",
      "m" : "4611686018430087100"
    }, {
      "d" : "1756456271948183973",
      "t" : 1756456271948,
      "tn" : 1756456271948183973,
      "q" : "6.14",
      "p" : "6.6898",
      "s" : "sell",
      "i" : "NEO_USD",
      "m" : "4611686018430087099"
    }, {
      "d" : "1756454034920289732",
      "t" : 1756454034920,
      "tn" : 1756454034920289732,
      "q" : "2.77",
      "p" : "6.7456",
      "s" : "sell",
      "i" : "NEO_USD",
      "m" : "4611686018430087098"
    }, {
      "d" : "1756454034920201386",
      "t" : 1756454034920,
      "tn" : 1756454034920201386,
      "q" : "5.93",
      "p" : "6.7456",
      "s" : "sell",
      "i" : "NEO_USD",
      "m" : "4611686018430087097"
    }, {
      "d" : "1756454034905280873",
      "t" : 1756454034905,
      "tn" : 1756454034905280873,
      "q" : "29.65",
      "p" : "6.7456",
      "s" : "sell",
      "i" : "NEO_USD",
      "m" : "4611686018430087096"
    }, {
      "d" : "1756454034874874516",
      "t" : 1756454034874,
      "tn" : 1756454034874874516,
      "q" : "18.18",
      "p" : "6.7456",
      "s" : "sell",
      "i" : "NEO_USD",
      "m" : "4611686018430087095"
    }, {
      "d" : "1756454033854613694",
      "t" : 1756454033854,
      "tn" : 1756454033854613694,
      "q" : "23.99",
      "p" : "6.7414",
      "s" : "sell",
      "i" : "NEO_USD",
      "m" : "4611686018430087094"
    }, {
      "d" : "1756454032005913060",
      "t" : 1756454032005,
      "tn" : 1756454032005913060,
      "q" : "2.48",
      "p" : "6.7414",
      "s" : "sell",
      "i" : "NEO_USD",
      "m" : "4611686018430087093"
    }, {
      "d" : "1756454031981581568",
      "t" : 1756454031981,
      "tn" : 1756454031981581568,
      "q" : "17.00",
      "p" : "6.7414",
      "s" : "sell",
      "i" : "NEO_USD",
      "m" : "4611686018430087092"
    }, {
      "d" : "1756452412036225712",
      "t" : 1756452412036,
      "tn" : 1756452412036225712,
      "q" : "3.75",
      "p" : "6.7155",
      "s" : "sell",
      "i" : "NEO_USD",
      "m" : "4611686018430087091"
    }, {
      "d" : "1756451995667248724",
      "t" : 1756451995667,
      "tn" : 1756451995667248724,
      "q" : "4.62",
      "p" : "6.7496",
      "s" : "sell",
      "i" : "NEO_USD",
      "m" : "4611686018430087090"
    }, {
      "d" : "1756451987958498528",
      "t" : 1756451987958,
      "tn" : 1756451987958498528,
      "q" : "6.95",
      "p" : "6.7648",
      "s" : "sell",
      "i" : "NEO_USD",
      "m" : "4611686018430087089"
    }, {
      "d" : "1756451987958053503",
      "t" : 1756451987958,
      "tn" : 1756451987958053503,
      "q" : "3.05",
      "p" : "6.7648",
      "s" : "sell",
      "i" : "NEO_USD",
      "m" : "4611686018430087088"
    }, {
      "d" : "1756451971751890205",
      "t" : 1756451971751,
      "tn" : 1756451971751890205,
      "q" : "0.04",
      "p" : "6.7759",
      "s" : "sell",
      "i" : "NEO_USD",
      "m" : "4611686018430087087"
    }, {
      "d" : "1756451663931802294",
      "t" : 1756451663931,
      "tn" : 1756451663931802294,
      "q" : "1.59",
      "p" : "6.7759",
      "s" : "sell",
      "i" : "NEO_USD",
      "m" : "4611686018430087086"
    }, {
      "d" : "1756451646559474747",
      "t" : 1756451646559,
      "tn" : 1756451646559474747,
      "q" : "41.33",
      "p" : "6.7759",
      "s" : "sell",
      "i" : "NEO_USD",
      "m" : "4611686018430087085"
    }, {
      "d" : "1756451628459518291",
      "t" : 1756451628459,
      "tn" : 1756451628459518291,
      "q" : "18.37",
      "p" : "6.7903",
      "s" : "sell",
      "i" : "NEO_USD",
      "m" : "4611686018430087084"
    }, {
      "d" : "1756451618354691991",
      "t" : 1756451618354,
      "tn" : 1756451618354691991,
      "q" : "1.31",
      "p" : "6.7759",
      "s" : "sell",
      "i" : "NEO_USD",
      "m" : "4611686018430087083"
    }, {
      "d" : "1756450902421293517",
      "t" : 1756450902421,
      "tn" : 1756450902421293517,
      "q" : "2.00",
      "p" : "6.8443",
      "s" : "sell",
      "i" : "NEO_USD",
      "m" : "4611686018430087082"
    }, {
      "d" : "1756450714312193985",
      "t" : 1756450714312,
      "tn" : 1756450714312193985,
      "q" : "2.05",
      "p" : "6.8669",
      "s" : "sell",
      "i" : "NEO_USD",
      "m" : "4611686018430087081"
    }, {
      "d" : "1756450625031079698",
      "t" : 1756450625031,
      "tn" : 1756450625031079698,
      "q" : "4.57",
      "p" : "6.8346",
      "s" : "sell",
      "i" : "NEO_USD",
      "m" : "4611686018430087080"
    }, {
      "d" : "1756450265430059383",
      "t" : 1756450265430,
      "tn" : 1756450265430059383,
      "q" : "1.49",
      "p" : "6.9213",
      "s" : "sell",
      "i" : "NEO_USD",
      "m" : "4611686018430087079"
    }, {
      "d" : "1756449662184938454",
      "t" : 1756449662184,
      "tn" : 1756449662184938454,
      "q" : "1.57",
      "p" : "6.9072",
      "s" : "sell",
      "i" : "NEO_USD",
      "m" : "4611686018430087078"
    }, {
      "d" : "1756449579488060212",
      "t" : 1756449579488,
      "tn" : 1756449579488060212,
      "q" : "4.51",
      "p" : "6.9195",
      "s" : "sell",
      "i" : "NEO_USD",
      "m" : "4611686018430087077"
    }, {
      "d" : "1756449394713583058",
      "t" : 1756449394713,
      "tn" : 1756449394713583058,
      "q" : "2.00",
      "p" : "6.9428",
      "s" : "sell",
      "i" : "NEO_USD",
      "m" : "4611686018430087076"
    }, {
      "d" : "1756444663857851998",
      "t" : 1756444663857,
      "tn" : 1756444663857851998,
      "q" : "3.83",
      "p" : "7.0045",
      "s" : "sell",
      "i" : "NEO_USD",
      "m" : "4611686018430087075"
    }, {
      "d" : "1756444557874199732",
      "t" : 1756444557874,
      "tn" : 1756444557874199732,
      "q" : "2.00",
      "p" : "7.0088",
      "s" : "buy",
      "i" : "NEO_USD",
      "m" : "4611686018430087074"
    }, {
      "d" : "1756444445776943774",
      "t" : 1756444445776,
      "tn" : 1756444445776943774,
      "q" : "0.63",
      "p" : "7.0045",
      "s" : "sell",
      "i" : "NEO_USD",
      "m" : "4611686018430087073"
    }, {
      "d" : "1756444258008059872",
      "t" : 1756444258008,
      "tn" : 1756444258008059872,
      "q" : "11.23",
      "p" : "7.0116",
      "s" : "buy",
      "i" : "NEO_USD",
      "m" : "4611686018430087072"
    }, {
      "d" : "1756440652223433967",
      "t" : 1756440652223,
      "tn" : 1756440652223433967,
      "q" : "15.00",
      "p" : "7.0775",
      "s" : "sell",
      "i" : "NEO_USD",
      "m" : "4611686018430087071"
    }, {
      "d" : "1756440594913459432",
      "t" : 1756440594913,
      "tn" : 1756440594913459432,
      "q" : "3.46",
      "p" : "7.1002",
      "s" : "sell",
      "i" : "NEO_USD",
      "m" : "4611686018430087070"
    }, {
      "d" : "1756440573284439726",
      "t" : 1756440573284,
      "tn" : 1756440573284439726,
      "q" : "1.40",
      "p" : "7.0765",
      "s" : "buy",
      "i" : "NEO_USD",
      "m" : "4611686018430087069"
    }, {
      "d" : "1756440504143619261",
      "t" : 1756440504143,
      "tn" : 1756440504143619261,
      "q" : "4.40",
      "p" : "7.0895",
      "s" : "sell",
      "i" : "NEO_USD",
      "m" : "4611686018430087068"
    }, {
      "d" : "1756440181550263728",
      "t" : 1756440181550,
      "tn" : 1756440181550263728,
      "q" : "15.00",
      "p" : "7.1093",
      "s" : "sell",
      "i" : "NEO_USD",
      "m" : "4611686018430087067"
    }, {
      "d" : "1756438096614375040",
      "t" : 1756438096614,
      "tn" : 1756438096614375040,
      "q" : "13.00",
      "p" : "7.0971",
      "s" : "buy",
      "i" : "NEO_USD",
      "m" : "4611686018430087066"
    }, {
      "d" : "1756438096612490692",
      "t" : 1756438096612,
      "tn" : 1756438096612490692,
      "q" : "17.00",
      "p" : "7.0971",
      "s" : "buy",
      "i" : "NEO_USD",
      "m" : "4611686018430087065"
    }, {
      "d" : "1756437568199146673",
      "t" : 1756437568199,
      "tn" : 1756437568199146673,
      "q" : "1.56",
      "p" : "7.1306",
      "s" : "buy",
      "i" : "NEO_USD",
      "m" : "4611686018430087064"
    }, {
      "d" : "1756436990105727279",
      "t" : 1756436990105,
      "tn" : 1756436990105727279,
      "q" : "23.04",
      "p" : "7.2181",
      "s" : "buy",
      "i" : "NEO_USD",
      "m" : "4611686018430087063"
    }, {
      "d" : "1756436895491842589",
      "t" : 1756436895491,
      "tn" : 1756436895491842589,
      "q" : "0.63",
      "p" : "7.1745",
      "s" : "buy",
      "i" : "NEO_USD",
      "m" : "4611686018430087062"
    }, {
      "d" : "1756436876168064798",
      "t" : 1756436876168,
      "tn" : 1756436876168064798,
      "q" : "3.77",
      "p" : "7.1745",
      "s" : "buy",
      "i" : "NEO_USD",
      "m" : "4611686018430087061"
    }, {
      "d" : "1756436687081510336",
      "t" : 1756436687081,
      "tn" : 1756436687081510336,
      "q" : "4.46",
      "p" : "7.0895",
      "s" : "buy",
      "i" : "NEO_USD",
      "m" : "4611686018430087060"
    }, {
      "d" : "1756432649958751378",
      "t" : 1756432649958,
      "tn" : 1756432649958751378,
      "q" : "1.29",
      "p" : "7.0097",
      "s" : "sell",
      "i" : "NEO_USD",
      "m" : "4611686018430087059"
    }, {
      "d" : "1756431834749036941",
      "t" : 1756431834749,
      "tn" : 1756431834749036941,
      "q" : "3.44",
      "p" : "7.0101",
      "s" : "sell",
      "i" : "NEO_USD",
      "m" : "4611686018430087058"
    }, {
      "d" : "1756431834749007695",
      "t" : 1756431834749,
      "tn" : 1756431834749007695,
      "q" : "21.40",
      "p" : "7.0101",
      "s" : "sell",
      "i" : "NEO_USD",
      "m" : "4611686018430087057"
    }, {
      "d" : "1756431222217341045",
      "t" : 1756431222217,
      "tn" : 1756431222217341045,
      "q" : "1.56",
      "p" : "6.9905",
      "s" : "buy",
      "i" : "NEO_USD",
      "m" : "4611686018430087056"
    }, {
      "d" : "1756431146424456262",
      "t" : 1756431146424,
      "tn" : 1756431146424456262,
      "q" : "7.00",
      "p" : "6.9814",
      "s" : "buy",
      "i" : "NEO_USD",
      "m" : "4611686018430087055"
    }, {
      "d" : "1756430882204143269",
      "t" : 1756430882204,
      "tn" : 1756430882204143269,
      "q" : "10.00",
      "p" : "6.9673",
      "s" : "buy",
      "i" : "NEO_USD",
      "m" : "4611686018430087054"
    }, {
      "d" : "1756430266407963373",
      "t" : 1756430266407,
      "tn" : 1756430266407963373,
      "q" : "4.46",
      "p" : "7.0045",
      "s" : "sell",
      "i" : "NEO_USD",
      "m" : "4611686018430087053"
    }, {
      "d" : "1756428607460780648",
      "t" : 1756428607460,
      "tn" : 1756428607460780648,
      "q" : "2.00",
      "p" : "7.0408",
      "s" : "buy",
      "i" : "NEO_USD",
      "m" : "4611686018430087052"
    }, {
      "d" : "1756426503354921852",
      "t" : 1756426503354,
      "tn" : 1756426503354921852,
      "q" : "4.58",
      "p" : "7.0958",
      "s" : "sell",
      "i" : "NEO_USD",
      "m" : "4611686018430087051"
    }, {
      "d" : "1756426503352031262",
      "t" : 1756426503352,
      "tn" : 1756426503352031262,
      "q" : "6.77",
      "p" : "7.0958",
      "s" : "sell",
      "i" : "NEO_USD",
      "m" : "4611686018430087050"
    }, {
      "d" : "1756426501271545037",
      "t" : 1756426501271,
      "tn" : 1756426501271545037,
      "q" : "3.32",
      "p" : "7.0922",
      "s" : "sell",
      "i" : "NEO_USD",
      "m" : "4611686018430087049"
    }, {
      "d" : "1756422520045435974",
      "t" : 1756422520045,
      "tn" : 1756422520045435974,
      "q" : "1.25",
      "p" : "7.1084",
      "s" : "buy",
      "i" : "NEO_USD",
      "m" : "4611686018430087048"
    }, {
      "d" : "1756422352650515474",
      "t" : 1756422352650,
      "tn" : 1756422352650515474,
      "q" : "27.54",
      "p" : "7.1300",
      "s" : "sell",
      "i" : "NEO_USD",
      "m" : "4611686018430087047"
    }, {
      "d" : "1756422352647235118",
      "t" : 1756422352647,
      "tn" : 1756422352647235118,
      "q" : "12.46",
      "p" : "7.1300",
      "s" : "sell",
      "i" : "NEO_USD",
      "m" : "4611686018430087046"
    }, {
      "d" : "1756420204841961211",
      "t" : 1756420204841,
      "tn" : 1756420204841961211,
      "q" : "4.46",
      "p" : "7.0895",
      "s" : "buy",
      "i" : "NEO_USD",
      "m" : "4611686018430087045"
    }, {
      "d" : "1756419234117452877",
      "t" : 1756419234117,
      "tn" : 1756419234117452877,
      "q" : "26.40",
      "p" : "7.0800",
      "s" : "sell",
      "i" : "NEO_USD",
      "m" : "4611686018430087044"
    }, {
      "d" : "1756419232179391883",
      "t" : 1756419232179,
      "tn" : 1756419232179391883,
      "q" : "10.51",
      "p" : "7.0800",
      "s" : "sell",
      "i" : "NEO_USD",
      "m" : "4611686018430087043"
    }, {
      "d" : "1756419232174540998",
      "t" : 1756419232174,
      "tn" : 1756419232174540998,
      "q" : "13.09",
      "p" : "7.0800",
      "s" : "sell",
      "i" : "NEO_USD",
      "m" : "4611686018430087042"
    }, {
      "d" : "1756416439431061985",
      "t" : 1756416439431,
      "tn" : 1756416439431061985,
      "q" : "2.00",
      "p" : "7.0696",
      "s" : "sell",
      "i" : "NEO_USD",
      "m" : "4611686018430087041"
    }, {
      "d" : "1756415925663275941",
      "t" : 1756415925663,
      "tn" : 1756415925663275941,
      "q" : "10.90",
      "p" : "7.0611",
      "s" : "buy",
      "i" : "NEO_USD",
      "m" : "4611686018430087040"
    }, {
      "d" : "1756415785309324598",
      "t" : 1756415785309,
      "tn" : 1756415785309324598,
      "q" : "3.34",
      "p" : "7.0586",
      "s" : "sell",
      "i" : "NEO_USD",
      "m" : "4611686018430087039"
    }, {
      "d" : "1756415059881508764",
      "t" : 1756415059881,
      "tn" : 1756415059881508764,
      "q" : "9.07",
      "p" : "7.0200",
      "s" : "buy",
      "i" : "NEO_USD",
      "m" : "4611686018430087038"
    }, {
      "d" : "1756409944027077130",
      "t" : 1756409944027,
      "tn" : 1756409944027077130,
      "q" : "0.15",
      "p" : "7.0054",
      "s" : "sell",
      "i" : "NEO_USD",
      "m" : "4611686018430087037"
    }, {
      "d" : "1756408666124404945",
      "t" : 1756408666124,
      "tn" : 1756408666124404945,
      "q" : "15.37",
      "p" : "7.0310",
      "s" : "sell",
      "i" : "NEO_USD",
      "m" : "4611686018430087036"
    }, {
      "d" : "1756408666123658203",
      "t" : 1756408666123,
      "tn" : 1756408666123658203,
      "q" : "14.05",
      "p" : "7.0310",
      "s" : "sell",
      "i" : "NEO_USD",
      "m" : "4611686018430087035"
    }, {
      "d" : "1756406755786990709",
      "t" : 1756406755786,
      "tn" : 1756406755786990709,
      "q" : "3.00",
      "p" : "7.0430",
      "s" : "sell",
      "i" : "NEO_USD",
      "m" : "4611686018430087034"
    }, {
      "d" : "1756406755786329670",
      "t" : 1756406755786,
      "tn" : 1756406755786329670,
      "q" : "17.00",
      "p" : "7.0430",
      "s" : "sell",
      "i" : "NEO_USD",
      "m" : "4611686018430087033"
    }, {
      "d" : "1756406599912863467",
      "t" : 1756406599912,
      "tn" : 1756406599912863467,
      "q" : "101.74",
      "p" : "7.0347",
      "s" : "buy",
      "i" : "NEO_USD",
      "m" : "4611686018430087032"
    }, {
      "d" : "1756405693637833288",
      "t" : 1756405693637,
      "tn" : 1756405693637833288,
      "q" : "2.97",
      "p" : "7.0360",
      "s" : "buy",
      "i" : "NEO_USD",
      "m" : "4611686018430087031"
    }, {
      "d" : "1756405693637405249",
      "t" : 1756405693637,
      "tn" : 1756405693637405249,
      "q" : "7.03",
      "p" : "7.0360",
      "s" : "buy",
      "i" : "NEO_USD",
      "m" : "4611686018430087030"
    }, {
      "d" : "1756403463784795467",
      "t" : 1756403463784,
      "tn" : 1756403463784795467,
      "q" : "3.00",
      "p" : "7.0164",
      "s" : "buy",
      "i" : "NEO_USD",
      "m" : "4611686018430087029"
    }, {
      "d" : "1756401789271567336",
      "t" : 1756401789271,
      "tn" : 1756401789271567336,
      "q" : "0.54",
      "p" : "7.0090",
      "s" : "sell",
      "i" : "NEO_USD",
      "m" : "4611686018430087028"
    }, {
      "d" : "1756401789248810479",
      "t" : 1756401789248,
      "tn" : 1756401789248810479,
      "q" : "5.71",
      "p" : "7.0090",
      "s" : "sell",
      "i" : "NEO_USD",
      "m" : "4611686018430087027"
    }, {
      "d" : "1756401789225587336",
      "t" : 1756401789225,
      "tn" : 1756401789225587336,
      "q" : "8.82",
      "p" : "7.0090",
      "s" : "sell",
      "i" : "NEO_USD",
      "m" : "4611686018430087026"
    }, {
      "d" : "1756401789216157852",
      "t" : 1756401789216,
      "tn" : 1756401789216157852,
      "q" : "17.00",
      "p" : "7.0090",
      "s" : "sell",
      "i" : "NEO_USD",
      "m" : "4611686018430087025"
    }, {
      "d" : "1756401789207328235",
      "t" : 1756401789207,
      "tn" : 1756401789207328235,
      "q" : "42.80",
      "p" : "7.0090",
      "s" : "sell",
      "i" : "NEO_USD",
      "m" : "4611686018430087024"
    }, {
      "d" : "1756401789204405969",
      "t" : 1756401789204,
      "tn" : 1756401789204405969,
      "q" : "112.79",
      "p" : "7.0090",
      "s" : "sell",
      "i" : "NEO_USD",
      "m" : "4611686018430087023"
    }, {
      "d" : "1756400935431273652",
      "t" : 1756400935431,
      "tn" : 1756400935431273652,
      "q" : "50.00",
      "p" : "6.9600",
      "s" : "buy",
      "i" : "NEO_USD",
      "m" : "4611686018430087022"
    }, {
      "d" : "1756400126297345478",
      "t" : 1756400126297,
      "tn" : 1756400126297345478,
      "q" : "4.46",
      "p" : "6.9965",
      "s" : "sell",
      "i" : "NEO_USD",
      "m" : "4611686018430087021"
    }, {
      "d" : "1756398123301700659",
      "t" : 1756398123301,
      "tn" : 1756398123301700659,
      "q" : "0.70",
      "p" : "7.0715",
      "s" : "sell",
      "i" : "NEO_USD",
      "m" : "4611686018430087020"
    }, {
      "d" : "1756398076222377041",
      "t" : 1756398076222,
      "tn" : 1756398076222377041,
      "q" : "5.66",
      "p" : "7.0715",
      "s" : "sell",
      "i" : "NEO_USD",
      "m" : "4611686018430087019"
    }, {
      "d" : "1756398072114362878",
      "t" : 1756398072114,
      "tn" : 1756398072114362878,
      "q" : "10.35",
      "p" : "7.0715",
      "s" : "sell",
      "i" : "NEO_USD",
      "m" : "4611686018430087018"
    }, {
      "d" : "1756398058357814230",
      "t" : 1756398058357,
      "tn" : 1756398058357814230,
      "q" : "6.36",
      "p" : "7.0715",
      "s" : "sell",
      "i" : "NEO_USD",
      "m" : "4611686018430087017"
    }, {
      "d" : "1756397271641422300",
      "t" : 1756397271641,
      "tn" : 1756397271641422300,
      "q" : "0.01",
      "p" : "7.0125",
      "s" : "sell",
      "i" : "NEO_USD",
      "m" : "4611686018430087016"
    }, {
      "d" : "1756397271639325108",
      "t" : 1756397271639,
      "tn" : 1756397271639325108,
      "q" : "1.05",
      "p" : "7.0125",
      "s" : "sell",
      "i" : "NEO_USD",
      "m" : "4611686018430087015"
    }, {
      "d" : "1756397271639186177",
      "t" : 1756397271639,
      "tn" : 1756397271639186177,
      "q" : "7.21",
      "p" : "7.0125",
      "s" : "sell",
      "i" : "NEO_USD",
      "m" : "4611686018430087014"
    }, {
      "d" : "1756397263239512028",
      "t" : 1756397263239,
      "tn" : 1756397263239512028,
      "q" : "14.17",
      "p" : "7.0543",
      "s" : "sell",
      "i" : "NEO_USD",
      "m" : "4611686018430087013"
    }, {
      "d" : "1756397259263885301",
      "t" : 1756397259263,
      "tn" : 1756397259263885301,
      "q" : "14.15",
      "p" : "7.0625",
      "s" : "sell",
      "i" : "NEO_USD",
      "m" : "4611686018430087012"
    }, {
      "d" : "1756396286939596826",
      "t" : 1756396286939,
      "tn" : 1756396286939596826,
      "q" : "7.88",
      "p" : "7.0730",
      "s" : "buy",
      "i" : "NEO_USD",
      "m" : "4611686018430087011"
    }, {
      "d" : "1756396250373243614",
      "t" : 1756396250373,
      "tn" : 1756396250373243614,
      "q" : "7.31",
      "p" : "7.1001",
      "s" : "sell",
      "i" : "NEO_USD",
      "m" : "4611686018430087010"
    }, {
      "d" : "1756394005038227362",
      "t" : 1756394005038,
      "tn" : 1756394005038227362,
      "q" : "20.00",
      "p" : "7.1400",
      "s" : "buy",
      "i" : "NEO_USD",
      "m" : "4611686018430087009"
    }, {
      "d" : "1756393792030961104",
      "t" : 1756393792030,
      "tn" : 1756393792030961104,
      "q" : "20.00",
      "p" : "7.1400",
      "s" : "buy",
      "i" : "NEO_USD",
      "m" : "4611686018430087008"
    }, {
      "d" : "1756392770019660232",
      "t" : 1756392770019,
      "tn" : 1756392770019660232,
      "q" : "21.18",
      "p" : "7.1300",
      "s" : "buy",
      "i" : "NEO_USD",
      "m" : "4611686018430087007"
    }, {
      "d" : "1756392770017860687",
      "t" : 1756392770017,
      "tn" : 1756392770017860687,
      "q" : "6.20",
      "p" : "7.1300",
      "s" : "buy",
      "i" : "NEO_USD",
      "m" : "4611686018430087006"
    }, {
      "d" : "1756392770017422746",
      "t" : 1756392770017,
      "tn" : 1756392770017422746,
      "q" : "12.62",
      "p" : "7.1300",
      "s" : "buy",
      "i" : "NEO_USD",
      "m" : "4611686018430087005"
    }, {
      "d" : "1756392547234608924",
      "t" : 1756392547234,
      "tn" : 1756392547234608924,
      "q" : "3.00",
      "p" : "7.1478",
      "s" : "buy",
      "i" : "NEO_USD",
      "m" : "4611686018430087004"
    }, {
      "d" : "1756391819771147763",
      "t" : 1756391819771,
      "tn" : 1756391819771147763,
      "q" : "1.84",
      "p" : "7.1395",
      "s" : "buy",
      "i" : "NEO_USD",
      "m" : "4611686018430087003"
    }, {
      "d" : "1756391684504328389",
      "t" : 1756391684504,
      "tn" : 1756391684504328389,
      "q" : "20.00",
      "p" : "7.1200",
      "s" : "buy",
      "i" : "NEO_USD",
      "m" : "4611686018430087002"
    }, {
      "d" : "1756391637605852024",
      "t" : 1756391637605,
      "tn" : 1756391637605852024,
      "q" : "7.00",
      "p" : "7.1291",
      "s" : "sell",
      "i" : "NEO_USD",
      "m" : "4611686018430087001"
    }, {
      "d" : "1756391637587184057",
      "t" : 1756391637587,
      "tn" : 1756391637587184057,
      "q" : "3.00",
      "p" : "7.1291",
      "s" : "sell",
      "i" : "NEO_USD",
      "m" : "4611686018430087000"
    }, {
      "d" : "1756391292330195885",
      "t" : 1756391292330,
      "tn" : 1756391292330195885,
      "q" : "0.35",
      "p" : "7.1038",
      "s" : "sell",
      "i" : "NEO_USD",
      "m" : "4611686018430086999"
    }, {
      "d" : "1756391262329593499",
      "t" : 1756391262329,
      "tn" : 1756391262329593499,
      "q" : "0.30",
      "p" : "7.1254",
      "s" : "buy",
      "i" : "NEO_USD",
      "m" : "4611686018430086998"
    }, {
      "d" : "1756391229633815606",
      "t" : 1756391229633,
      "tn" : 1756391229633815606,
      "q" : "1.67",
      "p" : "7.1202",
      "s" : "sell",
      "i" : "NEO_USD",
      "m" : "4611686018430086997"
    }, {
      "d" : "1756391226487161414",
      "t" : 1756391226487,
      "tn" : 1756391226487161414,
      "q" : "28.09",
      "p" : "7.1202",
      "s" : "sell",
      "i" : "NEO_USD",
      "m" : "4611686018430086996"
    }, {
      "d" : "1756391226440965804",
      "t" : 1756391226440,
      "tn" : 1756391226440965804,
      "q" : "26.84",
      "p" : "7.1202",
      "s" : "sell",
      "i" : "NEO_USD",
      "m" : "4611686018430086995"
    }, {
      "d" : "1756391226424302373",
      "t" : 1756391226424,
      "tn" : 1756391226424302373,
      "q" : "26.12",
      "p" : "7.1202",
      "s" : "sell",
      "i" : "NEO_USD",
      "m" : "4611686018430086994"
    }, {
      "d" : "1756391226360382202",
      "t" : 1756391226360,
      "tn" : 1756391226360382202,
      "q" : "23.56",
      "p" : "7.1202",
      "s" : "sell",
      "i" : "NEO_USD",
      "m" : "4611686018430086993"
    }, {
      "d" : "1756391226341313829",
      "t" : 1756391226341,
      "tn" : 1756391226341313829,
      "q" : "3.27",
      "p" : "7.1202",
      "s" : "sell",
      "i" : "NEO_USD",
      "m" : "4611686018430086992"
    }, {
      "d" : "1756391226320971194",
      "t" : 1756391226320,
      "tn" : 1756391226320971194,
      "q" : "4.62",
      "p" : "7.1202",
      "s" : "sell",
      "i" : "NEO_USD",
      "m" : "4611686018430086991"
    }, {
      "d" : "1756391226240216412",
      "t" : 1756391226240,
      "tn" : 1756391226240216412,
      "q" : "6.30",
      "p" : "7.1202",
      "s" : "sell",
      "i" : "NEO_USD",
      "m" : "4611686018430086990"
    }, {
      "d" : "1756391226238241733",
      "t" : 1756391226238,
      "tn" : 1756391226238241733,
      "q" : "27.02",
      "p" : "7.1202",
      "s" : "sell",
      "i" : "NEO_USD",
      "m" : "4611686018430086989"
    }, {
      "d" : "1756391226223094154",
      "t" : 1756391226223,
      "tn" : 1756391226223094154,
      "q" : "70.22",
      "p" : "7.1202",
      "s" : "sell",
      "i" : "NEO_USD",
      "m" : "4611686018430086988"
    }, {
      "d" : "1756391226222224152",
      "t" : 1756391226222,
      "tn" : 1756391226222224152,
      "q" : "24.41",
      "p" : "7.1202",
      "s" : "sell",
      "i" : "NEO_USD",
      "m" : "4611686018430086987"
    }, {
      "d" : "1756391226190665182",
      "t" : 1756391226190,
      "tn" : 1756391226190665182,
      "q" : "46.47",
      "p" : "7.1202",
      "s" : "sell",
      "i" : "NEO_USD",
      "m" : "4611686018430086986"
    }, {
      "d" : "1756391226176968748",
      "t" : 1756391226176,
      "tn" : 1756391226176968748,
      "q" : "2.69",
      "p" : "7.1202",
      "s" : "sell",
      "i" : "NEO_USD",
      "m" : "4611686018430086985"
    }, {
      "d" : "1756391226176900580",
      "t" : 1756391226176,
      "tn" : 1756391226176900580,
      "q" : "4.49",
      "p" : "7.1202",
      "s" : "sell",
      "i" : "NEO_USD",
      "m" : "4611686018430086984"
    }, {
      "d" : "1756391226176878606",
      "t" : 1756391226176,
      "tn" : 1756391226176878606,
      "q" : "7.00",
      "p" : "7.1202",
      "s" : "sell",
      "i" : "NEO_USD",
      "m" : "4611686018430086983"
    }, {
      "d" : "1756391226174726900",
      "t" : 1756391226174,
      "tn" : 1756391226174726900,
      "q" : "1.70",
      "p" : "7.1202",
      "s" : "sell",
      "i" : "NEO_USD",
      "m" : "4611686018430086982"
    }, {
      "d" : "1756391226174379983",
      "t" : 1756391226174,
      "tn" : 1756391226174379983,
      "q" : "12.00",
      "p" : "7.1202",
      "s" : "sell",
      "i" : "NEO_USD",
      "m" : "4611686018430086981"
    }, {
      "d" : "1756391226171854488",
      "t" : 1756391226171,
      "tn" : 1756391226171854488,
      "q" : "20.00",
      "p" : "7.1202",
      "s" : "sell",
      "i" : "NEO_USD",
      "m" : "4611686018430086980"
    }, {
      "d" : "1756391226170286293",
      "t" : 1756391226170,
      "tn" : 1756391226170286293,
      "q" : "1.69",
      "p" : "7.1202",
      "s" : "sell",
      "i" : "NEO_USD",
      "m" : "4611686018430086979"
    }, {
      "d" : "1756391226169859335",
      "t" : 1756391226169,
      "tn" : 1756391226169859335,
      "q" : "24.00",
      "p" : "7.1202",
      "s" : "sell",
      "i" : "NEO_USD",
      "m" : "4611686018430086978"
    }, {
      "d" : "1756391226168861119",
      "t" : 1756391226168,
      "tn" : 1756391226168861119,
      "q" : "423.02",
      "p" : "7.1202",
      "s" : "sell",
      "i" : "NEO_USD",
      "m" : "4611686018430086977"
    }, {
      "d" : "1756391226168173865",
      "t" : 1756391226168,
      "tn" : 1756391226168173865,
      "q" : "49.86",
      "p" : "7.1202",
      "s" : "sell",
      "i" : "NEO_USD",
      "m" : "4611686018430086976"
    }, {
      "d" : "1756391226167899208",
      "t" : 1756391226167,
      "tn" : 1756391226167899208,
      "q" : "41.23",
      "p" : "7.1202",
      "s" : "sell",
      "i" : "NEO_USD",
      "m" : "4611686018430086975"
    }, {
      "d" : "1756391226167734770",
      "t" : 1756391226167,
      "tn" : 1756391226167734770,
      "q" : "41.23",
      "p" : "7.1202",
      "s" : "sell",
      "i" : "NEO_USD",
      "m" : "4611686018430086974"
    }, {
      "d" : "1756391226167649798",
      "t" : 1756391226167,
      "tn" : 1756391226167649798,
      "q" : "191.33",
      "p" : "7.1202",
      "s" : "sell",
      "i" : "NEO_USD",
      "m" : "4611686018430086973"
    }, {
      "d" : "1756391226167515424",
      "t" : 1756391226167,
      "tn" : 1756391226167515424,
      "q" : "44.48",
      "p" : "7.1202",
      "s" : "sell",
      "i" : "NEO_USD",
      "m" : "4611686018430086972"
    }, {
      "d" : "1756391226167348009",
      "t" : 1756391226167,
      "tn" : 1756391226167348009,
      "q" : "41.24",
      "p" : "7.1202",
      "s" : "sell",
      "i" : "NEO_USD",
      "m" : "4611686018430086971"
    }, {
      "d" : "1756391226167344770",
      "t" : 1756391226167,
      "tn" : 1756391226167344770,
      "q" : "47.24",
      "p" : "7.1202",
      "s" : "sell",
      "i" : "NEO_USD",
      "m" : "4611686018430086970"
    }, {
      "d" : "1756391226165266948",
      "t" : 1756391226165,
      "tn" : 1756391226165266948,
      "q" : "6.28",
      "p" : "7.1202",
      "s" : "sell",
      "i" : "NEO_USD",
      "m" : "4611686018430086969"
    }, {
      "d" : "1756391226164200929",
      "t" : 1756391226164,
      "tn" : 1756391226164200929,
      "q" : "309.71",
      "p" : "7.1202",
      "s" : "sell",
      "i" : "NEO_USD",
      "m" : "4611686018430086968"
    }, {
      "d" : "1756391226164019858",
      "t" : 1756391226164,
      "tn" : 1756391226164019858,
      "q" : "47.82",
      "p" : "7.1202",
      "s" : "sell",
      "i" : "NEO_USD",
      "m" : "4611686018430086967"
    }, {
      "d" : "1756391226164017641",
      "t" : 1756391226164,
      "tn" : 1756391226164017641,
      "q" : "65.48",
      "p" : "7.1202",
      "s" : "sell",
      "i" : "NEO_USD",
      "m" : "4611686018430086966"
    }, {
      "d" : "1756391226163065976",
      "t" : 1756391226163,
      "tn" : 1756391226163065976,
      "q" : "17.11",
      "p" : "7.1202",
      "s" : "sell",
      "i" : "NEO_USD",
      "m" : "4611686018430086965"
    }, {
      "d" : "1756391226161630137",
      "t" : 1756391226161,
      "tn" : 1756391226161630137,
      "q" : "54.60",
      "p" : "7.1202",
      "s" : "sell",
      "i" : "NEO_USD",
      "m" : "4611686018430086964"
    }, {
      "d" : "1756391226161627860",
      "t" : 1756391226161,
      "tn" : 1756391226161627860,
      "q" : "227.40",
      "p" : "7.1202",
      "s" : "sell",
      "i" : "NEO_USD",
      "m" : "4611686018430086963"
    }, {
      "d" : "1756391226161515549",
      "t" : 1756391226161,
      "tn" : 1756391226161515549,
      "q" : "17.09",
      "p" : "7.1202",
      "s" : "sell",
      "i" : "NEO_USD",
      "m" : "4611686018430086962"
    }, {
      "d" : "1756391226160803089",
      "t" : 1756391226160,
      "tn" : 1756391226160803089,
      "q" : "931.17",
      "p" : "7.1202",
      "s" : "sell",
      "i" : "NEO_USD",
      "m" : "4611686018430086961"
    }, {
      "d" : "1756391226160329930",
      "t" : 1756391226160,
      "tn" : 1756391226160329930,
      "q" : "33.09",
      "p" : "7.1202",
      "s" : "sell",
      "i" : "NEO_USD",
      "m" : "4611686018430086960"
    }, {
      "d" : "1756391226159935168",
      "t" : 1756391226159,
      "tn" : 1756391226159935168,
      "q" : "17.09",
      "p" : "7.1202",
      "s" : "sell",
      "i" : "NEO_USD",
      "m" : "4611686018430086959"
    } ]
  }
}