{
  "id" : -1,
  "method" : "public/get-trades",
  "code" : 0,
  "result" : {
    "data" : [ {
      "d" : "1756461874048594082",
      "t" : 1756461874048,
      "tn" : 1756461874048594082,
      "q" : "10.6",
      "p" : "0.16592",
      "s" : "sell",
      "i" : "NEON_USD",
      "m" : "4611686018428714112"
    }, {
      "d" : "1756461871753926979",
      "t" : 1756461871753,
      "tn" : 1756461871753926979,
      "q" : "7.1",
      "p" : "0.16592",
      "s" : "sell",
      "i" : "NEON_USD",
      "m" : "4611686018428714111"
    }, {
      "d" : "1756461871718774060",
      "t" : 1756461871718,
      "tn" : 1756461871718774060,
      "q" : "10.6",
      "p" : "0.16592",
      "s" : "sell",
      "i" : "NEON_USD",
      "m" : "4611686018428714110"
    }, {
      "d" : "1756461871708733805",
      "t" : 1756461871708,
      "tn" : 1756461871708733805,
      "q" : "10.6",
      "p" : "0.16592",
      "s" : "sell",
      "i" : "NEON_USD",
      "m" : "4611686018428714109"
    }, {
      "d" : "1756461871668670415",
      "t" : 1756461871668,
      "tn" : 1756461871668670415,
      "q" : "10.6",
      "p" : "0.16592",
      "s" : "sell",
      "i" : "NEON_USD",
      "m" : "4611686018428714108"
    }, {
      "d" : "1756461871653552122",
      "t" : 1756461871653,
      "tn" : 1756461871653552122,
      "q" : "10.6",
      "p" : "0.16592",
      "s" : "sell",
      "i" : "NEON_USD",
      "m" : "4611686018428714107"
    }, {
      "d" : "1756461871643546384",
      "t" : 1756461871643,
      "tn" : 1756461871643546384,
      "q" : "10.6",
      "p" : "0.16592",
      "s" : "sell",
      "i" : "NEON_USD",
      "m" : "4611686018428714106"
    }, {
      "d" : "1756461871638592714",
      "t" : 1756461871638,
      "tn" : 1756461871638592714,
      "q" : "10.6",
      "p" : "0.16592",
      "s" : "sell",
      "i" : "NEON_USD",
      "m" : "4611686018428714105"
    }, {
      "d" : "1756461871628580456",
      "t" : 1756461871628,
      "tn" : 1756461871628580456,
      "q" : "10.6",
      "p" : "0.16592",
      "s" : "sell",
      "i" : "NEON_USD",
      "m" : "4611686018428714104"
    }, {
      "d" : "1756461871613257100",
      "t" : 1756461871613,
      "tn" : 1756461871613257100,
      "q" : "10.6",
      "p" : "0.16592",
      "s" : "sell",
      "i" : "NEON_USD",
      "m" : "4611686018428714103"
    }, {
      "d" : "1756461870757140926",
      "t" : 1756461870757,
      "tn" : 1756461870757140926,
      "q" : "10.6",
      "p" : "0.16592",
      "s" : "sell",
      "i" : "NEON_USD",
      "m" : "4611686018428714102"
    }, {
      "d" : "1756461525056000588",
      "t" : 1756461525056,
      "tn" : 1756461525056000588,
      "q" : "10.6",
      "p" : "0.16755",
      "s" : "sell",
      "i" : "NEON_USD",
      "m" : "4611686018428714101"
    }, {
      "d" : "1756461525045995965",
      "t" : 1756461525045,
      "tn" : 1756461525045995965,
      "q" : "10.6",
      "p" : "0.16756",
      "s" : "sell",
      "i" : "NEON_USD",
      "m" : "4611686018428714100"
    }, {
      "d" : "1756461525035951443",
      "t" : 1756461525035,
      "tn" : 1756461525035951443,
      "q" : "10.6",
      "p" : "0.16756",
      "s" : "sell",
      "i" : "NEON_USD",
      "m" : "4611686018428714099"
    }, {
      "d" : "1756461525020959004",
      "t" : 1756461525020,
      "tn" : 1756461525020959004,
      "q" : "10.6",
      "p" : "0.16755",
      "s" : "sell",
      "i" : "NEON_USD",
      "m" : "4611686018428714098"
    }, {
      "d" : "1756461524960882288",
      "t" : 1756461524960,
      "tn" : 1756461524960882288,
      "q" : "10.6",
      "p" : "0.16755",
      "s" : "sell",
      "i" : "NEON_USD",
      "m" : "4611686018428714097"
    }, {
      "d" : "1756461524950866935",
      "t" : 1756461524950,
      "tn" : 1756461524950866935,
      "q" : "10.6",
      "p" : "0.16754",
      "s" : "sell",
      "i" : "NEON_USD",
      "m" : "4611686018428714096"
    }, {
      "d" : "1756461524934886298",
      "t" : 1756461524934,
      "tn" : 1756461524934886298,
      "q" : "10.6",
      "p" : "0.16755",
      "s" : "sell",
      "i" : "NEON_USD",
      "m" : "4611686018428714095"
    }, {
      "d" : "1756461524919945048",
      "t" : 1756461524919,
      "tn" : 1756461524919945048,
      "q" : "10.6",
      "p" : "0.16754",
      "s" : "sell",
      "i" : "NEON_USD",
      "m" : "4611686018428714094"
    }, {
      "d" : "1756461524529109681",
      "t" : 1756461524529,
      "tn" : 1756461524529109681,
      "q" : "10.6",
      "p" : "0.16754",
      "s" : "sell",
      "i" : "NEON_USD",
      "m" : "4611686018428714093"
    }, {
      "d" : "1756461524479012842",
      "t" : 1756461524479,
      "tn" : 1756461524479012842,
      "q" : "10.6",
      "p" : "0.16753",
      "s" : "sell",
      "i" : "NEON_USD",
      "m" : "4611686018428714092"
    }, {
      "d" : "1756461524459000427",
      "t" : 1756461524459,
      "tn" : 1756461524459000427,
      "q" : "10.6",
      "p" : "0.16753",
      "s" : "sell",
      "i" : "NEON_USD",
      "m" : "4611686018428714091"
    }, {
      "d" : "1756461524138699564",
      "t" : 1756461524138,
      "tn" : 1756461524138699564,
      "q" : "10.6",
      "p" : "0.16753",
      "s" : "sell",
      "i" : "NEON_USD",
      "m" : "4611686018428714090"
    }, {
      "d" : "1756461524123767363",
      "t" : 1756461524123,
      "tn" : 1756461524123767363,
      "q" : "10.6",
      "p" : "0.16753",
      "s" : "sell",
      "i" : "NEON_USD",
      "m" : "4611686018428714089"
    }, {
      "d" : "1756461523978501570",
      "t" : 1756461523978,
      "tn" : 1756461523978501570,
      "q" : "10.6",
      "p" : "0.16752",
      "s" : "sell",
      "i" : "NEON_USD",
      "m" : "4611686018428714088"
    }, {
      "d" : "1756461523942503993",
      "t" : 1756461523942,
      "tn" : 1756461523942503993,
      "q" : "10.6",
      "p" : "0.16752",
      "s" : "sell",
      "i" : "NEON_USD",
      "m" : "4611686018428714087"
    }, {
      "d" : "1756461523777119693",
      "t" : 1756461523777,
      "tn" : 1756461523777119693,
      "q" : "10.6",
      "p" : "0.16752",
      "s" : "sell",
      "i" : "NEON_USD",
      "m" : "4611686018428714086"
    }, {
      "d" : "1756461523706833305",
      "t" : 1756461523706,
      "tn" : 1756461523706833305,
      "q" : "10.6",
      "p" : "0.16751",
      "s" : "sell",
      "i" : "NEON_USD",
      "m" : "4611686018428714085"
    }, {
      "d" : "1756461523611935555",
      "t" : 1756461523611,
      "tn" : 1756461523611935555,
      "q" : "10.6",
      "p" : "0.16751",
      "s" : "sell",
      "i" : "NEON_USD",
      "m" : "4611686018428714084"
    }, {
      "d" : "1756461523596739220",
      "t" : 1756461523596,
      "tn" : 1756461523596739220,
      "q" : "10.6",
      "p" : "0.16751",
      "s" : "sell",
      "i" : "NEON_USD",
      "m" : "4611686018428714083"
    }, {
      "d" : "1756461523576699469",
      "t" : 1756461523576,
      "tn" : 1756461523576699469,
      "q" : "10.6",
      "p" : "0.16750",
      "s" : "sell",
      "i" : "NEON_USD",
      "m" : "4611686018428714082"
    }, {
      "d" : "1756461523561700520",
      "t" : 1756461523561,
      "tn" : 1756461523561700520,
      "q" : "10.6",
      "p" : "0.16750",
      "s" : "sell",
      "i" : "NEON_USD",
      "m" : "4611686018428714081"
    }, {
      "d" : "1756461523531660486",
      "t" : 1756461523531,
      "tn" : 1756461523531660486,
      "q" : "10.6",
      "p" : "0.16749",
      "s" : "sell",
      "i" : "NEON_USD",
      "m" : "4611686018428714080"
    }, {
      "d" : "1756461523476585137",
      "t" : 1756461523476,
      "tn" : 1756461523476585137,
      "q" : "10.6",
      "p" : "0.16749",
      "s" : "sell",
      "i" : "NEON_USD",
      "m" : "4611686018428714079"
    }, {
      "d" : "1756461523466631474",
      "t" : 1756461523466,
      "tn" : 1756461523466631474,
      "q" : "10.6",
      "p" : "0.16749",
      "s" : "sell",
      "i" : "NEON_USD",
      "m" : "4611686018428714078"
    }, {
      "d" : "1756461523266316582",
      "t" : 1756461523266,
      "tn" : 1756461523266316582,
      "q" : "10.6",
      "p" : "0.16748",
      "s" : "sell",
      "i" : "NEON_USD",
      "m" : "4611686018428714077"
    }, {
      "d" : "1756461523251455066",
      "t" : 1756461523251,
      "tn" : 1756461523251455066,
      "q" : "10.6",
      "p" : "0.16748",
      "s" : "sell",
      "i" : "NEON_USD",
      "m" : "4611686018428714076"
    }, {
      "d" : "1756461523241338728",
      "t" : 1756461523241,
      "tn" : 1756461523241338728,
      "q" : "10.6",
      "p" : "0.16747",
      "s" : "sell",
      "i" : "NEON_USD",
      "m" : "4611686018428714075"
    }, {
      "d" : "1756461523171254409",
      "t" : 1756461523171,
      "tn" : 1756461523171254409,
      "q" : "10.6",
      "p" : "0.16746",
      "s" : "sell",
      "i" : "NEON_USD",
      "m" : "4611686018428714074"
    }, {
      "d" : "1756461523156250966",
      "t" : 1756461523156,
      "tn" : 1756461523156250966,
      "q" : "10.6",
      "p" : "0.16746",
      "s" : "sell",
      "i" : "NEON_USD",
      "m" : "4611686018428714073"
    }, {
      "d" : "1756461523116256790",
      "t" : 1756461523116,
      "tn" : 1756461523116256790,
      "q" : "10.6",
      "p" : "0.16746",
      "s" : "sell",
      "i" : "NEON_USD",
      "m" : "4611686018428714072"
    }, {
      "d" : "1756461523101285127",
      "t" : 1756461523101,
      "tn" : 1756461523101285127,
      "q" : "10.6",
      "p" : "0.16746",
      "s" : "sell",
      "i" : "NEON_USD",
      "m" : "4611686018428714071"
    }, {
      "d" : "1756461522996108093",
      "t" : 1756461522996,
      "tn" : 1756461522996108093,
      "q" : "10.6",
      "p" : "0.16745",
      "s" : "sell",
      "i" : "NEON_USD",
      "m" : "4611686018428714070"
    }, {
      "d" : "1756461522869886546",
      "t" : 1756461522869,
      "tn" : 1756461522869886546,
      "q" : "10.6",
      "p" : "0.16745",
      "s" : "sell",
      "i" : "NEON_USD",
      "m" : "4611686018428714069"
    }, {
      "d" : "1756461522804875504",
      "t" : 1756461522804,
      "tn" : 1756461522804875504,
      "q" : "10.6",
      "p" : "0.16745",
      "s" : "sell",
      "i" : "NEON_USD",
      "m" : "4611686018428714068"
    }, {
      "d" : "1756461522790010355",
      "t" : 1756461522790,
      "tn" : 1756461522790010355,
      "q" : "10.6",
      "p" : "0.16744",
      "s" : "sell",
      "i" : "NEON_USD",
      "m" : "4611686018428714067"
    }, {
      "d" : "1756461519337186316",
      "t" : 1756461519337,
      "tn" : 1756461519337186316,
      "q" : "10.6",
      "p" : "0.16751",
      "s" : "sell",
      "i" : "NEON_USD",
      "m" : "4611686018428714066"
    }, {
      "d" : "1756461519257183261",
      "t" : 1756461519257,
      "tn" : 1756461519257183261,
      "q" : "10.6",
      "p" : "0.16751",
      "s" : "sell",
      "i" : "NEON_USD",
      "m" : "4611686018428714065"
    }, {
      "d" : "1756461519232100460",
      "t" : 1756461519232,
      "tn" : 1756461519232100460,
      "q" : "10.6",
      "p" : "0.16751",
      "s" : "sell",
      "i" : "NEON_USD",
      "m" : "4611686018428714064"
    }, {
      "d" : "1756461519207087671",
      "t" : 1756461519207,
      "tn" : 1756461519207087671,
      "q" : "10.6",
      "p" : "0.16751",
      "s" : "sell",
      "i" : "NEON_USD",
      "m" : "4611686018428714063"
    }, {
      "d" : "1756461519142006857",
      "t" : 1756461519142,
      "tn" : 1756461519142006857,
      "q" : "10.6",
      "p" : "0.16751",
      "s" : "sell",
      "i" : "NEON_USD",
      "m" : "4611686018428714062"
    }, {
      "d" : "1756461519132211184",
      "t" : 1756461519132,
      "tn" : 1756461519132211184,
      "q" : "10.6",
      "p" : "0.16750",
      "s" : "sell",
      "i" : "NEON_USD",
      "m" : "4611686018428714061"
    }, {
      "d" : "1756461516051737147",
      "t" : 1756461516051,
      "tn" : 1756461516051737147,
      "q" : "159.0",
      "p" : "0.16755",
      "s" : "buy",
      "i" : "NEON_USD",
      "m" : "4611686018428714060"
    }, {
      "d" : "1756461516051730957",
      "t" : 1756461516051,
      "tn" : 1756461516051730957,
      "q" : "202.0",
      "p" : "0.16755",
      "s" : "buy",
      "i" : "NEON_USD",
      "m" : "4611686018428714059"
    }, {
      "d" : "1756461516041325221",
      "t" : 1756461516041,
      "tn" : 1756461516041325221,
      "q" : "149.4",
      "p" : "0.16755",
      "s" : "buy",
      "i" : "NEON_USD",
      "m" : "4611686018428714058"
    }, {
      "d" : "1756461516041323856",
      "t" : 1756461516041,
      "tn" : 1756461516041323856,
      "q" : "10.6",
      "p" : "0.16683",
      "s" : "buy",
      "i" : "NEON_USD",
      "m" : "4611686018428714057"
    }, {
      "d" : "1756461516033895144",
      "t" : 1756461516033,
      "tn" : 1756461516033895144,
      "q" : "189.4",
      "p" : "0.16755",
      "s" : "buy",
      "i" : "NEON_USD",
      "m" : "4611686018428714056"
    }, {
      "d" : "1756461516033893409",
      "t" : 1756461516033,
      "tn" : 1756461516033893409,
      "q" : "10.6",
      "p" : "0.16683",
      "s" : "buy",
      "i" : "NEON_USD",
      "m" : "4611686018428714055"
    }, {
      "d" : "1756461515871306161",
      "t" : 1756461515871,
      "tn" : 1756461515871306161,
      "q" : "150.0",
      "p" : "0.16754",
      "s" : "buy",
      "i" : "NEON_USD",
      "m" : "4611686018428714054"
    }, {
      "d" : "1756461515871303225",
      "t" : 1756461515871,
      "tn" : 1756461515871303225,
      "q" : "89.4",
      "p" : "0.16754",
      "s" : "buy",
      "i" : "NEON_USD",
      "m" : "4611686018428714053"
    }, {
      "d" : "1756461515871300903",
      "t" : 1756461515871,
      "tn" : 1756461515871300903,
      "q" : "10.6",
      "p" : "0.16602",
      "s" : "buy",
      "i" : "NEON_USD",
      "m" : "4611686018428714052"
    }, {
      "d" : "1756461493781972598",
      "t" : 1756461493781,
      "tn" : 1756461493781972598,
      "q" : "10.6",
      "p" : "0.16564",
      "s" : "sell",
      "i" : "NEON_USD",
      "m" : "4611686018428714051"
    }, {
      "d" : "1756461493742042250",
      "t" : 1756461493742,
      "tn" : 1756461493742042250,
      "q" : "10.3",
      "p" : "0.16564",
      "s" : "sell",
      "i" : "NEON_USD",
      "m" : "4611686018428714050"
    }, {
      "d" : "1756461493647022021",
      "t" : 1756461493647,
      "tn" : 1756461493647022021,
      "q" : "10.6",
      "p" : "0.16564",
      "s" : "sell",
      "i" : "NEON_USD",
      "m" : "4611686018428714049"
    }, {
      "d" : "1756461115223818570",
      "t" : 1756461115223,
      "tn" : 1756461115223818570,
      "q" : "10.6",
      "p" : "0.16732",
      "s" : "buy",
      "i" : "NEON_USD",
      "m" : "4611686018428714048"
    }, {
      "d" : "1756459403293805882",
      "t" : 1756459403293,
      "tn" : 1756459403293805882,
      "q" : "291.8",
      "p" : "0.17135",
      "s" : "buy",
      "i" : "NEON_USD",
      "m" : "4611686018428714047"
    }, {
      "d" : "1756459400807429781",
      "t" : 1756459400807,
      "tn" : 1756459400807429781,
      "q" : "10.6",
      "p" : "0.17051",
      "s" : "sell",
      "i" : "NEON_USD",
      "m" : "4611686018428714046"
    }, {
      "d" : "1756459400797663206",
      "t" : 1756459400797,
      "tn" : 1756459400797663206,
      "q" : "10.6",
      "p" : "0.17051",
      "s" : "sell",
      "i" : "NEON_USD",
      "m" : "4611686018428714045"
    }, {
      "d" : "1756459400767262703",
      "t" : 1756459400767,
      "tn" : 1756459400767262703,
      "q" : "10.6",
      "p" : "0.17052",
      "s" : "sell",
      "i" : "NEON_USD",
      "m" : "4611686018428714044"
    }, {
      "d" : "1756459400686976632",
      "t" : 1756459400686,
      "tn" : 1756459400686976632,
      "q" : "10.6",
      "p" : "0.17053",
      "s" : "sell",
      "i" : "NEON_USD",
      "m" : "4611686018428714043"
    }, {
      "d" : "1756459400657030289",
      "t" : 1756459400657,
      "tn" : 1756459400657030289,
      "q" : "10.6",
      "p" : "0.17055",
      "s" : "sell",
      "i" : "NEON_USD",
      "m" : "4611686018428714042"
    }, {
      "d" : "1756459400601859588",
      "t" : 1756459400601,
      "tn" : 1756459400601859588,
      "q" : "10.6",
      "p" : "0.17055",
      "s" : "sell",
      "i" : "NEON_USD",
      "m" : "4611686018428714041"
    }, {
      "d" : "1756459400581858769",
      "t" : 1756459400581,
      "tn" : 1756459400581858769,
      "q" : "10.6",
      "p" : "0.17055",
      "s" : "sell",
      "i" : "NEON_USD",
      "m" : "4611686018428714040"
    }, {
      "d" : "1756459400561839682",
      "t" : 1756459400561,
      "tn" : 1756459400561839682,
      "q" : "10.6",
      "p" : "0.17055",
      "s" : "sell",
      "i" : "NEON_USD",
      "m" : "4611686018428714039"
    }, {
      "d" : "1756459400531929447",
      "t" : 1756459400531,
      "tn" : 1756459400531929447,
      "q" : "10.6",
      "p" : "0.17056",
      "s" : "sell",
      "i" : "NEON_USD",
      "m" : "4611686018428714038"
    }, {
      "d" : "1756459399593648228",
      "t" : 1756459399593,
      "tn" : 1756459399593648228,
      "q" : "10.6",
      "p" : "0.17002",
      "s" : "sell",
      "i" : "NEON_USD",
      "m" : "4611686018428714037"
    }, {
      "d" : "1756459399528731400",
      "t" : 1756459399528,
      "tn" : 1756459399528731400,
      "q" : "10.6",
      "p" : "0.17002",
      "s" : "sell",
      "i" : "NEON_USD",
      "m" : "4611686018428714036"
    }, {
      "d" : "1756459395928837262",
      "t" : 1756459395928,
      "tn" : 1756459395928837262,
      "q" : "25.4",
      "p" : "0.17005",
      "s" : "buy",
      "i" : "NEON_USD",
      "m" : "4611686018428714035"
    }, {
      "d" : "1756459395928834805",
      "t" : 1756459395928,
      "tn" : 1756459395928834805,
      "q" : "10.6",
      "p" : "0.16849",
      "s" : "buy",
      "i" : "NEON_USD",
      "m" : "4611686018428714034"
    }, {
      "d" : "1756459266294704400",
      "t" : 1756459266294,
      "tn" : 1756459266294704400,
      "q" : "25.4",
      "p" : "0.16768",
      "s" : "buy",
      "i" : "NEON_USD",
      "m" : "4611686018428714033"
    }, {
      "d" : "1756459266294701999",
      "t" : 1756459266294,
      "tn" : 1756459266294701999,
      "q" : "10.6",
      "p" : "0.16664",
      "s" : "buy",
      "i" : "NEON_USD",
      "m" : "4611686018428714032"
    }, {
      "d" : "1756458915524111327",
      "t" : 1756458915524,
      "tn" : 1756458915524111327,
      "q" : "10.6",
      "p" : "0.16355",
      "s" : "sell",
      "i" : "NEON_USD",
      "m" : "4611686018428714031"
    }, {
      "d" : "1756458407974881706",
      "t" : 1756458407974,
      "tn" : 1756458407974881706,
      "q" : "10.6",
      "p" : "0.17099",
      "s" : "sell",
      "i" : "NEON_USD",
      "m" : "4611686018428714030"
    }, {
      "d" : "1756458181075280235",
      "t" : 1756458181075,
      "tn" : 1756458181075280235,
      "q" : "12.7",
      "p" : "0.16874",
      "s" : "sell",
      "i" : "NEON_USD",
      "m" : "4611686018428714029"
    }, {
      "d" : "1756458181051343752",
      "t" : 1756458181051,
      "tn" : 1756458181051343752,
      "q" : "100.0",
      "p" : "0.16874",
      "s" : "sell",
      "i" : "NEON_USD",
      "m" : "4611686018428714028"
    }, {
      "d" : "1756458181034270427",
      "t" : 1756458181034,
      "tn" : 1756458181034270427,
      "q" : "48.0",
      "p" : "0.16874",
      "s" : "sell",
      "i" : "NEON_USD",
      "m" : "4611686018428714027"
    }, {
      "d" : "1756458181002112554",
      "t" : 1756458181002,
      "tn" : 1756458181002112554,
      "q" : "68.0",
      "p" : "0.16874",
      "s" : "sell",
      "i" : "NEON_USD",
      "m" : "4611686018428714026"
    }, {
      "d" : "1756458180977809750",
      "t" : 1756458180977,
      "tn" : 1756458180977809750,
      "q" : "10.6",
      "p" : "0.16874",
      "s" : "sell",
      "i" : "NEON_USD",
      "m" : "4611686018428714025"
    }, {
      "d" : "1756458180965894705",
      "t" : 1756458180965,
      "tn" : 1756458180965894705,
      "q" : "100.0",
      "p" : "0.16874",
      "s" : "sell",
      "i" : "NEON_USD",
      "m" : "4611686018428714024"
    }, {
      "d" : "1756458180866675568",
      "t" : 1756458180866,
      "tn" : 1756458180866675568,
      "q" : "10.6",
      "p" : "0.16874",
      "s" : "sell",
      "i" : "NEON_USD",
      "m" : "4611686018428714023"
    }, {
      "d" : "1756458180751397410",
      "t" : 1756458180751,
      "tn" : 1756458180751397410,
      "q" : "10.6",
      "p" : "0.16874",
      "s" : "sell",
      "i" : "NEON_USD",
      "m" : "4611686018428714022"
    }, {
      "d" : "1756458180641244067",
      "t" : 1756458180641,
      "tn" : 1756458180641244067,
      "q" : "10.6",
      "p" : "0.16874",
      "s" : "sell",
      "i" : "NEON_USD",
      "m" : "4611686018428714021"
    }, {
      "d" : "1756458166599390560",
      "t" : 1756458166599,
      "tn" : 1756458166599390560,
      "q" : "104.0",
      "p" : "0.16907",
      "s" : "sell",
      "i" : "NEON_USD",
      "m" : "4611686018428714020"
    }, {
      "d" : "1756458166559135747",
      "t" : 1756458166559,
      "tn" : 1756458166559135747,
      "q" : "302.0",
      "p" : "0.16906",
      "s" : "sell",
      "i" : "NEON_USD",
      "m" : "4611686018428714019"
    }, {
      "d" : "1756458159950950620",
      "t" : 1756458159950,
      "tn" : 1756458159950950620,
      "q" : "10.6",
      "p" : "0.16893",
      "s" : "sell",
      "i" : "NEON_USD",
      "m" : "4611686018428714018"
    }, {
      "d" : "1756458159946590845",
      "t" : 1756458159946,
      "tn" : 1756458159946590845,
      "q" : "100.0",
      "p" : "0.16914",
      "s" : "sell",
      "i" : "NEON_USD",
      "m" : "4611686018428714017"
    }, {
      "d" : "1756458101363342355",
      "t" : 1756458101363,
      "tn" : 1756458101363342355,
      "q" : "10.6",
      "p" : "0.17091",
      "s" : "sell",
      "i" : "NEON_USD",
      "m" : "4611686018428714016"
    }, {
      "d" : "1756458101147736453",
      "t" : 1756458101147,
      "tn" : 1756458101147736453,
      "q" : "10.6",
      "p" : "0.17094",
      "s" : "sell",
      "i" : "NEON_USD",
      "m" : "4611686018428714015"
    }, {
      "d" : "1756458071398712888",
      "t" : 1756458071398,
      "tn" : 1756458071398712888,
      "q" : "10.6",
      "p" : "0.17143",
      "s" : "sell",
      "i" : "NEON_USD",
      "m" : "4611686018428714014"
    }, {
      "d" : "1756458044025458163",
      "t" : 1756458044025,
      "tn" : 1756458044025458163,
      "q" : "10.6",
      "p" : "0.17377",
      "s" : "buy",
      "i" : "NEON_USD",
      "m" : "4611686018428714013"
    }, {
      "d" : "1756458005450596442",
      "t" : 1756458005450,
      "tn" : 1756458005450596442,
      "q" : "10.6",
      "p" : "0.17227",
      "s" : "sell",
      "i" : "NEON_USD",
      "m" : "4611686018428714012"
    }, {
      "d" : "1756458000254816127",
      "t" : 1756458000254,
      "tn" : 1756458000254816127,
      "q" : "10.6",
      "p" : "0.17197",
      "s" : "sell",
      "i" : "NEON_USD",
      "m" : "4611686018428714011"
    }, {
      "d" : "1756457993298550220",
      "t" : 1756457993298,
      "tn" : 1756457993298550220,
      "q" : "10.6",
      "p" : "0.17512",
      "s" : "sell",
      "i" : "NEON_USD",
      "m" : "4611686018428714010"
    }, {
      "d" : "1756457993164994440",
      "t" : 1756457993164,
      "tn" : 1756457993164994440,
      "q" : "10.6",
      "p" : "0.17442",
      "s" : "sell",
      "i" : "NEON_USD",
      "m" : "4611686018428714009"
    }, {
      "d" : "1756457993140633317",
      "t" : 1756457993140,
      "tn" : 1756457993140633317,
      "q" : "10.6",
      "p" : "0.17461",
      "s" : "sell",
      "i" : "NEON_USD",
      "m" : "4611686018428714008"
    }, {
      "d" : "1756457993140631388",
      "t" : 1756457993140,
      "tn" : 1756457993140631388,
      "q" : "84.2",
      "p" : "0.17528",
      "s" : "sell",
      "i" : "NEON_USD",
      "m" : "4611686018428714007"
    }, {
      "d" : "1756457993116679598",
      "t" : 1756457993116,
      "tn" : 1756457993116679598,
      "q" : "160.0",
      "p" : "0.17528",
      "s" : "sell",
      "i" : "NEON_USD",
      "m" : "4611686018428714006"
    }, {
      "d" : "1756457993116661326",
      "t" : 1756457993116,
      "tn" : 1756457993116661326,
      "q" : "120.0",
      "p" : "0.17528",
      "s" : "sell",
      "i" : "NEON_USD",
      "m" : "4611686018428714005"
    }, {
      "d" : "1756457993111261216",
      "t" : 1756457993111,
      "tn" : 1756457993111261216,
      "q" : "160.0",
      "p" : "0.17529",
      "s" : "sell",
      "i" : "NEON_USD",
      "m" : "4611686018428714004"
    }, {
      "d" : "1756457993109268159",
      "t" : 1756457993109,
      "tn" : 1756457993109268159,
      "q" : "109.4",
      "p" : "0.17529",
      "s" : "sell",
      "i" : "NEON_USD",
      "m" : "4611686018428714003"
    }, {
      "d" : "1756457993109265748",
      "t" : 1756457993109,
      "tn" : 1756457993109265748,
      "q" : "10.6",
      "p" : "0.17599",
      "s" : "sell",
      "i" : "NEON_USD",
      "m" : "4611686018428714002"
    }, {
      "d" : "1756457897655107125",
      "t" : 1756457897655,
      "tn" : 1756457897655107125,
      "q" : "92.0",
      "p" : "0.17999",
      "s" : "buy",
      "i" : "NEON_USD",
      "m" : "4611686018428714001"
    }, {
      "d" : "1756457897642730940",
      "t" : 1756457897642,
      "tn" : 1756457897642730940,
      "q" : "244.8",
      "p" : "0.17999",
      "s" : "buy",
      "i" : "NEON_USD",
      "m" : "4611686018428714000"
    }, {
      "d" : "1756457880926868670",
      "t" : 1756457880926,
      "tn" : 1756457880926868670,
      "q" : "29.0",
      "p" : "0.18000",
      "s" : "buy",
      "i" : "NEON_USD",
      "m" : "4611686018428713999"
    }, {
      "d" : "1756457847956565551",
      "t" : 1756457847956,
      "tn" : 1756457847956565551,
      "q" : "260.0",
      "p" : "0.17988",
      "s" : "buy",
      "i" : "NEON_USD",
      "m" : "4611686018428713998"
    }, {
      "d" : "1756457847952121052",
      "t" : 1756457847952,
      "tn" : 1756457847952121052,
      "q" : "435.0",
      "p" : "0.17988",
      "s" : "buy",
      "i" : "NEON_USD",
      "m" : "4611686018428713997"
    }, {
      "d" : "1756457847939575168",
      "t" : 1756457847939,
      "tn" : 1756457847939575168,
      "q" : "585.0",
      "p" : "0.17988",
      "s" : "buy",
      "i" : "NEON_USD",
      "m" : "4611686018428713996"
    }, {
      "d" : "1756457847925981622",
      "t" : 1756457847925,
      "tn" : 1756457847925981622,
      "q" : "150.4",
      "p" : "0.17988",
      "s" : "buy",
      "i" : "NEON_USD",
      "m" : "4611686018428713995"
    }, {
      "d" : "1756457847925979702",
      "t" : 1756457847925,
      "tn" : 1756457847925979702,
      "q" : "349.9",
      "p" : "0.17987",
      "s" : "buy",
      "i" : "NEON_USD",
      "m" : "4611686018428713994"
    }, {
      "d" : "1756457613657206251",
      "t" : 1756457613657,
      "tn" : 1756457613657206251,
      "q" : "90.8",
      "p" : "0.17947",
      "s" : "buy",
      "i" : "NEON_USD",
      "m" : "4611686018428713993"
    }, {
      "d" : "1756457604326732040",
      "t" : 1756457604326,
      "tn" : 1756457604326732040,
      "q" : "1339.9",
      "p" : "0.18152",
      "s" : "buy",
      "i" : "NEON_USD",
      "m" : "4611686018428713992"
    }, {
      "d" : "1756457604326730152",
      "t" : 1756457604326,
      "tn" : 1756457604326730152,
      "q" : "413.2",
      "p" : "0.18151",
      "s" : "buy",
      "i" : "NEON_USD",
      "m" : "4611686018428713991"
    }, {
      "d" : "1756457604326727478",
      "t" : 1756457604326,
      "tn" : 1756457604326727478,
      "q" : "10.6",
      "p" : "0.17852",
      "s" : "buy",
      "i" : "NEON_USD",
      "m" : "4611686018428713990"
    }, {
      "d" : "1756457598026278226",
      "t" : 1756457598026,
      "tn" : 1756457598026278226,
      "q" : "16585.0",
      "p" : "0.18221",
      "s" : "buy",
      "i" : "NEON_USD",
      "m" : "4611686018428713989"
    }, {
      "d" : "1756457598026276409",
      "t" : 1756457598026,
      "tn" : 1756457598026276409,
      "q" : "10.6",
      "p" : "0.17903",
      "s" : "buy",
      "i" : "NEON_USD",
      "m" : "4611686018428713988"
    }, {
      "d" : "1756457591832833863",
      "t" : 1756457591832,
      "tn" : 1756457591832833863,
      "q" : "10.6",
      "p" : "0.18325",
      "s" : "sell",
      "i" : "NEON_USD",
      "m" : "4611686018428713987"
    }, {
      "d" : "1756457591721564113",
      "t" : 1756457591721,
      "tn" : 1756457591721564113,
      "q" : "88.0",
      "p" : "0.18165",
      "s" : "sell",
      "i" : "NEON_USD",
      "m" : "4611686018428713986"
    }, {
      "d" : "1756457591721561190",
      "t" : 1756457591721,
      "tn" : 1756457591721561190,
      "q" : "120.0",
      "p" : "0.18165",
      "s" : "sell",
      "i" : "NEON_USD",
      "m" : "4611686018428713985"
    }, {
      "d" : "1756457591721505397",
      "t" : 1756457591721,
      "tn" : 1756457591721505397,
      "q" : "160.0",
      "p" : "0.18165",
      "s" : "sell",
      "i" : "NEON_USD",
      "m" : "4611686018428713984"
    }, {
      "d" : "1756457591721498240",
      "t" : 1756457591721,
      "tn" : 1756457591721498240,
      "q" : "160.0",
      "p" : "0.18165",
      "s" : "sell",
      "i" : "NEON_USD",
      "m" : "4611686018428713983"
    }, {
      "d" : "1756457591721496099",
      "t" : 1756457591721,
      "tn" : 1756457591721496099,
      "q" : "190.0",
      "p" : "0.18165",
      "s" : "sell",
      "i" : "NEON_USD",
      "m" : "4611686018428713982"
    }, {
      "d" : "1756457591717844814",
      "t" : 1756457591717,
      "tn" : 1756457591717844814,
      "q" : "190.0",
      "p" : "0.18165",
      "s" : "sell",
      "i" : "NEON_USD",
      "m" : "4611686018428713981"
    }, {
      "d" : "1756457591717842884",
      "t" : 1756457591717,
      "tn" : 1756457591717842884,
      "q" : "230.0",
      "p" : "0.18165",
      "s" : "sell",
      "i" : "NEON_USD",
      "m" : "4611686018428713980"
    }, {
      "d" : "1756457591717772027",
      "t" : 1756457591717,
      "tn" : 1756457591717772027,
      "q" : "190.0",
      "p" : "0.18165",
      "s" : "sell",
      "i" : "NEON_USD",
      "m" : "4611686018428713979"
    }, {
      "d" : "1756457591717752928",
      "t" : 1756457591717,
      "tn" : 1756457591717752928,
      "q" : "190.0",
      "p" : "0.18165",
      "s" : "sell",
      "i" : "NEON_USD",
      "m" : "4611686018428713978"
    }, {
      "d" : "1756457591714031484",
      "t" : 1756457591714,
      "tn" : 1756457591714031484,
      "q" : "189.4",
      "p" : "0.18166",
      "s" : "sell",
      "i" : "NEON_USD",
      "m" : "4611686018428713977"
    }, {
      "d" : "1756457591714029701",
      "t" : 1756457591714,
      "tn" : 1756457591714029701,
      "q" : "10.6",
      "p" : "0.18325",
      "s" : "sell",
      "i" : "NEON_USD",
      "m" : "4611686018428713976"
    }, {
      "d" : "1756457591436668137",
      "t" : 1756457591436,
      "tn" : 1756457591436668137,
      "q" : "10.6",
      "p" : "0.18325",
      "s" : "sell",
      "i" : "NEON_USD",
      "m" : "4611686018428713975"
    }, {
      "d" : "1756457591422842833",
      "t" : 1756457591422,
      "tn" : 1756457591422842833,
      "q" : "10.6",
      "p" : "0.18325",
      "s" : "sell",
      "i" : "NEON_USD",
      "m" : "4611686018428713974"
    }, {
      "d" : "1756457591407496855",
      "t" : 1756457591407,
      "tn" : 1756457591407496855,
      "q" : "5300.0",
      "p" : "0.18211",
      "s" : "sell",
      "i" : "NEON_USD",
      "m" : "4611686018428713973"
    }, {
      "d" : "1756457591407494027",
      "t" : 1756457591407,
      "tn" : 1756457591407494027,
      "q" : "5300.0",
      "p" : "0.18211",
      "s" : "sell",
      "i" : "NEON_USD",
      "m" : "4611686018428713972"
    }, {
      "d" : "1756457591407423473",
      "t" : 1756457591407,
      "tn" : 1756457591407423473,
      "q" : "160.0",
      "p" : "0.18211",
      "s" : "sell",
      "i" : "NEON_USD",
      "m" : "4611686018428713971"
    }, {
      "d" : "1756457591407420373",
      "t" : 1756457591407,
      "tn" : 1756457591407420373,
      "q" : "160.0",
      "p" : "0.18211",
      "s" : "sell",
      "i" : "NEON_USD",
      "m" : "4611686018428713970"
    }, {
      "d" : "1756457591407417729",
      "t" : 1756457591407,
      "tn" : 1756457591407417729,
      "q" : "160.0",
      "p" : "0.18211",
      "s" : "sell",
      "i" : "NEON_USD",
      "m" : "4611686018428713969"
    }, {
      "d" : "1756457591407415286",
      "t" : 1756457591407,
      "tn" : 1756457591407415286,
      "q" : "200.0",
      "p" : "0.18211",
      "s" : "sell",
      "i" : "NEON_USD",
      "m" : "4611686018428713968"
    }, {
      "d" : "1756457591407412635",
      "t" : 1756457591407,
      "tn" : 1756457591407412635,
      "q" : "200.0",
      "p" : "0.18211",
      "s" : "sell",
      "i" : "NEON_USD",
      "m" : "4611686018428713967"
    }, {
      "d" : "1756457591407409936",
      "t" : 1756457591407,
      "tn" : 1756457591407409936,
      "q" : "200.0",
      "p" : "0.18211",
      "s" : "sell",
      "i" : "NEON_USD",
      "m" : "4611686018428713966"
    }, {
      "d" : "1756457591407344122",
      "t" : 1756457591407,
      "tn" : 1756457591407344122,
      "q" : "200.0",
      "p" : "0.18211",
      "s" : "sell",
      "i" : "NEON_USD",
      "m" : "4611686018428713965"
    }, {
      "d" : "1756457591407322887",
      "t" : 1756457591407,
      "tn" : 1756457591407322887,
      "q" : "200.0",
      "p" : "0.18211",
      "s" : "sell",
      "i" : "NEON_USD",
      "m" : "4611686018428713964"
    }, {
      "d" : "1756457591404338833",
      "t" : 1756457591404,
      "tn" : 1756457591404338833,
      "q" : "189.4",
      "p" : "0.18211",
      "s" : "sell",
      "i" : "NEON_USD",
      "m" : "4611686018428713963"
    } ]
  }
}