{
  "id" : -1,
  "method" : "public/get-trades",
  "code" : 0,
  "result" : {
    "data" : [ {
      "d" : "1756461874047558561",
      "t" : 1756461874047,
      "tn" : 1756461874047558561,
      "q" : "10.6",
      "p" : "0.16561",
      "s" : "buy",
      "i" : "NEON_USDT",
      "m" : "4611686018429224479"
    }, {
      "d" : "1756461871753069065",
      "t" : 1756461871753,
      "tn" : 1756461871753069065,
      "q" : "7.1",
      "p" : "0.16574",
      "s" : "buy",
      "i" : "NEON_USDT",
      "m" : "4611686018429224478"
    }, {
      "d" : "1756461871717928966",
      "t" : 1756461871717,
      "tn" : 1756461871717928966,
      "q" : "10.6",
      "p" : "0.16574",
      "s" : "buy",
      "i" : "NEON_USDT",
      "m" : "4611686018429224477"
    }, {
      "d" : "1756461871707929805",
      "t" : 1756461871707,
      "tn" : 1756461871707929805,
      "q" : "10.6",
      "p" : "0.16574",
      "s" : "buy",
      "i" : "NEON_USDT",
      "m" : "4611686018429224476"
    }, {
      "d" : "1756461871667845870",
      "t" : 1756461871667,
      "tn" : 1756461871667845870,
      "q" : "10.6",
      "p" : "0.16574",
      "s" : "buy",
      "i" : "NEON_USDT",
      "m" : "4611686018429224475"
    }, {
      "d" : "1756461871652799122",
      "t" : 1756461871652,
      "tn" : 1756461871652799122,
      "q" : "10.6",
      "p" : "0.16574",
      "s" : "buy",
      "i" : "NEON_USDT",
      "m" : "4611686018429224474"
    }, {
      "d" : "1756461871642801616",
      "t" : 1756461871642,
      "tn" : 1756461871642801616,
      "q" : "10.6",
      "p" : "0.16574",
      "s" : "buy",
      "i" : "NEON_USDT",
      "m" : "4611686018429224473"
    }, {
      "d" : "1756461871637786849",
      "t" : 1756461871637,
      "tn" : 1756461871637786849,
      "q" : "10.6",
      "p" : "0.16573",
      "s" : "buy",
      "i" : "NEON_USDT",
      "m" : "4611686018429224472"
    }, {
      "d" : "1756461871627794681",
      "t" : 1756461871627,
      "tn" : 1756461871627794681,
      "q" : "10.6",
      "p" : "0.16574",
      "s" : "buy",
      "i" : "NEON_USDT",
      "m" : "4611686018429224471"
    }, {
      "d" : "1756461871612250906",
      "t" : 1756461871612,
      "tn" : 1756461871612250906,
      "q" : "10.6",
      "p" : "0.16574",
      "s" : "buy",
      "i" : "NEON_USDT",
      "m" : "4611686018429224470"
    }, {
      "d" : "1756461870756224907",
      "t" : 1756461870756,
      "tn" : 1756461870756224907,
      "q" : "10.6",
      "p" : "0.16574",
      "s" : "buy",
      "i" : "NEON_USDT",
      "m" : "4611686018429224469"
    }, {
      "d" : "1756461526097919578",
      "t" : 1756461526097,
      "tn" : 1756461526097919578,
      "q" : "10.6",
      "p" : "0.16725",
      "s" : "sell",
      "i" : "NEON_USDT",
      "m" : "4611686018429224468"
    }, {
      "d" : "1756461525056764684",
      "t" : 1756461525056,
      "tn" : 1756461525056764684,
      "q" : "10.6",
      "p" : "0.16726",
      "s" : "buy",
      "i" : "NEON_USDT",
      "m" : "4611686018429224467"
    }, {
      "d" : "1756461525046723612",
      "t" : 1756461525046,
      "tn" : 1756461525046723612,
      "q" : "10.6",
      "p" : "0.16726",
      "s" : "buy",
      "i" : "NEON_USDT",
      "m" : "4611686018429224466"
    }, {
      "d" : "1756461525036749305",
      "t" : 1756461525036,
      "tn" : 1756461525036749305,
      "q" : "10.6",
      "p" : "0.16726",
      "s" : "buy",
      "i" : "NEON_USDT",
      "m" : "4611686018429224465"
    }, {
      "d" : "1756461525021760106",
      "t" : 1756461525021,
      "tn" : 1756461525021760106,
      "q" : "10.6",
      "p" : "0.16726",
      "s" : "buy",
      "i" : "NEON_USDT",
      "m" : "4611686018429224464"
    }, {
      "d" : "1756461524961705700",
      "t" : 1756461524961,
      "tn" : 1756461524961705700,
      "q" : "10.6",
      "p" : "0.16726",
      "s" : "buy",
      "i" : "NEON_USDT",
      "m" : "4611686018429224463"
    }, {
      "d" : "1756461524951611683",
      "t" : 1756461524951,
      "tn" : 1756461524951611683,
      "q" : "10.6",
      "p" : "0.16726",
      "s" : "buy",
      "i" : "NEON_USDT",
      "m" : "4611686018429224462"
    }, {
      "d" : "1756461524935622494",
      "t" : 1756461524935,
      "tn" : 1756461524935622494,
      "q" : "10.6",
      "p" : "0.16726",
      "s" : "buy",
      "i" : "NEON_USDT",
      "m" : "4611686018429224461"
    }, {
      "d" : "1756461524920754706",
      "t" : 1756461524920,
      "tn" : 1756461524920754706,
      "q" : "10.6",
      "p" : "0.16726",
      "s" : "buy",
      "i" : "NEON_USDT",
      "m" : "4611686018429224460"
    }, {
      "d" : "1756461524530052058",
      "t" : 1756461524530,
      "tn" : 1756461524530052058,
      "q" : "10.6",
      "p" : "0.16726",
      "s" : "buy",
      "i" : "NEON_USDT",
      "m" : "4611686018429224459"
    }, {
      "d" : "1756461524479761315",
      "t" : 1756461524479,
      "tn" : 1756461524479761315,
      "q" : "10.6",
      "p" : "0.16726",
      "s" : "buy",
      "i" : "NEON_USDT",
      "m" : "4611686018429224458"
    }, {
      "d" : "1756461524459849638",
      "t" : 1756461524459,
      "tn" : 1756461524459849638,
      "q" : "10.6",
      "p" : "0.16727",
      "s" : "buy",
      "i" : "NEON_USDT",
      "m" : "4611686018429224457"
    }, {
      "d" : "1756461524139460890",
      "t" : 1756461524139,
      "tn" : 1756461524139460890,
      "q" : "10.6",
      "p" : "0.16727",
      "s" : "buy",
      "i" : "NEON_USDT",
      "m" : "4611686018429224456"
    }, {
      "d" : "1756461524124704334",
      "t" : 1756461524124,
      "tn" : 1756461524124704334,
      "q" : "10.6",
      "p" : "0.16727",
      "s" : "buy",
      "i" : "NEON_USDT",
      "m" : "4611686018429224455"
    }, {
      "d" : "1756461523979251564",
      "t" : 1756461523979,
      "tn" : 1756461523979251564,
      "q" : "10.6",
      "p" : "0.16726",
      "s" : "buy",
      "i" : "NEON_USDT",
      "m" : "4611686018429224454"
    }, {
      "d" : "1756461523943315516",
      "t" : 1756461523943,
      "tn" : 1756461523943315516,
      "q" : "10.6",
      "p" : "0.16726",
      "s" : "buy",
      "i" : "NEON_USDT",
      "m" : "4611686018429224453"
    }, {
      "d" : "1756461523777887491",
      "t" : 1756461523777,
      "tn" : 1756461523777887491,
      "q" : "10.6",
      "p" : "0.16726",
      "s" : "buy",
      "i" : "NEON_USDT",
      "m" : "4611686018429224452"
    }, {
      "d" : "1756461523707602096",
      "t" : 1756461523707,
      "tn" : 1756461523707602096,
      "q" : "10.6",
      "p" : "0.16726",
      "s" : "buy",
      "i" : "NEON_USDT",
      "m" : "4611686018429224451"
    }, {
      "d" : "1756461523612688186",
      "t" : 1756461523612,
      "tn" : 1756461523612688186,
      "q" : "10.6",
      "p" : "0.16725",
      "s" : "buy",
      "i" : "NEON_USDT",
      "m" : "4611686018429224450"
    }, {
      "d" : "1756461523597528878",
      "t" : 1756461523597,
      "tn" : 1756461523597528878,
      "q" : "10.6",
      "p" : "0.16725",
      "s" : "buy",
      "i" : "NEON_USDT",
      "m" : "4611686018429224449"
    }, {
      "d" : "1756461523577432101",
      "t" : 1756461523577,
      "tn" : 1756461523577432101,
      "q" : "10.6",
      "p" : "0.16725",
      "s" : "buy",
      "i" : "NEON_USDT",
      "m" : "4611686018429224448"
    }, {
      "d" : "1756461523562466808",
      "t" : 1756461523562,
      "tn" : 1756461523562466808,
      "q" : "10.6",
      "p" : "0.16725",
      "s" : "buy",
      "i" : "NEON_USDT",
      "m" : "4611686018429224447"
    }, {
      "d" : "1756461523532435843",
      "t" : 1756461523532,
      "tn" : 1756461523532435843,
      "q" : "10.6",
      "p" : "0.16725",
      "s" : "buy",
      "i" : "NEON_USDT",
      "m" : "4611686018429224446"
    }, {
      "d" : "1756461523477373793",
      "t" : 1756461523477,
      "tn" : 1756461523477373793,
      "q" : "10.6",
      "p" : "0.16725",
      "s" : "buy",
      "i" : "NEON_USDT",
      "m" : "4611686018429224445"
    }, {
      "d" : "1756461523467432872",
      "t" : 1756461523467,
      "tn" : 1756461523467432872,
      "q" : "10.6",
      "p" : "0.16725",
      "s" : "buy",
      "i" : "NEON_USDT",
      "m" : "4611686018429224444"
    }, {
      "d" : "1756461523267040878",
      "t" : 1756461523267,
      "tn" : 1756461523267040878,
      "q" : "10.6",
      "p" : "0.16725",
      "s" : "buy",
      "i" : "NEON_USDT",
      "m" : "4611686018429224443"
    }, {
      "d" : "1756461523252210054",
      "t" : 1756461523252,
      "tn" : 1756461523252210054,
      "q" : "10.6",
      "p" : "0.16725",
      "s" : "buy",
      "i" : "NEON_USDT",
      "m" : "4611686018429224442"
    }, {
      "d" : "1756461523242132371",
      "t" : 1756461523242,
      "tn" : 1756461523242132371,
      "q" : "10.6",
      "p" : "0.16725",
      "s" : "buy",
      "i" : "NEON_USDT",
      "m" : "4611686018429224441"
    }, {
      "d" : "1756461523172013136",
      "t" : 1756461523172,
      "tn" : 1756461523172013136,
      "q" : "10.6",
      "p" : "0.16725",
      "s" : "buy",
      "i" : "NEON_USDT",
      "m" : "4611686018429224440"
    }, {
      "d" : "1756461523157019476",
      "t" : 1756461523157,
      "tn" : 1756461523157019476,
      "q" : "10.6",
      "p" : "0.16725",
      "s" : "buy",
      "i" : "NEON_USDT",
      "m" : "4611686018429224439"
    }, {
      "d" : "1756461523117006730",
      "t" : 1756461523117,
      "tn" : 1756461523117006730,
      "q" : "10.6",
      "p" : "0.16725",
      "s" : "buy",
      "i" : "NEON_USDT",
      "m" : "4611686018429224438"
    }, {
      "d" : "1756461523102127540",
      "t" : 1756461523102,
      "tn" : 1756461523102127540,
      "q" : "10.6",
      "p" : "0.16725",
      "s" : "buy",
      "i" : "NEON_USDT",
      "m" : "4611686018429224437"
    }, {
      "d" : "1756461522996926535",
      "t" : 1756461522996,
      "tn" : 1756461522996926535,
      "q" : "10.6",
      "p" : "0.16725",
      "s" : "buy",
      "i" : "NEON_USDT",
      "m" : "4611686018429224436"
    }, {
      "d" : "1756461522870664438",
      "t" : 1756461522870,
      "tn" : 1756461522870664438,
      "q" : "10.6",
      "p" : "0.16725",
      "s" : "buy",
      "i" : "NEON_USDT",
      "m" : "4611686018429224435"
    }, {
      "d" : "1756461522805626033",
      "t" : 1756461522805,
      "tn" : 1756461522805626033,
      "q" : "10.6",
      "p" : "0.16725",
      "s" : "buy",
      "i" : "NEON_USDT",
      "m" : "4611686018429224434"
    }, {
      "d" : "1756461522790949298",
      "t" : 1756461522790,
      "tn" : 1756461522790949298,
      "q" : "10.6",
      "p" : "0.16725",
      "s" : "buy",
      "i" : "NEON_USDT",
      "m" : "4611686018429224433"
    }, {
      "d" : "1756461519338032074",
      "t" : 1756461519338,
      "tn" : 1756461519338032074,
      "q" : "10.6",
      "p" : "0.16727",
      "s" : "buy",
      "i" : "NEON_USDT",
      "m" : "4611686018429224432"
    }, {
      "d" : "1756461519257943206",
      "t" : 1756461519257,
      "tn" : 1756461519257943206,
      "q" : "10.6",
      "p" : "0.16727",
      "s" : "buy",
      "i" : "NEON_USDT",
      "m" : "4611686018429224431"
    }, {
      "d" : "1756461519232900137",
      "t" : 1756461519232,
      "tn" : 1756461519232900137,
      "q" : "10.6",
      "p" : "0.16727",
      "s" : "buy",
      "i" : "NEON_USDT",
      "m" : "4611686018429224430"
    }, {
      "d" : "1756461519207903933",
      "t" : 1756461519207,
      "tn" : 1756461519207903933,
      "q" : "10.6",
      "p" : "0.16727",
      "s" : "buy",
      "i" : "NEON_USDT",
      "m" : "4611686018429224429"
    }, {
      "d" : "1756461519142839140",
      "t" : 1756461519142,
      "tn" : 1756461519142839140,
      "q" : "10.6",
      "p" : "0.16727",
      "s" : "buy",
      "i" : "NEON_USDT",
      "m" : "4611686018429224428"
    }, {
      "d" : "1756461519133158404",
      "t" : 1756461519133,
      "tn" : 1756461519133158404,
      "q" : "10.6",
      "p" : "0.16727",
      "s" : "buy",
      "i" : "NEON_USDT",
      "m" : "4611686018429224427"
    }, {
      "d" : "1756461493781198838",
      "t" : 1756461493781,
      "tn" : 1756461493781198838,
      "q" : "10.6",
      "p" : "0.16544",
      "s" : "buy",
      "i" : "NEON_USDT",
      "m" : "4611686018429224426"
    }, {
      "d" : "1756461493741206876",
      "t" : 1756461493741,
      "tn" : 1756461493741206876,
      "q" : "10.3",
      "p" : "0.16545",
      "s" : "buy",
      "i" : "NEON_USDT",
      "m" : "4611686018429224425"
    }, {
      "d" : "1756461493646113801",
      "t" : 1756461493646,
      "tn" : 1756461493646113801,
      "q" : "10.6",
      "p" : "0.16545",
      "s" : "buy",
      "i" : "NEON_USDT",
      "m" : "4611686018429224424"
    }, {
      "d" : "1756459400808193906",
      "t" : 1756459400808,
      "tn" : 1756459400808193906,
      "q" : "10.6",
      "p" : "0.16996",
      "s" : "buy",
      "i" : "NEON_USDT",
      "m" : "4611686018429224423"
    }, {
      "d" : "1756459400798459892",
      "t" : 1756459400798,
      "tn" : 1756459400798459892,
      "q" : "10.6",
      "p" : "0.16996",
      "s" : "buy",
      "i" : "NEON_USDT",
      "m" : "4611686018429224422"
    }, {
      "d" : "1756459400768182538",
      "t" : 1756459400768,
      "tn" : 1756459400768182538,
      "q" : "10.6",
      "p" : "0.16996",
      "s" : "buy",
      "i" : "NEON_USDT",
      "m" : "4611686018429224421"
    }, {
      "d" : "1756459400688149563",
      "t" : 1756459400688,
      "tn" : 1756459400688149563,
      "q" : "10.6",
      "p" : "0.16996",
      "s" : "buy",
      "i" : "NEON_USDT",
      "m" : "4611686018429224420"
    }, {
      "d" : "1756459400657848862",
      "t" : 1756459400657,
      "tn" : 1756459400657848862,
      "q" : "10.6",
      "p" : "0.16996",
      "s" : "buy",
      "i" : "NEON_USDT",
      "m" : "4611686018429224419"
    }, {
      "d" : "1756459400602665411",
      "t" : 1756459400602,
      "tn" : 1756459400602665411,
      "q" : "10.6",
      "p" : "0.16996",
      "s" : "buy",
      "i" : "NEON_USDT",
      "m" : "4611686018429224418"
    }, {
      "d" : "1756459400582654016",
      "t" : 1756459400582,
      "tn" : 1756459400582654016,
      "q" : "10.6",
      "p" : "0.16996",
      "s" : "buy",
      "i" : "NEON_USDT",
      "m" : "4611686018429224417"
    }, {
      "d" : "1756459400563149969",
      "t" : 1756459400563,
      "tn" : 1756459400563149969,
      "q" : "10.6",
      "p" : "0.16996",
      "s" : "buy",
      "i" : "NEON_USDT",
      "m" : "4611686018429224416"
    }, {
      "d" : "1756459400532907318",
      "t" : 1756459400532,
      "tn" : 1756459400532907318,
      "q" : "10.6",
      "p" : "0.16996",
      "s" : "buy",
      "i" : "NEON_USDT",
      "m" : "4611686018429224415"
    }, {
      "d" : "1756459399594547669",
      "t" : 1756459399594,
      "tn" : 1756459399594547669,
      "q" : "10.6",
      "p" : "0.16948",
      "s" : "buy",
      "i" : "NEON_USDT",
      "m" : "4611686018429224414"
    }, {
      "d" : "1756459399529657042",
      "t" : 1756459399529,
      "tn" : 1756459399529657042,
      "q" : "10.6",
      "p" : "0.16948",
      "s" : "buy",
      "i" : "NEON_USDT",
      "m" : "4611686018429224413"
    }, {
      "d" : "1756458180976892215",
      "t" : 1756458180976,
      "tn" : 1756458180976892215,
      "q" : "10.6",
      "p" : "0.16820",
      "s" : "buy",
      "i" : "NEON_USDT",
      "m" : "4611686018429224412"
    }, {
      "d" : "1756458180865716042",
      "t" : 1756458180865,
      "tn" : 1756458180865716042,
      "q" : "10.6",
      "p" : "0.16822",
      "s" : "buy",
      "i" : "NEON_USDT",
      "m" : "4611686018429224411"
    }, {
      "d" : "1756458180750410586",
      "t" : 1756458180750,
      "tn" : 1756458180750410586,
      "q" : "10.6",
      "p" : "0.16826",
      "s" : "buy",
      "i" : "NEON_USDT",
      "m" : "4611686018429224410"
    }, {
      "d" : "1756458180640010641",
      "t" : 1756458180640,
      "tn" : 1756458180640010641,
      "q" : "10.6",
      "p" : "0.16835",
      "s" : "buy",
      "i" : "NEON_USDT",
      "m" : "4611686018429224409"
    }, {
      "d" : "1756457993324857584",
      "t" : 1756457993324,
      "tn" : 1756457993324857584,
      "q" : "456.4",
      "p" : "0.17528",
      "s" : "sell",
      "i" : "NEON_USDT",
      "m" : "4611686018429224408"
    }, {
      "d" : "1756457993302317307",
      "t" : 1756457993302,
      "tn" : 1756457993302317307,
      "q" : "164.7",
      "p" : "0.17529",
      "s" : "sell",
      "i" : "NEON_USDT",
      "m" : "4611686018429224407"
    }, {
      "d" : "1756457897642647210",
      "t" : 1756457897642,
      "tn" : 1756457897642647210,
      "q" : "245.0",
      "p" : "0.17985",
      "s" : "buy",
      "i" : "NEON_USDT",
      "m" : "4611686018429224406"
    }, {
      "d" : "1756457444789338890",
      "t" : 1756457444789,
      "tn" : 1756457444789338890,
      "q" : "10.6",
      "p" : "0.16929",
      "s" : "sell",
      "i" : "NEON_USDT",
      "m" : "4611686018429224405"
    }, {
      "d" : "1756457444779229869",
      "t" : 1756457444779,
      "tn" : 1756457444779229869,
      "q" : "10.6",
      "p" : "0.16930",
      "s" : "sell",
      "i" : "NEON_USDT",
      "m" : "4611686018429224404"
    }, {
      "d" : "1756457444734157425",
      "t" : 1756457444734,
      "tn" : 1756457444734157425,
      "q" : "10.6",
      "p" : "0.16930",
      "s" : "sell",
      "i" : "NEON_USDT",
      "m" : "4611686018429224403"
    }, {
      "d" : "1756457444724223284",
      "t" : 1756457444724,
      "tn" : 1756457444724223284,
      "q" : "10.6",
      "p" : "0.16930",
      "s" : "sell",
      "i" : "NEON_USDT",
      "m" : "4611686018429224402"
    }, {
      "d" : "1756457444709075914",
      "t" : 1756457444709,
      "tn" : 1756457444709075914,
      "q" : "10.6",
      "p" : "0.16930",
      "s" : "sell",
      "i" : "NEON_USDT",
      "m" : "4611686018429224401"
    }, {
      "d" : "1756457444674021501",
      "t" : 1756457444674,
      "tn" : 1756457444674021501,
      "q" : "10.6",
      "p" : "0.16930",
      "s" : "sell",
      "i" : "NEON_USDT",
      "m" : "4611686018429224400"
    }, {
      "d" : "1756457444608262277",
      "t" : 1756457444608,
      "tn" : 1756457444608262277,
      "q" : "10.6",
      "p" : "0.16930",
      "s" : "sell",
      "i" : "NEON_USDT",
      "m" : "4611686018429224399"
    }, {
      "d" : "1756457444578217762",
      "t" : 1756457444578,
      "tn" : 1756457444578217762,
      "q" : "10.6",
      "p" : "0.16930",
      "s" : "sell",
      "i" : "NEON_USDT",
      "m" : "4611686018429224398"
    }, {
      "d" : "1756457444533198852",
      "t" : 1756457444533,
      "tn" : 1756457444533198852,
      "q" : "10.6",
      "p" : "0.16930",
      "s" : "sell",
      "i" : "NEON_USDT",
      "m" : "4611686018429224397"
    }, {
      "d" : "1756457444488139156",
      "t" : 1756457444488,
      "tn" : 1756457444488139156,
      "q" : "10.6",
      "p" : "0.16930",
      "s" : "sell",
      "i" : "NEON_USDT",
      "m" : "4611686018429224396"
    }, {
      "d" : "1756457444423081532",
      "t" : 1756457444423,
      "tn" : 1756457444423081532,
      "q" : "10.6",
      "p" : "0.16930",
      "s" : "sell",
      "i" : "NEON_USDT",
      "m" : "4611686018429224395"
    }, {
      "d" : "1756457444398048827",
      "t" : 1756457444398,
      "tn" : 1756457444398048827,
      "q" : "10.6",
      "p" : "0.16930",
      "s" : "sell",
      "i" : "NEON_USDT",
      "m" : "4611686018429224394"
    }, {
      "d" : "1756457444383026762",
      "t" : 1756457444383,
      "tn" : 1756457444383026762,
      "q" : "10.6",
      "p" : "0.16930",
      "s" : "sell",
      "i" : "NEON_USDT",
      "m" : "4611686018429224393"
    }, {
      "d" : "1756457444348023425",
      "t" : 1756457444348,
      "tn" : 1756457444348023425,
      "q" : "10.6",
      "p" : "0.16930",
      "s" : "sell",
      "i" : "NEON_USDT",
      "m" : "4611686018429224392"
    }, {
      "d" : "1756457444333174368",
      "t" : 1756457444333,
      "tn" : 1756457444333174368,
      "q" : "10.6",
      "p" : "0.16930",
      "s" : "sell",
      "i" : "NEON_USDT",
      "m" : "4611686018429224391"
    }, {
      "d" : "1756457422981673192",
      "t" : 1756457422981,
      "tn" : 1756457422981673192,
      "q" : "10.6",
      "p" : "0.16913",
      "s" : "sell",
      "i" : "NEON_USDT",
      "m" : "4611686018429224390"
    }, {
      "d" : "1756457422911658111",
      "t" : 1756457422911,
      "tn" : 1756457422911658111,
      "q" : "10.6",
      "p" : "0.16913",
      "s" : "sell",
      "i" : "NEON_USDT",
      "m" : "4611686018429224389"
    }, {
      "d" : "1756457422876744626",
      "t" : 1756457422876,
      "tn" : 1756457422876744626,
      "q" : "10.6",
      "p" : "0.16914",
      "s" : "sell",
      "i" : "NEON_USDT",
      "m" : "4611686018429224388"
    }, {
      "d" : "1756457422034564680",
      "t" : 1756457422034,
      "tn" : 1756457422034564680,
      "q" : "10.6",
      "p" : "0.16915",
      "s" : "sell",
      "i" : "NEON_USDT",
      "m" : "4611686018429224387"
    }, {
      "d" : "1756457422009538747",
      "t" : 1756457422009,
      "tn" : 1756457422009538747,
      "q" : "10.6",
      "p" : "0.16916",
      "s" : "sell",
      "i" : "NEON_USDT",
      "m" : "4611686018429224386"
    }, {
      "d" : "1756457421994469694",
      "t" : 1756457421994,
      "tn" : 1756457421994469694,
      "q" : "10.6",
      "p" : "0.16916",
      "s" : "sell",
      "i" : "NEON_USDT",
      "m" : "4611686018429224385"
    }, {
      "d" : "1756457421949505718",
      "t" : 1756457421949,
      "tn" : 1756457421949505718,
      "q" : "10.6",
      "p" : "0.16916",
      "s" : "sell",
      "i" : "NEON_USDT",
      "m" : "4611686018429224384"
    }, {
      "d" : "1756457421889425773",
      "t" : 1756457421889,
      "tn" : 1756457421889425773,
      "q" : "10.6",
      "p" : "0.16920",
      "s" : "sell",
      "i" : "NEON_USDT",
      "m" : "4611686018429224383"
    }, {
      "d" : "1756457421854336032",
      "t" : 1756457421854,
      "tn" : 1756457421854336032,
      "q" : "10.6",
      "p" : "0.16921",
      "s" : "sell",
      "i" : "NEON_USDT",
      "m" : "4611686018429224382"
    }, {
      "d" : "1756457412724990600",
      "t" : 1756457412724,
      "tn" : 1756457412724990600,
      "q" : "10.6",
      "p" : "0.16933",
      "s" : "sell",
      "i" : "NEON_USDT",
      "m" : "4611686018429224381"
    }, {
      "d" : "1756457412529760802",
      "t" : 1756457412529,
      "tn" : 1756457412529760802,
      "q" : "10.6",
      "p" : "0.16933",
      "s" : "sell",
      "i" : "NEON_USDT",
      "m" : "4611686018429224380"
    }, {
      "d" : "1756457412413930170",
      "t" : 1756457412413,
      "tn" : 1756457412413930170,
      "q" : "10.6",
      "p" : "0.16933",
      "s" : "sell",
      "i" : "NEON_USDT",
      "m" : "4611686018429224379"
    }, {
      "d" : "1756457412068552983",
      "t" : 1756457412068,
      "tn" : 1756457412068552983,
      "q" : "10.6",
      "p" : "0.16933",
      "s" : "sell",
      "i" : "NEON_USDT",
      "m" : "4611686018429224378"
    }, {
      "d" : "1756457411958414563",
      "t" : 1756457411958,
      "tn" : 1756457411958414563,
      "q" : "10.6",
      "p" : "0.16933",
      "s" : "sell",
      "i" : "NEON_USDT",
      "m" : "4611686018429224377"
    }, {
      "d" : "1756457411853115853",
      "t" : 1756457411853,
      "tn" : 1756457411853115853,
      "q" : "10.6",
      "p" : "0.16933",
      "s" : "sell",
      "i" : "NEON_USDT",
      "m" : "4611686018429224376"
    }, {
      "d" : "1756457411737746442",
      "t" : 1756457411737,
      "tn" : 1756457411737746442,
      "q" : "10.6",
      "p" : "0.16933",
      "s" : "sell",
      "i" : "NEON_USDT",
      "m" : "4611686018429224375"
    }, {
      "d" : "1756457411627509788",
      "t" : 1756457411627,
      "tn" : 1756457411627509788,
      "q" : "10.6",
      "p" : "0.16933",
      "s" : "sell",
      "i" : "NEON_USDT",
      "m" : "4611686018429224374"
    }, {
      "d" : "1756457411611582040",
      "t" : 1756457411611,
      "tn" : 1756457411611582040,
      "q" : "10.6",
      "p" : "0.16933",
      "s" : "sell",
      "i" : "NEON_USDT",
      "m" : "4611686018429224373"
    }, {
      "d" : "1756457411527231355",
      "t" : 1756457411527,
      "tn" : 1756457411527231355,
      "q" : "10.6",
      "p" : "0.16933",
      "s" : "sell",
      "i" : "NEON_USDT",
      "m" : "4611686018429224372"
    }, {
      "d" : "1756457411426409420",
      "t" : 1756457411426,
      "tn" : 1756457411426409420,
      "q" : "10.6",
      "p" : "0.16933",
      "s" : "sell",
      "i" : "NEON_USDT",
      "m" : "4611686018429224371"
    }, {
      "d" : "1756457411321261479",
      "t" : 1756457411321,
      "tn" : 1756457411321261479,
      "q" : "10.6",
      "p" : "0.16933",
      "s" : "sell",
      "i" : "NEON_USDT",
      "m" : "4611686018429224370"
    }, {
      "d" : "1756457411216150228",
      "t" : 1756457411216,
      "tn" : 1756457411216150228,
      "q" : "10.6",
      "p" : "0.16933",
      "s" : "sell",
      "i" : "NEON_USDT",
      "m" : "4611686018429224369"
    }, {
      "d" : "1756457411111022769",
      "t" : 1756457411111,
      "tn" : 1756457411111022769,
      "q" : "10.6",
      "p" : "0.16933",
      "s" : "sell",
      "i" : "NEON_USDT",
      "m" : "4611686018429224368"
    }, {
      "d" : "1756457411015817494",
      "t" : 1756457411015,
      "tn" : 1756457411015817494,
      "q" : "10.6",
      "p" : "0.16933",
      "s" : "sell",
      "i" : "NEON_USDT",
      "m" : "4611686018429224367"
    }, {
      "d" : "1756457410905673162",
      "t" : 1756457410905,
      "tn" : 1756457410905673162,
      "q" : "10.6",
      "p" : "0.16933",
      "s" : "sell",
      "i" : "NEON_USDT",
      "m" : "4611686018429224366"
    }, {
      "d" : "1756457410745359983",
      "t" : 1756457410745,
      "tn" : 1756457410745359983,
      "q" : "10.6",
      "p" : "0.16933",
      "s" : "sell",
      "i" : "NEON_USDT",
      "m" : "4611686018429224365"
    }, {
      "d" : "1756457410635226390",
      "t" : 1756457410635,
      "tn" : 1756457410635226390,
      "q" : "10.6",
      "p" : "0.16933",
      "s" : "sell",
      "i" : "NEON_USDT",
      "m" : "4611686018429224364"
    }, {
      "d" : "1756457410530138236",
      "t" : 1756457410530,
      "tn" : 1756457410530138236,
      "q" : "10.6",
      "p" : "0.16933",
      "s" : "sell",
      "i" : "NEON_USDT",
      "m" : "4611686018429224363"
    }, {
      "d" : "1756457410424285153",
      "t" : 1756457410424,
      "tn" : 1756457410424285153,
      "q" : "10.6",
      "p" : "0.16933",
      "s" : "sell",
      "i" : "NEON_USDT",
      "m" : "4611686018429224362"
    }, {
      "d" : "1756457410314109189",
      "t" : 1756457410314,
      "tn" : 1756457410314109189,
      "q" : "10.6",
      "p" : "0.16933",
      "s" : "sell",
      "i" : "NEON_USDT",
      "m" : "4611686018429224361"
    }, {
      "d" : "1756457410214010445",
      "t" : 1756457410214,
      "tn" : 1756457410214010445,
      "q" : "10.6",
      "p" : "0.16933",
      "s" : "sell",
      "i" : "NEON_USDT",
      "m" : "4611686018429224360"
    }, {
      "d" : "1756457410103911965",
      "t" : 1756457410103,
      "tn" : 1756457410103911965,
      "q" : "10.6",
      "p" : "0.16933",
      "s" : "sell",
      "i" : "NEON_USDT",
      "m" : "4611686018429224359"
    }, {
      "d" : "1756457409999615983",
      "t" : 1756457409999,
      "tn" : 1756457409999615983,
      "q" : "10.6",
      "p" : "0.16933",
      "s" : "sell",
      "i" : "NEON_USDT",
      "m" : "4611686018429224358"
    }, {
      "d" : "1756457409422013077",
      "t" : 1756457409422,
      "tn" : 1756457409422013077,
      "q" : "10.6",
      "p" : "0.16933",
      "s" : "sell",
      "i" : "NEON_USDT",
      "m" : "4611686018429224357"
    }, {
      "d" : "1756457409412035041",
      "t" : 1756457409412,
      "tn" : 1756457409412035041,
      "q" : "10.6",
      "p" : "0.16933",
      "s" : "sell",
      "i" : "NEON_USDT",
      "m" : "4611686018429224356"
    }, {
      "d" : "1756457409387045777",
      "t" : 1756457409387,
      "tn" : 1756457409387045777,
      "q" : "10.6",
      "p" : "0.16933",
      "s" : "sell",
      "i" : "NEON_USDT",
      "m" : "4611686018429224355"
    }, {
      "d" : "1756457409366936975",
      "t" : 1756457409366,
      "tn" : 1756457409366936975,
      "q" : "10.6",
      "p" : "0.16933",
      "s" : "sell",
      "i" : "NEON_USDT",
      "m" : "4611686018429224354"
    }, {
      "d" : "1756457409296802261",
      "t" : 1756457409296,
      "tn" : 1756457409296802261,
      "q" : "10.6",
      "p" : "0.16916",
      "s" : "sell",
      "i" : "NEON_USDT",
      "m" : "4611686018429224353"
    }, {
      "d" : "1756457409276799415",
      "t" : 1756457409276,
      "tn" : 1756457409276799415,
      "q" : "10.6",
      "p" : "0.16916",
      "s" : "sell",
      "i" : "NEON_USDT",
      "m" : "4611686018429224352"
    }, {
      "d" : "1756457409176719018",
      "t" : 1756457409176,
      "tn" : 1756457409176719018,
      "q" : "10.6",
      "p" : "0.16916",
      "s" : "sell",
      "i" : "NEON_USDT",
      "m" : "4611686018429224351"
    }, {
      "d" : "1756457409106648207",
      "t" : 1756457409106,
      "tn" : 1756457409106648207,
      "q" : "10.6",
      "p" : "0.16917",
      "s" : "sell",
      "i" : "NEON_USDT",
      "m" : "4611686018429224350"
    }, {
      "d" : "1756457409061655525",
      "t" : 1756457409061,
      "tn" : 1756457409061655525,
      "q" : "10.6",
      "p" : "0.16917",
      "s" : "sell",
      "i" : "NEON_USDT",
      "m" : "4611686018429224349"
    }, {
      "d" : "1756457408956514926",
      "t" : 1756457408956,
      "tn" : 1756457408956514926,
      "q" : "10.6",
      "p" : "0.16917",
      "s" : "sell",
      "i" : "NEON_USDT",
      "m" : "4611686018429224348"
    }, {
      "d" : "1756457408911448910",
      "t" : 1756457408911,
      "tn" : 1756457408911448910,
      "q" : "10.6",
      "p" : "0.16918",
      "s" : "sell",
      "i" : "NEON_USDT",
      "m" : "4611686018429224347"
    }, {
      "d" : "1756457408886448909",
      "t" : 1756457408886,
      "tn" : 1756457408886448909,
      "q" : "10.6",
      "p" : "0.16918",
      "s" : "sell",
      "i" : "NEON_USDT",
      "m" : "4611686018429224346"
    }, {
      "d" : "1756457408861243916",
      "t" : 1756457408861,
      "tn" : 1756457408861243916,
      "q" : "10.6",
      "p" : "0.16918",
      "s" : "sell",
      "i" : "NEON_USDT",
      "m" : "4611686018429224345"
    }, {
      "d" : "1756457408826228484",
      "t" : 1756457408826,
      "tn" : 1756457408826228484,
      "q" : "10.6",
      "p" : "0.16918",
      "s" : "sell",
      "i" : "NEON_USDT",
      "m" : "4611686018429224344"
    }, {
      "d" : "1756457408645788730",
      "t" : 1756457408645,
      "tn" : 1756457408645788730,
      "q" : "10.6",
      "p" : "0.16918",
      "s" : "sell",
      "i" : "NEON_USDT",
      "m" : "4611686018429224343"
    }, {
      "d" : "1756457408630792732",
      "t" : 1756457408630,
      "tn" : 1756457408630792732,
      "q" : "10.6",
      "p" : "0.16919",
      "s" : "sell",
      "i" : "NEON_USDT",
      "m" : "4611686018429224342"
    }, {
      "d" : "1756457408610033186",
      "t" : 1756457408610,
      "tn" : 1756457408610033186,
      "q" : "10.6",
      "p" : "0.16919",
      "s" : "sell",
      "i" : "NEON_USDT",
      "m" : "4611686018429224341"
    }, {
      "d" : "1756457408554956284",
      "t" : 1756457408554,
      "tn" : 1756457408554956284,
      "q" : "10.6",
      "p" : "0.16919",
      "s" : "sell",
      "i" : "NEON_USDT",
      "m" : "4611686018429224340"
    }, {
      "d" : "1756457408539949112",
      "t" : 1756457408539,
      "tn" : 1756457408539949112,
      "q" : "10.6",
      "p" : "0.16919",
      "s" : "sell",
      "i" : "NEON_USDT",
      "m" : "4611686018429224339"
    }, {
      "d" : "1756457408525004620",
      "t" : 1756457408525,
      "tn" : 1756457408525004620,
      "q" : "10.6",
      "p" : "0.16919",
      "s" : "sell",
      "i" : "NEON_USDT",
      "m" : "4611686018429224338"
    }, {
      "d" : "1756457408439860344",
      "t" : 1756457408439,
      "tn" : 1756457408439860344,
      "q" : "10.6",
      "p" : "0.16919",
      "s" : "sell",
      "i" : "NEON_USDT",
      "m" : "4611686018429224337"
    }, {
      "d" : "1756457408429831312",
      "t" : 1756457408429,
      "tn" : 1756457408429831312,
      "q" : "10.6",
      "p" : "0.16919",
      "s" : "sell",
      "i" : "NEON_USDT",
      "m" : "4611686018429224336"
    }, {
      "d" : "1756457408399924762",
      "t" : 1756457408399,
      "tn" : 1756457408399924762,
      "q" : "10.6",
      "p" : "0.16920",
      "s" : "sell",
      "i" : "NEON_USDT",
      "m" : "4611686018429224335"
    }, {
      "d" : "1756457408299604681",
      "t" : 1756457408299,
      "tn" : 1756457408299604681,
      "q" : "10.6",
      "p" : "0.16919",
      "s" : "sell",
      "i" : "NEON_USDT",
      "m" : "4611686018429224334"
    }, {
      "d" : "1756457408279611189",
      "t" : 1756457408279,
      "tn" : 1756457408279611189,
      "q" : "10.6",
      "p" : "0.16919",
      "s" : "sell",
      "i" : "NEON_USDT",
      "m" : "4611686018429224333"
    }, {
      "d" : "1756457408239555186",
      "t" : 1756457408239,
      "tn" : 1756457408239555186,
      "q" : "10.6",
      "p" : "0.16919",
      "s" : "sell",
      "i" : "NEON_USDT",
      "m" : "4611686018429224332"
    }, {
      "d" : "1756457408189521078",
      "t" : 1756457408189,
      "tn" : 1756457408189521078,
      "q" : "10.6",
      "p" : "0.16920",
      "s" : "sell",
      "i" : "NEON_USDT",
      "m" : "4611686018429224331"
    }, {
      "d" : "1756457408159460717",
      "t" : 1756457408159,
      "tn" : 1756457408159460717,
      "q" : "10.6",
      "p" : "0.16920",
      "s" : "sell",
      "i" : "NEON_USDT",
      "m" : "4611686018429224330"
    } ]
  }
}