{
  "id" : -1,
  "method" : "public/get-trades",
  "code" : 0,
  "result" : {
    "data" : [ {
      "d" : "1756454713520159372",
      "t" : 1756454713520,
      "tn" : 1756454713520159372,
      "q" : "12156",
      "p" : "0.026869",
      "s" : "sell",
      "i" : "NKN_USD",
      "m" : "4611686018430012554"
    }, {
      "d" : "1756454713520157015",
      "t" : 1756454713520,
      "tn" : 1756454713520157015,
      "q" : "254",
      "p" : "0.026871",
      "s" : "sell",
      "i" : "NKN_USD",
      "m" : "4611686018430012553"
    }, {
      "d" : "1756454713520154337",
      "t" : 1756454713520,
      "tn" : 1756454713520154337,
      "q" : "5096",
      "p" : "0.026872",
      "s" : "sell",
      "i" : "NKN_USD",
      "m" : "4611686018430012552"
    }, {
      "d" : "1756451206450788783",
      "t" : 1756451206450,
      "tn" : 1756451206450788783,
      "q" : "156",
      "p" : "0.027690",
      "s" : "buy",
      "i" : "NKN_USD",
      "m" : "4611686018430012551"
    }, {
      "d" : "1756451206448122136",
      "t" : 1756451206448,
      "tn" : 1756451206448122136,
      "q" : "903",
      "p" : "0.027690",
      "s" : "buy",
      "i" : "NKN_USD",
      "m" : "4611686018430012550"
    }, {
      "d" : "1756444032284024975",
      "t" : 1756444032284,
      "tn" : 1756444032284024975,
      "q" : "489",
      "p" : "0.028538",
      "s" : "sell",
      "i" : "NKN_USD",
      "m" : "4611686018430012549"
    }, {
      "d" : "1756437614457405749",
      "t" : 1756437614457,
      "tn" : 1756437614457405749,
      "q" : "200",
      "p" : "0.028261",
      "s" : "buy",
      "i" : "NKN_USD",
      "m" : "4611686018430012548"
    }, {
      "d" : "1756434213936482977",
      "t" : 1756434213936,
      "tn" : 1756434213936482977,
      "q" : "666",
      "p" : "0.028601",
      "s" : "sell",
      "i" : "NKN_USD",
      "m" : "4611686018430012547"
    }, {
      "d" : "1756434210096815029",
      "t" : 1756434210096,
      "tn" : 1756434210096815029,
      "q" : "1264",
      "p" : "0.028597",
      "s" : "sell",
      "i" : "NKN_USD",
      "m" : "4611686018430012546"
    }, {
      "d" : "1756434197857078640",
      "t" : 1756434197857,
      "tn" : 1756434197857078640,
      "q" : "1351",
      "p" : "0.028595",
      "s" : "sell",
      "i" : "NKN_USD",
      "m" : "4611686018430012545"
    }, {
      "d" : "1756410494877576305",
      "t" : 1756410494877,
      "tn" : 1756410494877576305,
      "q" : "6812",
      "p" : "0.027835",
      "s" : "buy",
      "i" : "NKN_USD",
      "m" : "4611686018430012544"
    }, {
      "d" : "1756407146096846190",
      "t" : 1756407146096,
      "tn" : 1756407146096846190,
      "q" : "52",
      "p" : "0.028179",
      "s" : "buy",
      "i" : "NKN_USD",
      "m" : "4611686018430012543"
    }, {
      "d" : "1756407146094042257",
      "t" : 1756407146094,
      "tn" : 1756407146094042257,
      "q" : "887",
      "p" : "0.028179",
      "s" : "buy",
      "i" : "NKN_USD",
      "m" : "4611686018430012542"
    }, {
      "d" : "1756395769046386026",
      "t" : 1756395769046,
      "tn" : 1756395769046386026,
      "q" : "389",
      "p" : "0.028605",
      "s" : "sell",
      "i" : "NKN_USD",
      "m" : "4611686018430012541"
    }, {
      "d" : "1756395759011486712",
      "t" : 1756395759011,
      "tn" : 1756395759011486712,
      "q" : "500",
      "p" : "0.028601",
      "s" : "sell",
      "i" : "NKN_USD",
      "m" : "4611686018430012540"
    }, {
      "d" : "1756388060076247223",
      "t" : 1756388060076,
      "tn" : 1756388060076247223,
      "q" : "609",
      "p" : "0.028662",
      "s" : "sell",
      "i" : "NKN_USD",
      "m" : "4611686018430012539"
    }, {
      "d" : "1756385213085169989",
      "t" : 1756385213085,
      "tn" : 1756385213085169989,
      "q" : "343",
      "p" : "0.028513",
      "s" : "buy",
      "i" : "NKN_USD",
      "m" : "4611686018430012538"
    }, {
      "d" : "1756382444773172009",
      "t" : 1756382444773,
      "tn" : 1756382444773172009,
      "q" : "1800",
      "p" : "0.028293",
      "s" : "buy",
      "i" : "NKN_USD",
      "m" : "4611686018430012537"
    }, {
      "d" : "1756382223973655730",
      "t" : 1756382223973,
      "tn" : 1756382223973655730,
      "q" : "977",
      "p" : "0.028335",
      "s" : "buy",
      "i" : "NKN_USD",
      "m" : "4611686018430012536"
    }, {
      "d" : "1756380151389583601",
      "t" : 1756380151389,
      "tn" : 1756380151389583601,
      "q" : "1406",
      "p" : "0.028303",
      "s" : "buy",
      "i" : "NKN_USD",
      "m" : "4611686018430012535"
    }, {
      "d" : "1756379472047767602",
      "t" : 1756379472047,
      "tn" : 1756379472047767602,
      "q" : "473",
      "p" : "0.028253",
      "s" : "buy",
      "i" : "NKN_USD",
      "m" : "4611686018430012534"
    }, {
      "d" : "1756377019589576613",
      "t" : 1756377019589,
      "tn" : 1756377019589576613,
      "q" : "314",
      "p" : "0.028518",
      "s" : "sell",
      "i" : "NKN_USD",
      "m" : "4611686018430012533"
    }, {
      "d" : "1756376108149705531",
      "t" : 1756376108149,
      "tn" : 1756376108149705531,
      "q" : "1367",
      "p" : "0.028194",
      "s" : "buy",
      "i" : "NKN_USD",
      "m" : "4611686018430012532"
    } ]
  }
}