{
  "id" : -1,
  "method" : "public/get-trades",
  "code" : 0,
  "result" : {
    "data" : [ {
      "d" : "1756459310219210319",
      "t" : 1756459310219,
      "tn" : 1756459310219210319,
      "q" : "1.12",
      "p" : "17.001",
      "s" : "sell",
      "i" : "NMR_USDT",
      "m" : "4611686018430080825"
    }, {
      "d" : "1756459305614556488",
      "t" : 1756459305614,
      "tn" : 1756459305614556488,
      "q" : "0.54",
      "p" : "17.001",
      "s" : "sell",
      "i" : "NMR_USDT",
      "m" : "4611686018430080824"
    }, {
      "d" : "1756458438672802217",
      "t" : 1756458438672,
      "tn" : 1756458438672802217,
      "q" : "1.78",
      "p" : "17.250",
      "s" : "sell",
      "i" : "NMR_USDT",
      "m" : "4611686018430080823"
    }, {
      "d" : "1756456932747785660",
      "t" : 1756456932747,
      "tn" : 1756456932747785660,
      "q" : "22.15",
      "p" : "17.569",
      "s" : "sell",
      "i" : "NMR_USDT",
      "m" : "4611686018430080822"
    }, {
      "d" : "1756456932746000639",
      "t" : 1756456932746,
      "tn" : 1756456932746000639,
      "q" : "26.56",
      "p" : "17.531",
      "s" : "sell",
      "i" : "NMR_USDT",
      "m" : "4611686018430080821"
    }, {
      "d" : "1756456932745998754",
      "t" : 1756456932745,
      "tn" : 1756456932745998754,
      "q" : "59.21",
      "p" : "17.532",
      "s" : "sell",
      "i" : "NMR_USDT",
      "m" : "4611686018430080820"
    }, {
      "d" : "1756456932745996292",
      "t" : 1756456932745,
      "tn" : 1756456932745996292,
      "q" : "67.39",
      "p" : "17.562",
      "s" : "sell",
      "i" : "NMR_USDT",
      "m" : "4611686018430080819"
    }, {
      "d" : "1756456932745799432",
      "t" : 1756456932745,
      "tn" : 1756456932745799432,
      "q" : "54.39",
      "p" : "17.568",
      "s" : "sell",
      "i" : "NMR_USDT",
      "m" : "4611686018430080818"
    }, {
      "d" : "1756456932745797008",
      "t" : 1756456932745,
      "tn" : 1756456932745797008,
      "q" : "11.48",
      "p" : "17.588",
      "s" : "sell",
      "i" : "NMR_USDT",
      "m" : "4611686018430080817"
    }, {
      "d" : "1756456932745378216",
      "t" : 1756456932745,
      "tn" : 1756456932745378216,
      "q" : "22.18",
      "p" : "17.588",
      "s" : "sell",
      "i" : "NMR_USDT",
      "m" : "4611686018430080816"
    }, {
      "d" : "1756456932745375956",
      "t" : 1756456932745,
      "tn" : 1756456932745375956,
      "q" : "22.15",
      "p" : "17.589",
      "s" : "sell",
      "i" : "NMR_USDT",
      "m" : "4611686018430080815"
    }, {
      "d" : "1756454572416791151",
      "t" : 1756454572416,
      "tn" : 1756454572416791151,
      "q" : "1.74",
      "p" : "17.672",
      "s" : "buy",
      "i" : "NMR_USDT",
      "m" : "4611686018430080814"
    }, {
      "d" : "1756454008974450706",
      "t" : 1756454008974,
      "tn" : 1756454008974450706,
      "q" : "1.74",
      "p" : "17.861",
      "s" : "sell",
      "i" : "NMR_USDT",
      "m" : "4611686018430080813"
    }, {
      "d" : "1756454008780541473",
      "t" : 1756454008780,
      "tn" : 1756454008780541473,
      "q" : "54.39",
      "p" : "17.928",
      "s" : "sell",
      "i" : "NMR_USDT",
      "m" : "4611686018430080812"
    }, {
      "d" : "1756454008780349902",
      "t" : 1756454008780,
      "tn" : 1756454008780349902,
      "q" : "33.66",
      "p" : "17.947",
      "s" : "sell",
      "i" : "NMR_USDT",
      "m" : "4611686018430080811"
    }, {
      "d" : "1756454008779757489",
      "t" : 1756454008779,
      "tn" : 1756454008779757489,
      "q" : "22.15",
      "p" : "17.948",
      "s" : "sell",
      "i" : "NMR_USDT",
      "m" : "4611686018430080810"
    }, {
      "d" : "1756453917710658823",
      "t" : 1756453917710,
      "tn" : 1756453917710658823,
      "q" : "1.74",
      "p" : "17.913",
      "s" : "buy",
      "i" : "NMR_USDT",
      "m" : "4611686018430080809"
    }, {
      "d" : "1756453282660845270",
      "t" : 1756453282660,
      "tn" : 1756453282660845270,
      "q" : "19.81",
      "p" : "18.179",
      "s" : "buy",
      "i" : "NMR_USDT",
      "m" : "4611686018430080808"
    }, {
      "d" : "1756453282660104692",
      "t" : 1756453282660,
      "tn" : 1756453282660104692,
      "q" : "33.66",
      "p" : "18.168",
      "s" : "buy",
      "i" : "NMR_USDT",
      "m" : "4611686018430080807"
    }, {
      "d" : "1756452665912541904",
      "t" : 1756452665912,
      "tn" : 1756452665912541904,
      "q" : "1.74",
      "p" : "18.178",
      "s" : "sell",
      "i" : "NMR_USDT",
      "m" : "4611686018430080806"
    }, {
      "d" : "1756452665906016266",
      "t" : 1756452665906,
      "tn" : 1756452665906016266,
      "q" : "13.08",
      "p" : "18.218",
      "s" : "sell",
      "i" : "NMR_USDT",
      "m" : "4611686018430080805"
    }, {
      "d" : "1756452621700297648",
      "t" : 1756452621700,
      "tn" : 1756452621700297648,
      "q" : "1.74",
      "p" : "18.178",
      "s" : "buy",
      "i" : "NMR_USDT",
      "m" : "4611686018430080804"
    }, {
      "d" : "1756452305036841137",
      "t" : 1756452305036,
      "tn" : 1756452305036841137,
      "q" : "3.01",
      "p" : "18.088",
      "s" : "sell",
      "i" : "NMR_USDT",
      "m" : "4611686018430080803"
    }, {
      "d" : "1756451731782383269",
      "t" : 1756451731782,
      "tn" : 1756451731782383269,
      "q" : "1.32",
      "p" : "18.327",
      "s" : "sell",
      "i" : "NMR_USDT",
      "m" : "4611686018430080802"
    }, {
      "d" : "1756451731752259785",
      "t" : 1756451731752,
      "tn" : 1756451731752259785,
      "q" : "0.69",
      "p" : "18.327",
      "s" : "sell",
      "i" : "NMR_USDT",
      "m" : "4611686018430080801"
    }, {
      "d" : "1756451579071346378",
      "t" : 1756451579071,
      "tn" : 1756451579071346377,
      "q" : "2.15",
      "p" : "18.428",
      "s" : "sell",
      "i" : "NMR_USDT",
      "m" : "4611686018430080800"
    }, {
      "d" : "1756451579071346377",
      "t" : 1756451579071,
      "tn" : 1756451579071346377,
      "q" : "1.34",
      "p" : "18.428",
      "s" : "sell",
      "i" : "NMR_USDT",
      "m" : "4611686018430080800"
    }, {
      "d" : "1756451572156416911",
      "t" : 1756451572156,
      "tn" : 1756451572156416911,
      "q" : "2.51",
      "p" : "18.688",
      "s" : "sell",
      "i" : "NMR_USDT",
      "m" : "4611686018430080799"
    }, {
      "d" : "1756451310417260164",
      "t" : 1756451310417,
      "tn" : 1756451310417260164,
      "q" : "1.52",
      "p" : "19.022",
      "s" : "sell",
      "i" : "NMR_USDT",
      "m" : "4611686018430080798"
    }, {
      "d" : "1756451222887700029",
      "t" : 1756451222887,
      "tn" : 1756451222887700029,
      "q" : "8.95",
      "p" : "19.557",
      "s" : "sell",
      "i" : "NMR_USDT",
      "m" : "4611686018430080797"
    }, {
      "d" : "1756451222887697978",
      "t" : 1756451222887,
      "tn" : 1756451222887697978,
      "q" : "1.74",
      "p" : "19.558",
      "s" : "sell",
      "i" : "NMR_USDT",
      "m" : "4611686018430080796"
    }, {
      "d" : "1756450997417602995",
      "t" : 1756450997417,
      "tn" : 1756450997417602995,
      "q" : "6.08",
      "p" : "19.347",
      "s" : "sell",
      "i" : "NMR_USDT",
      "m" : "4611686018430080795"
    }, {
      "d" : "1756450984967513487",
      "t" : 1756450984967,
      "tn" : 1756450984967513487,
      "q" : "3.18",
      "p" : "19.563",
      "s" : "sell",
      "i" : "NMR_USDT",
      "m" : "4611686018430080794"
    }, {
      "d" : "1756450984967511229",
      "t" : 1756450984967,
      "tn" : 1756450984967511229,
      "q" : "8.95",
      "p" : "19.565",
      "s" : "sell",
      "i" : "NMR_USDT",
      "m" : "4611686018430080793"
    }, {
      "d" : "1756450943047004040",
      "t" : 1756450943047,
      "tn" : 1756450943047004040,
      "q" : "12.19",
      "p" : "19.905",
      "s" : "buy",
      "i" : "NMR_USDT",
      "m" : "4611686018430080792"
    }, {
      "d" : "1756450651977718247",
      "t" : 1756450651977,
      "tn" : 1756450651977718247,
      "q" : "2.12",
      "p" : "18.696",
      "s" : "sell",
      "i" : "NMR_USDT",
      "m" : "4611686018430080791"
    }, {
      "d" : "1756450594361837755",
      "t" : 1756450594361,
      "tn" : 1756450594361837755,
      "q" : "71.70",
      "p" : "18.900",
      "s" : "buy",
      "i" : "NMR_USDT",
      "m" : "4611686018430080790"
    }, {
      "d" : "1756450594361836164",
      "t" : 1756450594361,
      "tn" : 1756450594361836164,
      "q" : "28.39",
      "p" : "18.894",
      "s" : "buy",
      "i" : "NMR_USDT",
      "m" : "4611686018430080789"
    }, {
      "d" : "1756450594361833622",
      "t" : 1756450594361,
      "tn" : 1756450594361833622,
      "q" : "67.39",
      "p" : "18.879",
      "s" : "buy",
      "i" : "NMR_USDT",
      "m" : "4611686018430080788"
    }, {
      "d" : "1756450594361718694",
      "t" : 1756450594361,
      "tn" : 1756450594361718694,
      "q" : "72.06",
      "p" : "18.864",
      "s" : "buy",
      "i" : "NMR_USDT",
      "m" : "4611686018430080787"
    }, {
      "d" : "1756450594361645520",
      "t" : 1756450594361,
      "tn" : 1756450594361645520,
      "q" : "33.66",
      "p" : "18.841",
      "s" : "buy",
      "i" : "NMR_USDT",
      "m" : "4611686018430080786"
    }, {
      "d" : "1756450594361642603",
      "t" : 1756450594361,
      "tn" : 1756450594361642603,
      "q" : "22.15",
      "p" : "18.840",
      "s" : "buy",
      "i" : "NMR_USDT",
      "m" : "4611686018430080785"
    }, {
      "d" : "1756450524029482852",
      "t" : 1756450524029,
      "tn" : 1756450524029482852,
      "q" : "2.10",
      "p" : "18.987",
      "s" : "buy",
      "i" : "NMR_USDT",
      "m" : "4611686018430080784"
    }, {
      "d" : "1756450522811379984",
      "t" : 1756450522811,
      "tn" : 1756450522811379984,
      "q" : "2.12",
      "p" : "18.799",
      "s" : "buy",
      "i" : "NMR_USDT",
      "m" : "4611686018430080783"
    }, {
      "d" : "1756450521827997233",
      "t" : 1756450521827,
      "tn" : 1756450521827997233,
      "q" : "2.04",
      "p" : "18.611",
      "s" : "buy",
      "i" : "NMR_USDT",
      "m" : "4611686018430080782"
    }, {
      "d" : "1756450520863902889",
      "t" : 1756450520863,
      "tn" : 1756450520863902889,
      "q" : "1.29",
      "p" : "18.564",
      "s" : "buy",
      "i" : "NMR_USDT",
      "m" : "4611686018430080781"
    }, {
      "d" : "1756450511111160894",
      "t" : 1756450511111,
      "tn" : 1756450511111160894,
      "q" : "1.85",
      "p" : "18.358",
      "s" : "buy",
      "i" : "NMR_USDT",
      "m" : "4611686018430080780"
    }, {
      "d" : "1756449804781062276",
      "t" : 1756449804781,
      "tn" : 1756449804781062276,
      "q" : "11.35",
      "p" : "17.918",
      "s" : "buy",
      "i" : "NMR_USDT",
      "m" : "4611686018430080779"
    }, {
      "d" : "1756449804769691708",
      "t" : 1756449804769,
      "tn" : 1756449804769691708,
      "q" : "6.48",
      "p" : "17.918",
      "s" : "buy",
      "i" : "NMR_USDT",
      "m" : "4611686018430080778"
    }, {
      "d" : "1756449804753020307",
      "t" : 1756449804753,
      "tn" : 1756449804753020307,
      "q" : "11.46",
      "p" : "17.918",
      "s" : "buy",
      "i" : "NMR_USDT",
      "m" : "4611686018430080777"
    }, {
      "d" : "1756449804751079234",
      "t" : 1756449804751,
      "tn" : 1756449804751079234,
      "q" : "6.92",
      "p" : "17.918",
      "s" : "buy",
      "i" : "NMR_USDT",
      "m" : "4611686018430080776"
    }, {
      "d" : "1756449804728120591",
      "t" : 1756449804728,
      "tn" : 1756449804728120591,
      "q" : "5.75",
      "p" : "17.916",
      "s" : "buy",
      "i" : "NMR_USDT",
      "m" : "4611686018430080775"
    }, {
      "d" : "1756449804728117808",
      "t" : 1756449804728,
      "tn" : 1756449804728117808,
      "q" : "1.64",
      "p" : "17.915",
      "s" : "buy",
      "i" : "NMR_USDT",
      "m" : "4611686018430080774"
    }, {
      "d" : "1756449643763379858",
      "t" : 1756449643763,
      "tn" : 1756449643763379858,
      "q" : "0.29",
      "p" : "17.731",
      "s" : "buy",
      "i" : "NMR_USDT",
      "m" : "4611686018430080773"
    }, {
      "d" : "1756449606182166842",
      "t" : 1756449606182,
      "tn" : 1756449606182166842,
      "q" : "8.54",
      "p" : "17.344",
      "s" : "sell",
      "i" : "NMR_USDT",
      "m" : "4611686018430080772"
    }, {
      "d" : "1756449601572165270",
      "t" : 1756449601572,
      "tn" : 1756449601572165270,
      "q" : "1.64",
      "p" : "17.582",
      "s" : "sell",
      "i" : "NMR_USDT",
      "m" : "4611686018430080771"
    }, {
      "d" : "1756449570081719275",
      "t" : 1756449570081,
      "tn" : 1756449570081719275,
      "q" : "1.85",
      "p" : "17.911",
      "s" : "sell",
      "i" : "NMR_USDT",
      "m" : "4611686018430080770"
    }, {
      "d" : "1756449564571365669",
      "t" : 1756449564571,
      "tn" : 1756449564571365669,
      "q" : "59.21",
      "p" : "18.036",
      "s" : "sell",
      "i" : "NMR_USDT",
      "m" : "4611686018430080769"
    }, {
      "d" : "1756449564571363501",
      "t" : 1756449564571,
      "tn" : 1756449564571363501,
      "q" : "33.66",
      "p" : "18.057",
      "s" : "sell",
      "i" : "NMR_USDT",
      "m" : "4611686018430080768"
    }, {
      "d" : "1756449564571359698",
      "t" : 1756449564571,
      "tn" : 1756449564571359698,
      "q" : "22.15",
      "p" : "18.058",
      "s" : "sell",
      "i" : "NMR_USDT",
      "m" : "4611686018430080767"
    }, {
      "d" : "1756449528478635320",
      "t" : 1756449528478,
      "tn" : 1756449528478635320,
      "q" : "12.52",
      "p" : "18.268",
      "s" : "buy",
      "i" : "NMR_USDT",
      "m" : "4611686018430080766"
    }, {
      "d" : "1756449527441713242",
      "t" : 1756449527441,
      "tn" : 1756449527441713242,
      "q" : "9.63",
      "p" : "18.268",
      "s" : "buy",
      "i" : "NMR_USDT",
      "m" : "4611686018430080765"
    }, {
      "d" : "1756447973919426546",
      "t" : 1756447973919,
      "tn" : 1756447973919426546,
      "q" : "27.83",
      "p" : "17.928",
      "s" : "sell",
      "i" : "NMR_USDT",
      "m" : "4611686018430080764"
    }, {
      "d" : "1756447973918877955",
      "t" : 1756447973918,
      "tn" : 1756447973918877955,
      "q" : "31.38",
      "p" : "17.928",
      "s" : "sell",
      "i" : "NMR_USDT",
      "m" : "4611686018430080763"
    }, {
      "d" : "1756447973916982183",
      "t" : 1756447973916,
      "tn" : 1756447973916982183,
      "q" : "22.15",
      "p" : "17.931",
      "s" : "sell",
      "i" : "NMR_USDT",
      "m" : "4611686018430080762"
    }, {
      "d" : "1756447973912379199",
      "t" : 1756447973912,
      "tn" : 1756447973912379199,
      "q" : "8.75",
      "p" : "17.972",
      "s" : "sell",
      "i" : "NMR_USDT",
      "m" : "4611686018430080761"
    }, {
      "d" : "1756447973909708419",
      "t" : 1756447973909,
      "tn" : 1756447973909708419,
      "q" : "22.95",
      "p" : "17.972",
      "s" : "sell",
      "i" : "NMR_USDT",
      "m" : "4611686018430080760"
    }, {
      "d" : "1756447355097102314",
      "t" : 1756447355097,
      "tn" : 1756447355097102314,
      "q" : "1.36",
      "p" : "18.141",
      "s" : "buy",
      "i" : "NMR_USDT",
      "m" : "4611686018430080759"
    }, {
      "d" : "1756447355037749620",
      "t" : 1756447355037,
      "tn" : 1756447355037749620,
      "q" : "1.85",
      "p" : "18.122",
      "s" : "buy",
      "i" : "NMR_USDT",
      "m" : "4611686018430080758"
    }, {
      "d" : "1756447347575137762",
      "t" : 1756447347575,
      "tn" : 1756447347575137762,
      "q" : "3.17",
      "p" : "17.886",
      "s" : "buy",
      "i" : "NMR_USDT",
      "m" : "4611686018430080757"
    }, {
      "d" : "1756447031683484072",
      "t" : 1756447031683,
      "tn" : 1756447031683484072,
      "q" : "0.69",
      "p" : "17.855",
      "s" : "buy",
      "i" : "NMR_USDT",
      "m" : "4611686018430080756"
    }, {
      "d" : "1756445840299775677",
      "t" : 1756445840299,
      "tn" : 1756445840299775677,
      "q" : "2.89",
      "p" : "17.789",
      "s" : "buy",
      "i" : "NMR_USDT",
      "m" : "4611686018430080755"
    }, {
      "d" : "1756442340719782567",
      "t" : 1756442340719,
      "tn" : 1756442340719782567,
      "q" : "0.88",
      "p" : "17.628",
      "s" : "sell",
      "i" : "NMR_USDT",
      "m" : "4611686018430080754"
    }, {
      "d" : "1756439699978957402",
      "t" : 1756439699978,
      "tn" : 1756439699978957402,
      "q" : "7.22",
      "p" : "17.340",
      "s" : "buy",
      "i" : "NMR_USDT",
      "m" : "4611686018430080753"
    }, {
      "d" : "1756434249887944530",
      "t" : 1756434249887,
      "tn" : 1756434249887944530,
      "q" : "2.63",
      "p" : "17.781",
      "s" : "buy",
      "i" : "NMR_USDT",
      "m" : "4611686018430080752"
    }, {
      "d" : "1756428340582023237",
      "t" : 1756428340582,
      "tn" : 1756428340582023237,
      "q" : "6.00",
      "p" : "18.093",
      "s" : "buy",
      "i" : "NMR_USDT",
      "m" : "4611686018430080751"
    }, {
      "d" : "1756428340581793391",
      "t" : 1756428340581,
      "tn" : 1756428340581793391,
      "q" : "7.14",
      "p" : "18.093",
      "s" : "buy",
      "i" : "NMR_USDT",
      "m" : "4611686018430080750"
    }, {
      "d" : "1756420879420339610",
      "t" : 1756420879420,
      "tn" : 1756420879420339610,
      "q" : "0.91",
      "p" : "18.275",
      "s" : "buy",
      "i" : "NMR_USDT",
      "m" : "4611686018430080749"
    }, {
      "d" : "1756420879415782762",
      "t" : 1756420879415,
      "tn" : 1756420879415782762,
      "q" : "0.90",
      "p" : "18.275",
      "s" : "buy",
      "i" : "NMR_USDT",
      "m" : "4611686018430080748"
    }, {
      "d" : "1756420879408061810",
      "t" : 1756420879408,
      "tn" : 1756420879408061810,
      "q" : "21.02",
      "p" : "18.246",
      "s" : "buy",
      "i" : "NMR_USDT",
      "m" : "4611686018430080747"
    }, {
      "d" : "1756420814419847366",
      "t" : 1756420814419,
      "tn" : 1756420814419847366,
      "q" : "1.81",
      "p" : "18.258",
      "s" : "sell",
      "i" : "NMR_USDT",
      "m" : "4611686018430080746"
    }, {
      "d" : "1756418334389655683",
      "t" : 1756418334389,
      "tn" : 1756418334389655683,
      "q" : "1.81",
      "p" : "18.317",
      "s" : "buy",
      "i" : "NMR_USDT",
      "m" : "4611686018430080745"
    }, {
      "d" : "1756415167183374205",
      "t" : 1756415167183,
      "tn" : 1756415167183374205,
      "q" : "7.31",
      "p" : "18.143",
      "s" : "sell",
      "i" : "NMR_USDT",
      "m" : "4611686018430080744"
    }, {
      "d" : "1756415167183372701",
      "t" : 1756415167183,
      "tn" : 1756415167183372701,
      "q" : "1.81",
      "p" : "18.145",
      "s" : "sell",
      "i" : "NMR_USDT",
      "m" : "4611686018430080743"
    }, {
      "d" : "1756415167178196557",
      "t" : 1756415167178,
      "tn" : 1756415167178196557,
      "q" : "26.56",
      "p" : "18.189",
      "s" : "sell",
      "i" : "NMR_USDT",
      "m" : "4611686018430080742"
    }, {
      "d" : "1756415167175415397",
      "t" : 1756415167175,
      "tn" : 1756415167175415397,
      "q" : "26.74",
      "p" : "18.218",
      "s" : "sell",
      "i" : "NMR_USDT",
      "m" : "4611686018430080741"
    }, {
      "d" : "1756415167172829062",
      "t" : 1756415167172,
      "tn" : 1756415167172829062,
      "q" : "29.50",
      "p" : "18.236",
      "s" : "sell",
      "i" : "NMR_USDT",
      "m" : "4611686018430080740"
    }, {
      "d" : "1756414406801912142",
      "t" : 1756414406801,
      "tn" : 1756414406801912142,
      "q" : "19.24",
      "p" : "17.977",
      "s" : "buy",
      "i" : "NMR_USDT",
      "m" : "4611686018430080739"
    }, {
      "d" : "1756414406800165925",
      "t" : 1756414406800,
      "tn" : 1756414406800165925,
      "q" : "1.13",
      "p" : "17.977",
      "s" : "buy",
      "i" : "NMR_USDT",
      "m" : "4611686018430080738"
    }, {
      "d" : "1756413368780041536",
      "t" : 1756413368780,
      "tn" : 1756413368780041536,
      "q" : "72.06",
      "p" : "17.892",
      "s" : "buy",
      "i" : "NMR_USDT",
      "m" : "4611686018430080737"
    }, {
      "d" : "1756413368779793941",
      "t" : 1756413368779,
      "tn" : 1756413368779793941,
      "q" : "67.39",
      "p" : "17.884",
      "s" : "buy",
      "i" : "NMR_USDT",
      "m" : "4611686018430080736"
    }, {
      "d" : "1756413368779324883",
      "t" : 1756413368779,
      "tn" : 1756413368779324883,
      "q" : "33.66",
      "p" : "17.857",
      "s" : "buy",
      "i" : "NMR_USDT",
      "m" : "4611686018430080735"
    }, {
      "d" : "1756413368779322288",
      "t" : 1756413368779,
      "tn" : 1756413368779322288,
      "q" : "28.48",
      "p" : "17.856",
      "s" : "buy",
      "i" : "NMR_USDT",
      "m" : "4611686018430080734"
    }, {
      "d" : "1756411645574739125",
      "t" : 1756411645574,
      "tn" : 1756411645574739125,
      "q" : "3.02",
      "p" : "17.502",
      "s" : "sell",
      "i" : "NMR_USDT",
      "m" : "4611686018430080733"
    }, {
      "d" : "1756411168622255606",
      "t" : 1756411168622,
      "tn" : 1756411168622255606,
      "q" : "26.56",
      "p" : "17.672",
      "s" : "sell",
      "i" : "NMR_USDT",
      "m" : "4611686018430080732"
    }, {
      "d" : "1756411168622253747",
      "t" : 1756411168622,
      "tn" : 1756411168622253747,
      "q" : "54.39",
      "p" : "17.676",
      "s" : "sell",
      "i" : "NMR_USDT",
      "m" : "4611686018430080731"
    }, {
      "d" : "1756411168622251448",
      "t" : 1756411168622,
      "tn" : 1756411168622251448,
      "q" : "32.00",
      "p" : "17.711",
      "s" : "sell",
      "i" : "NMR_USDT",
      "m" : "4611686018430080730"
    }, {
      "d" : "1756411168622040314",
      "t" : 1756411168622,
      "tn" : 1756411168622040314,
      "q" : "35.39",
      "p" : "17.711",
      "s" : "sell",
      "i" : "NMR_USDT",
      "m" : "4611686018430080729"
    }, {
      "d" : "1756411168622038694",
      "t" : 1756411168622,
      "tn" : 1756411168622038694,
      "q" : "54.39",
      "p" : "17.712",
      "s" : "sell",
      "i" : "NMR_USDT",
      "m" : "4611686018430080728"
    }, {
      "d" : "1756411168621784026",
      "t" : 1756411168621,
      "tn" : 1756411168621784026,
      "q" : "33.66",
      "p" : "17.738",
      "s" : "sell",
      "i" : "NMR_USDT",
      "m" : "4611686018430080727"
    }, {
      "d" : "1756411168621781242",
      "t" : 1756411168621,
      "tn" : 1756411168621781242,
      "q" : "25.09",
      "p" : "17.750",
      "s" : "sell",
      "i" : "NMR_USDT",
      "m" : "4611686018430080726"
    }, {
      "d" : "1756410979925374442",
      "t" : 1756410979925,
      "tn" : 1756410979925374442,
      "q" : "25.77",
      "p" : "17.780",
      "s" : "sell",
      "i" : "NMR_USDT",
      "m" : "4611686018430080725"
    }, {
      "d" : "1756410903168782925",
      "t" : 1756410903168,
      "tn" : 1756410903168782925,
      "q" : "26.49",
      "p" : "17.779",
      "s" : "sell",
      "i" : "NMR_USDT",
      "m" : "4611686018430080724"
    }, {
      "d" : "1756410135636653552",
      "t" : 1756410135636,
      "tn" : 1756410135636653552,
      "q" : "1.95",
      "p" : "18.002",
      "s" : "sell",
      "i" : "NMR_USDT",
      "m" : "4611686018430080723"
    }, {
      "d" : "1756410052147001495",
      "t" : 1756410052147,
      "tn" : 1756410052147001495,
      "q" : "7.79",
      "p" : "18.042",
      "s" : "sell",
      "i" : "NMR_USDT",
      "m" : "4611686018430080722"
    }, {
      "d" : "1756408086222021625",
      "t" : 1756408086222,
      "tn" : 1756408086222021625,
      "q" : "0.39",
      "p" : "17.908",
      "s" : "buy",
      "i" : "NMR_USDT",
      "m" : "4611686018430080721"
    }, {
      "d" : "1756408081545248623",
      "t" : 1756408081545,
      "tn" : 1756408081545248623,
      "q" : "23.41",
      "p" : "17.908",
      "s" : "sell",
      "i" : "NMR_USDT",
      "m" : "4611686018430080720"
    }, {
      "d" : "1756407460800334180",
      "t" : 1756407460800,
      "tn" : 1756407460800334180,
      "q" : "4.46",
      "p" : "17.926",
      "s" : "buy",
      "i" : "NMR_USDT",
      "m" : "4611686018430080719"
    }, {
      "d" : "1756405871973856247",
      "t" : 1756405871973,
      "tn" : 1756405871973856247,
      "q" : "67.39",
      "p" : "17.804",
      "s" : "buy",
      "i" : "NMR_USDT",
      "m" : "4611686018430080718"
    }, {
      "d" : "1756405871973854071",
      "t" : 1756405871973,
      "tn" : 1756405871973854071,
      "q" : "34.29",
      "p" : "17.784",
      "s" : "buy",
      "i" : "NMR_USDT",
      "m" : "4611686018430080717"
    }, {
      "d" : "1756405871973048181",
      "t" : 1756405871973,
      "tn" : 1756405871973048181,
      "q" : "37.77",
      "p" : "17.784",
      "s" : "buy",
      "i" : "NMR_USDT",
      "m" : "4611686018430080716"
    }, {
      "d" : "1756405871973046953",
      "t" : 1756405871973,
      "tn" : 1756405871973046953,
      "q" : "3.52",
      "p" : "17.777",
      "s" : "buy",
      "i" : "NMR_USDT",
      "m" : "4611686018430080715"
    }, {
      "d" : "1756405871972961283",
      "t" : 1756405871972,
      "tn" : 1756405871972961283,
      "q" : "30.14",
      "p" : "17.777",
      "s" : "buy",
      "i" : "NMR_USDT",
      "m" : "4611686018430080714"
    }, {
      "d" : "1756405871972959233",
      "t" : 1756405871972,
      "tn" : 1756405871972959232,
      "q" : "7.71",
      "p" : "17.776",
      "s" : "buy",
      "i" : "NMR_USDT",
      "m" : "4611686018430080713"
    }, {
      "d" : "1756405871972959232",
      "t" : 1756405871972,
      "tn" : 1756405871972959232,
      "q" : "5.09",
      "p" : "17.776",
      "s" : "buy",
      "i" : "NMR_USDT",
      "m" : "4611686018430080713"
    }, {
      "d" : "1756404428813415028",
      "t" : 1756404428813,
      "tn" : 1756404428813415028,
      "q" : "33.66",
      "p" : "17.918",
      "s" : "buy",
      "i" : "NMR_USDT",
      "m" : "4611686018430080712"
    }, {
      "d" : "1756404428813412926",
      "t" : 1756404428813,
      "tn" : 1756404428813412926,
      "q" : "9.86",
      "p" : "17.917",
      "s" : "buy",
      "i" : "NMR_USDT",
      "m" : "4611686018430080711"
    }, {
      "d" : "1756404428812652581",
      "t" : 1756404428812,
      "tn" : 1756404428812652581,
      "q" : "9.86",
      "p" : "17.915",
      "s" : "buy",
      "i" : "NMR_USDT",
      "m" : "4611686018430080710"
    }, {
      "d" : "1756404428812649954",
      "t" : 1756404428812,
      "tn" : 1756404428812649954,
      "q" : "12.34",
      "p" : "17.914",
      "s" : "buy",
      "i" : "NMR_USDT",
      "m" : "4611686018430080709"
    }, {
      "d" : "1756403857401970544",
      "t" : 1756403857401,
      "tn" : 1756403857401970544,
      "q" : "16.51",
      "p" : "17.755",
      "s" : "buy",
      "i" : "NMR_USDT",
      "m" : "4611686018430080708"
    }, {
      "d" : "1756403857401598868",
      "t" : 1756403857401,
      "tn" : 1756403857401598868,
      "q" : "3.22",
      "p" : "17.755",
      "s" : "buy",
      "i" : "NMR_USDT",
      "m" : "4611686018430080707"
    }, {
      "d" : "1756403857401597261",
      "t" : 1756403857401,
      "tn" : 1756403857401597261,
      "q" : "1.85",
      "p" : "17.754",
      "s" : "buy",
      "i" : "NMR_USDT",
      "m" : "4611686018430080706"
    }, {
      "d" : "1756403734223596574",
      "t" : 1756403734223,
      "tn" : 1756403734223596574,
      "q" : "67.39",
      "p" : "17.651",
      "s" : "sell",
      "i" : "NMR_USDT",
      "m" : "4611686018430080705"
    }, {
      "d" : "1756403734223594707",
      "t" : 1756403734223,
      "tn" : 1756403734223594707,
      "q" : "28.85",
      "p" : "17.652",
      "s" : "sell",
      "i" : "NMR_USDT",
      "m" : "4611686018430080704"
    }, {
      "d" : "1756403347910606157",
      "t" : 1756403347910,
      "tn" : 1756403347910606157,
      "q" : "23.59",
      "p" : "17.660",
      "s" : "sell",
      "i" : "NMR_USDT",
      "m" : "4611686018430080703"
    }, {
      "d" : "1756403347910604539",
      "t" : 1756403347910,
      "tn" : 1756403347910604539,
      "q" : "0.59",
      "p" : "17.661",
      "s" : "sell",
      "i" : "NMR_USDT",
      "m" : "4611686018430080702"
    }, {
      "d" : "1756402988631962586",
      "t" : 1756402988631,
      "tn" : 1756402988631962586,
      "q" : "1.85",
      "p" : "18.182",
      "s" : "sell",
      "i" : "NMR_USDT",
      "m" : "4611686018430080701"
    }, {
      "d" : "1756402652196820734",
      "t" : 1756402652196,
      "tn" : 1756402652196820734,
      "q" : "33.66",
      "p" : "18.259",
      "s" : "buy",
      "i" : "NMR_USDT",
      "m" : "4611686018430080700"
    }, {
      "d" : "1756401530207154181",
      "t" : 1756401530207,
      "tn" : 1756401530207154181,
      "q" : "52.81",
      "p" : "18.180",
      "s" : "sell",
      "i" : "NMR_USDT",
      "m" : "4611686018430080699"
    }, {
      "d" : "1756401530207152362",
      "t" : 1756401530207,
      "tn" : 1756401530207152362,
      "q" : "9.86",
      "p" : "18.187",
      "s" : "sell",
      "i" : "NMR_USDT",
      "m" : "4611686018430080698"
    }, {
      "d" : "1756401530207145643",
      "t" : 1756401530207,
      "tn" : 1756401530207145643,
      "q" : "23.80",
      "p" : "18.187",
      "s" : "sell",
      "i" : "NMR_USDT",
      "m" : "4611686018430080697"
    }, {
      "d" : "1756401530207144004",
      "t" : 1756401530207,
      "tn" : 1756401530207144004,
      "q" : "9.86",
      "p" : "18.188",
      "s" : "sell",
      "i" : "NMR_USDT",
      "m" : "4611686018430080696"
    }, {
      "d" : "1756400963359994135",
      "t" : 1756400963359,
      "tn" : 1756400963359994135,
      "q" : "1.86",
      "p" : "18.044",
      "s" : "buy",
      "i" : "NMR_USDT",
      "m" : "4611686018430080695"
    }, {
      "d" : "1756400685225374162",
      "t" : 1756400685225,
      "tn" : 1756400685225374162,
      "q" : "4.14",
      "p" : "18.142",
      "s" : "buy",
      "i" : "NMR_USDT",
      "m" : "4611686018430080694"
    }, {
      "d" : "1756400657192437585",
      "t" : 1756400657192,
      "tn" : 1756400657192437585,
      "q" : "0.48",
      "p" : "18.096",
      "s" : "sell",
      "i" : "NMR_USDT",
      "m" : "4611686018430080693"
    }, {
      "d" : "1756400657190567648",
      "t" : 1756400657190,
      "tn" : 1756400657190567648,
      "q" : "1.38",
      "p" : "18.096",
      "s" : "sell",
      "i" : "NMR_USDT",
      "m" : "4611686018430080692"
    }, {
      "d" : "1756399825895344716",
      "t" : 1756399825895,
      "tn" : 1756399825895344716,
      "q" : "54.39",
      "p" : "18.504",
      "s" : "sell",
      "i" : "NMR_USDT",
      "m" : "4611686018430080691"
    }, {
      "d" : "1756399825895342604",
      "t" : 1756399825895,
      "tn" : 1756399825895342604,
      "q" : "33.66",
      "p" : "18.506",
      "s" : "sell",
      "i" : "NMR_USDT",
      "m" : "4611686018430080690"
    }, {
      "d" : "1756397650516984409",
      "t" : 1756397650516,
      "tn" : 1756397650516984409,
      "q" : "0.29",
      "p" : "19.011",
      "s" : "buy",
      "i" : "NMR_USDT",
      "m" : "4611686018430080689"
    }, {
      "d" : "1756397648420516357",
      "t" : 1756397648420,
      "tn" : 1756397648420516357,
      "q" : "3.69",
      "p" : "18.955",
      "s" : "buy",
      "i" : "NMR_USDT",
      "m" : "4611686018430080688"
    }, {
      "d" : "1756397621029249447",
      "t" : 1756397621029,
      "tn" : 1756397621029249447,
      "q" : "3.99",
      "p" : "18.839",
      "s" : "buy",
      "i" : "NMR_USDT",
      "m" : "4611686018430080687"
    }, {
      "d" : "1756397621025412771",
      "t" : 1756397621025,
      "tn" : 1756397621025412771,
      "q" : "61.52",
      "p" : "18.792",
      "s" : "buy",
      "i" : "NMR_USDT",
      "m" : "4611686018430080686"
    }, {
      "d" : "1756397621025410633",
      "t" : 1756397621025,
      "tn" : 1756397621025410633,
      "q" : "33.66",
      "p" : "18.780",
      "s" : "buy",
      "i" : "NMR_USDT",
      "m" : "4611686018430080685"
    }, {
      "d" : "1756396680476695603",
      "t" : 1756396680476,
      "tn" : 1756396680476695603,
      "q" : "65.63",
      "p" : "18.612",
      "s" : "buy",
      "i" : "NMR_USDT",
      "m" : "4611686018430080684"
    }, {
      "d" : "1756396680476498929",
      "t" : 1756396680476,
      "tn" : 1756396680476498929,
      "q" : "33.66",
      "p" : "18.600",
      "s" : "buy",
      "i" : "NMR_USDT",
      "m" : "4611686018430080683"
    }, {
      "d" : "1756396680475997307",
      "t" : 1756396680475,
      "tn" : 1756396680475997307,
      "q" : "4.01",
      "p" : "18.578",
      "s" : "buy",
      "i" : "NMR_USDT",
      "m" : "4611686018430080682"
    }, {
      "d" : "1756396587010529631",
      "t" : 1756396587010,
      "tn" : 1756396587010529631,
      "q" : "59.04",
      "p" : "18.540",
      "s" : "buy",
      "i" : "NMR_USDT",
      "m" : "4611686018430080681"
    }, {
      "d" : "1756396587010528071",
      "t" : 1756396587010,
      "tn" : 1756396587010528071,
      "q" : "2.97",
      "p" : "18.539",
      "s" : "buy",
      "i" : "NMR_USDT",
      "m" : "4611686018430080680"
    }, {
      "d" : "1756396587010021591",
      "t" : 1756396587010,
      "tn" : 1756396587010021591,
      "q" : "33.66",
      "p" : "18.520",
      "s" : "buy",
      "i" : "NMR_USDT",
      "m" : "4611686018430080679"
    }, {
      "d" : "1756396587009817193",
      "t" : 1756396587009,
      "tn" : 1756396587009817193,
      "q" : "10.01",
      "p" : "18.519",
      "s" : "buy",
      "i" : "NMR_USDT",
      "m" : "4611686018430080678"
    } ]
  }
}