{
  "id" : -1,
  "method" : "public/get-trades",
  "code" : 0,
  "result" : {
    "data" : [ {
      "d" : "1756461851214135311",
      "t" : 1756461851214,
      "tn" : 1756461851214135311,
      "q" : "0.12",
      "p" : "16.792",
      "s" : "sell",
      "i" : "NMR_USD",
      "m" : "4611686018430062404"
    }, {
      "d" : "1756461824468999868",
      "t" : 1756461824468,
      "tn" : 1756461824468999868,
      "q" : "3.15",
      "p" : "16.866",
      "s" : "sell",
      "i" : "NMR_USD",
      "m" : "4611686018430062403"
    }, {
      "d" : "1756461824468621011",
      "t" : 1756461824468,
      "tn" : 1756461824468621011,
      "q" : "29.65",
      "p" : "16.866",
      "s" : "sell",
      "i" : "NMR_USD",
      "m" : "4611686018430062402"
    }, {
      "d" : "1756461821213101056",
      "t" : 1756461821213,
      "tn" : 1756461821213101056,
      "q" : "0.13",
      "p" : "16.898",
      "s" : "buy",
      "i" : "NMR_USD",
      "m" : "4611686018430062401"
    }, {
      "d" : "1756461813075897372",
      "t" : 1756461813075,
      "tn" : 1756461813075897372,
      "q" : "2.12",
      "p" : "16.850",
      "s" : "sell",
      "i" : "NMR_USD",
      "m" : "4611686018430062400"
    }, {
      "d" : "1756461791212560304",
      "t" : 1756461791212,
      "tn" : 1756461791212560304,
      "q" : "0.11",
      "p" : "16.853",
      "s" : "sell",
      "i" : "NMR_USD",
      "m" : "4611686018430062399"
    }, {
      "d" : "1756461761211946012",
      "t" : 1756461761211,
      "tn" : 1756461761211946012,
      "q" : "0.12",
      "p" : "16.989",
      "s" : "buy",
      "i" : "NMR_USD",
      "m" : "4611686018430062398"
    }, {
      "d" : "1756461736045275087",
      "t" : 1756461736045,
      "tn" : 1756461736045275087,
      "q" : "1.95",
      "p" : "16.896",
      "s" : "buy",
      "i" : "NMR_USD",
      "m" : "4611686018430062397"
    }, {
      "d" : "1756461731211395311",
      "t" : 1756461731211,
      "tn" : 1756461731211395311,
      "q" : "0.11",
      "p" : "16.887",
      "s" : "sell",
      "i" : "NMR_USD",
      "m" : "4611686018430062396"
    }, {
      "d" : "1756461708687946077",
      "t" : 1756461708687,
      "tn" : 1756461708687946077,
      "q" : "2.34",
      "p" : "16.943",
      "s" : "buy",
      "i" : "NMR_USD",
      "m" : "4611686018430062395"
    }, {
      "d" : "1756461701210825979",
      "t" : 1756461701210,
      "tn" : 1756461701210825979,
      "q" : "0.12",
      "p" : "17.048",
      "s" : "buy",
      "i" : "NMR_USD",
      "m" : "4611686018430062394"
    }, {
      "d" : "1756461671210359676",
      "t" : 1756461671210,
      "tn" : 1756461671210359676,
      "q" : "0.11",
      "p" : "16.996",
      "s" : "sell",
      "i" : "NMR_USD",
      "m" : "4611686018430062393"
    }, {
      "d" : "1756461641209850773",
      "t" : 1756461641209,
      "tn" : 1756461641209850773,
      "q" : "0.12",
      "p" : "17.089",
      "s" : "buy",
      "i" : "NMR_USD",
      "m" : "4611686018430062392"
    }, {
      "d" : "1756461611209328389",
      "t" : 1756461611209,
      "tn" : 1756461611209328389,
      "q" : "0.13",
      "p" : "17.020",
      "s" : "sell",
      "i" : "NMR_USD",
      "m" : "4611686018430062391"
    }, {
      "d" : "1756461581209175304",
      "t" : 1756461581209,
      "tn" : 1756461581209175304,
      "q" : "0.12",
      "p" : "17.079",
      "s" : "buy",
      "i" : "NMR_USD",
      "m" : "4611686018430062390"
    }, {
      "d" : "1756461565240935962",
      "t" : 1756461565240,
      "tn" : 1756461565240935962,
      "q" : "0.02",
      "p" : "16.951",
      "s" : "buy",
      "i" : "NMR_USD",
      "m" : "4611686018430062389"
    }, {
      "d" : "1756461563371830251",
      "t" : 1756461563371,
      "tn" : 1756461563371830251,
      "q" : "5.89",
      "p" : "16.951",
      "s" : "sell",
      "i" : "NMR_USD",
      "m" : "4611686018430062388"
    }, {
      "d" : "1756461509942346861",
      "t" : 1756461509942,
      "tn" : 1756461509942346861,
      "q" : "30.95",
      "p" : "16.935",
      "s" : "buy",
      "i" : "NMR_USD",
      "m" : "4611686018430062387"
    }, {
      "d" : "1756461509708252262",
      "t" : 1756461509708,
      "tn" : 1756461509708252262,
      "q" : "140.00",
      "p" : "16.935",
      "s" : "buy",
      "i" : "NMR_USD",
      "m" : "4611686018430062386"
    }, {
      "d" : "1756460765758006154",
      "t" : 1756460765758,
      "tn" : 1756460765758006154,
      "q" : "37.57",
      "p" : "16.905",
      "s" : "buy",
      "i" : "NMR_USD",
      "m" : "4611686018430062385"
    }, {
      "d" : "1756460765757916241",
      "t" : 1756460765757,
      "tn" : 1756460765757916241,
      "q" : "7.36",
      "p" : "16.904",
      "s" : "buy",
      "i" : "NMR_USD",
      "m" : "4611686018430062384"
    }, {
      "d" : "1756460592642640437",
      "t" : 1756460592642,
      "tn" : 1756460592642640437,
      "q" : "0.49",
      "p" : "16.886",
      "s" : "sell",
      "i" : "NMR_USD",
      "m" : "4611686018430062383"
    }, {
      "d" : "1756460592640452690",
      "t" : 1756460592640,
      "tn" : 1756460592640452690,
      "q" : "4.74",
      "p" : "16.886",
      "s" : "sell",
      "i" : "NMR_USD",
      "m" : "4611686018430062382"
    }, {
      "d" : "1756460344577480116",
      "t" : 1756460344577,
      "tn" : 1756460344577480116,
      "q" : "100.00",
      "p" : "16.884",
      "s" : "sell",
      "i" : "NMR_USD",
      "m" : "4611686018430062381"
    }, {
      "d" : "1756460321085838909",
      "t" : 1756460321085,
      "tn" : 1756460321085838909,
      "q" : "1.11",
      "p" : "16.755",
      "s" : "buy",
      "i" : "NMR_USD",
      "m" : "4611686018430062380"
    }, {
      "d" : "1756460294638053375",
      "t" : 1756460294638,
      "tn" : 1756460294638053375,
      "q" : "1.14",
      "p" : "16.787",
      "s" : "sell",
      "i" : "NMR_USD",
      "m" : "4611686018430062379"
    }, {
      "d" : "1756459885689141442",
      "t" : 1756459885689,
      "tn" : 1756459885689141442,
      "q" : "4.32",
      "p" : "16.754",
      "s" : "buy",
      "i" : "NMR_USD",
      "m" : "4611686018430062378"
    }, {
      "d" : "1756459767329588065",
      "t" : 1756459767329,
      "tn" : 1756459767329588065,
      "q" : "3.28",
      "p" : "16.870",
      "s" : "sell",
      "i" : "NMR_USD",
      "m" : "4611686018430062377"
    }, {
      "d" : "1756459647818443022",
      "t" : 1756459647818,
      "tn" : 1756459647818443022,
      "q" : "0.35",
      "p" : "16.905",
      "s" : "buy",
      "i" : "NMR_USD",
      "m" : "4611686018430062376"
    }, {
      "d" : "1756459360543581280",
      "t" : 1756459360543,
      "tn" : 1756459360543581280,
      "q" : "36.79",
      "p" : "16.941",
      "s" : "sell",
      "i" : "NMR_USD",
      "m" : "4611686018430062375"
    }, {
      "d" : "1756459144363339688",
      "t" : 1756459144363,
      "tn" : 1756459144363339688,
      "q" : "0.99",
      "p" : "17.082",
      "s" : "buy",
      "i" : "NMR_USD",
      "m" : "4611686018430062374"
    }, {
      "d" : "1756459094085789216",
      "t" : 1756459094085,
      "tn" : 1756459094085789216,
      "q" : "65.78",
      "p" : "17.123",
      "s" : "buy",
      "i" : "NMR_USD",
      "m" : "4611686018430062373"
    }, {
      "d" : "1756459065741315691",
      "t" : 1756459065741,
      "tn" : 1756459065741315691,
      "q" : "12.50",
      "p" : "17.072",
      "s" : "buy",
      "i" : "NMR_USD",
      "m" : "4611686018430062372"
    }, {
      "d" : "1756459044264133449",
      "t" : 1756459044264,
      "tn" : 1756459044264133449,
      "q" : "7.50",
      "p" : "17.072",
      "s" : "buy",
      "i" : "NMR_USD",
      "m" : "4611686018430062371"
    }, {
      "d" : "1756458604789838387",
      "t" : 1756458604789,
      "tn" : 1756458604789838387,
      "q" : "1.58",
      "p" : "17.300",
      "s" : "sell",
      "i" : "NMR_USD",
      "m" : "4611686018430062370"
    }, {
      "d" : "1756458490273138721",
      "t" : 1756458490273,
      "tn" : 1756458490273138721,
      "q" : "1.25",
      "p" : "17.285",
      "s" : "buy",
      "i" : "NMR_USD",
      "m" : "4611686018430062369"
    }, {
      "d" : "1756458438013263347",
      "t" : 1756458438013,
      "tn" : 1756458438013263347,
      "q" : "5.76",
      "p" : "17.352",
      "s" : "sell",
      "i" : "NMR_USD",
      "m" : "4611686018430062368"
    }, {
      "d" : "1756458355269429965",
      "t" : 1756458355269,
      "tn" : 1756458355269429965,
      "q" : "5.52",
      "p" : "17.462",
      "s" : "buy",
      "i" : "NMR_USD",
      "m" : "4611686018430062367"
    }, {
      "d" : "1756458222100139110",
      "t" : 1756458222100,
      "tn" : 1756458222100139110,
      "q" : "3.61",
      "p" : "17.445",
      "s" : "sell",
      "i" : "NMR_USD",
      "m" : "4611686018430062366"
    }, {
      "d" : "1756458003546878586",
      "t" : 1756458003546,
      "tn" : 1756458003546878586,
      "q" : "7.07",
      "p" : "17.460",
      "s" : "buy",
      "i" : "NMR_USD",
      "m" : "4611686018430062365"
    }, {
      "d" : "1756458000299989286",
      "t" : 1756458000299,
      "tn" : 1756458000299989286,
      "q" : "14.06",
      "p" : "17.390",
      "s" : "sell",
      "i" : "NMR_USD",
      "m" : "4611686018430062364"
    }, {
      "d" : "1756457904565595436",
      "t" : 1756457904565,
      "tn" : 1756457904565595436,
      "q" : "2.10",
      "p" : "17.426",
      "s" : "sell",
      "i" : "NMR_USD",
      "m" : "4611686018430062363"
    }, {
      "d" : "1756457542014945105",
      "t" : 1756457542014,
      "tn" : 1756457542014945105,
      "q" : "8.48",
      "p" : "17.554",
      "s" : "sell",
      "i" : "NMR_USD",
      "m" : "4611686018430062362"
    }, {
      "d" : "1756457541804111248",
      "t" : 1756457541804,
      "tn" : 1756457541804111248,
      "q" : "2.71",
      "p" : "17.615",
      "s" : "sell",
      "i" : "NMR_USD",
      "m" : "4611686018430062361"
    }, {
      "d" : "1756457485476657178",
      "t" : 1756457485476,
      "tn" : 1756457485476657178,
      "q" : "2.11",
      "p" : "17.631",
      "s" : "buy",
      "i" : "NMR_USD",
      "m" : "4611686018430062360"
    }, {
      "d" : "1756456947241726190",
      "t" : 1756456947241,
      "tn" : 1756456947241726190,
      "q" : "0.54",
      "p" : "17.551",
      "s" : "buy",
      "i" : "NMR_USD",
      "m" : "4611686018430062359"
    }, {
      "d" : "1756456932749163454",
      "t" : 1756456932749,
      "tn" : 1756456932749163454,
      "q" : "5.68",
      "p" : "17.589",
      "s" : "sell",
      "i" : "NMR_USD",
      "m" : "4611686018430062358"
    }, {
      "d" : "1756456932746303867",
      "t" : 1756456932746,
      "tn" : 1756456932746303867,
      "q" : "29.95",
      "p" : "17.589",
      "s" : "sell",
      "i" : "NMR_USD",
      "m" : "4611686018430062357"
    }, {
      "d" : "1756456932745653463",
      "t" : 1756456932745,
      "tn" : 1756456932745653463,
      "q" : "38.49",
      "p" : "17.589",
      "s" : "sell",
      "i" : "NMR_USD",
      "m" : "4611686018430062356"
    }, {
      "d" : "1756456813960774945",
      "t" : 1756456813960,
      "tn" : 1756456813960774945,
      "q" : "0.28",
      "p" : "17.565",
      "s" : "buy",
      "i" : "NMR_USD",
      "m" : "4611686018430062355"
    }, {
      "d" : "1756456813958428565",
      "t" : 1756456813958,
      "tn" : 1756456813958428565,
      "q" : "1.71",
      "p" : "17.565",
      "s" : "buy",
      "i" : "NMR_USD",
      "m" : "4611686018430062354"
    }, {
      "d" : "1756456340313168064",
      "t" : 1756456340313,
      "tn" : 1756456340313168064,
      "q" : "1.06",
      "p" : "17.475",
      "s" : "sell",
      "i" : "NMR_USD",
      "m" : "4611686018430062353"
    }, {
      "d" : "1756456312090749871",
      "t" : 1756456312090,
      "tn" : 1756456312090749871,
      "q" : "5.74",
      "p" : "17.410",
      "s" : "sell",
      "i" : "NMR_USD",
      "m" : "4611686018430062352"
    }, {
      "d" : "1756456287412875644",
      "t" : 1756456287412,
      "tn" : 1756456287412875644,
      "q" : "6.68",
      "p" : "17.370",
      "s" : "buy",
      "i" : "NMR_USD",
      "m" : "4611686018430062351"
    }, {
      "d" : "1756456120969447604",
      "t" : 1756456120969,
      "tn" : 1756456120969447604,
      "q" : "5.45",
      "p" : "17.434",
      "s" : "sell",
      "i" : "NMR_USD",
      "m" : "4611686018430062350"
    }, {
      "d" : "1756456085452942539",
      "t" : 1756456085452,
      "tn" : 1756456085452942539,
      "q" : "0.34",
      "p" : "17.456",
      "s" : "buy",
      "i" : "NMR_USD",
      "m" : "4611686018430062349"
    }, {
      "d" : "1756455826959170538",
      "t" : 1756455826959,
      "tn" : 1756455826959170538,
      "q" : "0.75",
      "p" : "17.497",
      "s" : "sell",
      "i" : "NMR_USD",
      "m" : "4611686018430062348"
    }, {
      "d" : "1756455826958299074",
      "t" : 1756455826958,
      "tn" : 1756455826958299074,
      "q" : "1.43",
      "p" : "17.497",
      "s" : "sell",
      "i" : "NMR_USD",
      "m" : "4611686018430062347"
    }, {
      "d" : "1756455679730123426",
      "t" : 1756455679730,
      "tn" : 1756455679730123426,
      "q" : "5.45",
      "p" : "17.470",
      "s" : "sell",
      "i" : "NMR_USD",
      "m" : "4611686018430062346"
    }, {
      "d" : "1756455590288869421",
      "t" : 1756455590288,
      "tn" : 1756455590288869421,
      "q" : "8.51",
      "p" : "17.493",
      "s" : "buy",
      "i" : "NMR_USD",
      "m" : "4611686018430062345"
    }, {
      "d" : "1756455590286508499",
      "t" : 1756455590286,
      "tn" : 1756455590286508499,
      "q" : "7.02",
      "p" : "17.491",
      "s" : "buy",
      "i" : "NMR_USD",
      "m" : "4611686018430062344"
    }, {
      "d" : "1756455588843570657",
      "t" : 1756455588843,
      "tn" : 1756455588843570657,
      "q" : "3.38",
      "p" : "17.376",
      "s" : "buy",
      "i" : "NMR_USD",
      "m" : "4611686018430062343"
    }, {
      "d" : "1756455390424154324",
      "t" : 1756455390424,
      "tn" : 1756455390424154324,
      "q" : "0.12",
      "p" : "17.558",
      "s" : "sell",
      "i" : "NMR_USD",
      "m" : "4611686018430062342"
    }, {
      "d" : "1756455390423195481",
      "t" : 1756455390423,
      "tn" : 1756455390423195481,
      "q" : "1.14",
      "p" : "17.558",
      "s" : "sell",
      "i" : "NMR_USD",
      "m" : "4611686018430062341"
    }, {
      "d" : "1756455272891886271",
      "t" : 1756455272891,
      "tn" : 1756455272891886271,
      "q" : "0.92",
      "p" : "17.558",
      "s" : "sell",
      "i" : "NMR_USD",
      "m" : "4611686018430062340"
    }, {
      "d" : "1756454776190132472",
      "t" : 1756454776190,
      "tn" : 1756454776190132472,
      "q" : "3.09",
      "p" : "17.632",
      "s" : "buy",
      "i" : "NMR_USD",
      "m" : "4611686018430062339"
    }, {
      "d" : "1756454767212496760",
      "t" : 1756454767212,
      "tn" : 1756454767212496760,
      "q" : "6.71",
      "p" : "17.611",
      "s" : "buy",
      "i" : "NMR_USD",
      "m" : "4611686018430062338"
    }, {
      "d" : "1756454559714735100",
      "t" : 1756454559714,
      "tn" : 1756454559714735100,
      "q" : "1.20",
      "p" : "17.596",
      "s" : "sell",
      "i" : "NMR_USD",
      "m" : "4611686018430062337"
    }, {
      "d" : "1756454411733774412",
      "t" : 1756454411733,
      "tn" : 1756454411733774412,
      "q" : "0.14",
      "p" : "17.680",
      "s" : "sell",
      "i" : "NMR_USD",
      "m" : "4611686018430062336"
    }, {
      "d" : "1756454411733081421",
      "t" : 1756454411733,
      "tn" : 1756454411733081421,
      "q" : "13.92",
      "p" : "17.680",
      "s" : "sell",
      "i" : "NMR_USD",
      "m" : "4611686018430062335"
    }, {
      "d" : "1756454411733079194",
      "t" : 1756454411733,
      "tn" : 1756454411733079194,
      "q" : "1.06",
      "p" : "17.689",
      "s" : "sell",
      "i" : "NMR_USD",
      "m" : "4611686018430062334"
    }, {
      "d" : "1756454410265856087",
      "t" : 1756454410265,
      "tn" : 1756454410265856087,
      "q" : "0.14",
      "p" : "17.689",
      "s" : "sell",
      "i" : "NMR_USD",
      "m" : "4611686018430062333"
    }, {
      "d" : "1756454398286821211",
      "t" : 1756454398286,
      "tn" : 1756454398286821211,
      "q" : "14.06",
      "p" : "17.735",
      "s" : "sell",
      "i" : "NMR_USD",
      "m" : "4611686018430062332"
    }, {
      "d" : "1756454398286818973",
      "t" : 1756454398286,
      "tn" : 1756454398286818972,
      "q" : "8.51",
      "p" : "17.736",
      "s" : "sell",
      "i" : "NMR_USD",
      "m" : "4611686018430062331"
    }, {
      "d" : "1756454398286818972",
      "t" : 1756454398286,
      "tn" : 1756454398286818972,
      "q" : "1.43",
      "p" : "17.736",
      "s" : "sell",
      "i" : "NMR_USD",
      "m" : "4611686018430062331"
    }, {
      "d" : "1756454253426232106",
      "t" : 1756454253426,
      "tn" : 1756454253426232106,
      "q" : "5.62",
      "p" : "17.792",
      "s" : "sell",
      "i" : "NMR_USD",
      "m" : "4611686018430062330"
    }, {
      "d" : "1756454154830137808",
      "t" : 1756454154830,
      "tn" : 1756454154830137808,
      "q" : "5.57",
      "p" : "17.942",
      "s" : "sell",
      "i" : "NMR_USD",
      "m" : "4611686018430062329"
    }, {
      "d" : "1756454008781853575",
      "t" : 1756454008781,
      "tn" : 1756454008781853575,
      "q" : "47.13",
      "p" : "17.930",
      "s" : "sell",
      "i" : "NMR_USD",
      "m" : "4611686018430062328"
    }, {
      "d" : "1756454008781292380",
      "t" : 1756454008781,
      "tn" : 1756454008781292380,
      "q" : "48.05",
      "p" : "17.930",
      "s" : "sell",
      "i" : "NMR_USD",
      "m" : "4611686018430062327"
    }, {
      "d" : "1756454008780682850",
      "t" : 1756454008780,
      "tn" : 1756454008780682850,
      "q" : "95.18",
      "p" : "17.929",
      "s" : "sell",
      "i" : "NMR_USD",
      "m" : "4611686018430062326"
    }, {
      "d" : "1756454008780462230",
      "t" : 1756454008780,
      "tn" : 1756454008780462230,
      "q" : "33.66",
      "p" : "17.949",
      "s" : "sell",
      "i" : "NMR_USD",
      "m" : "4611686018430062325"
    }, {
      "d" : "1756453806106140308",
      "t" : 1756453806106,
      "tn" : 1756453806106140308,
      "q" : "0.21",
      "p" : "17.888",
      "s" : "sell",
      "i" : "NMR_USD",
      "m" : "4611686018430062324"
    }, {
      "d" : "1756453806106136541",
      "t" : 1756453806106,
      "tn" : 1756453806106136541,
      "q" : "1.12",
      "p" : "17.888",
      "s" : "sell",
      "i" : "NMR_USD",
      "m" : "4611686018430062323"
    }, {
      "d" : "1756453715033817751",
      "t" : 1756453715033,
      "tn" : 1756453715033817751,
      "q" : "1.20",
      "p" : "17.779",
      "s" : "sell",
      "i" : "NMR_USD",
      "m" : "4611686018430062322"
    }, {
      "d" : "1756453694856863334",
      "t" : 1756453694856,
      "tn" : 1756453694856863334,
      "q" : "1.41",
      "p" : "17.780",
      "s" : "sell",
      "i" : "NMR_USD",
      "m" : "4611686018430062321"
    }, {
      "d" : "1756453686837972168",
      "t" : 1756453686837,
      "tn" : 1756453686837972168,
      "q" : "0.80",
      "p" : "17.797",
      "s" : "sell",
      "i" : "NMR_USD",
      "m" : "4611686018430062320"
    }, {
      "d" : "1756453565379828716",
      "t" : 1756453565379,
      "tn" : 1756453565379828716,
      "q" : "1.20",
      "p" : "17.911",
      "s" : "sell",
      "i" : "NMR_USD",
      "m" : "4611686018430062319"
    }, {
      "d" : "1756453539903094757",
      "t" : 1756453539903,
      "tn" : 1756453539903094757,
      "q" : "1.24",
      "p" : "18.022",
      "s" : "sell",
      "i" : "NMR_USD",
      "m" : "4611686018430062318"
    }, {
      "d" : "1756453503839058913",
      "t" : 1756453503839,
      "tn" : 1756453503839058913,
      "q" : "25.42",
      "p" : "18.121",
      "s" : "sell",
      "i" : "NMR_USD",
      "m" : "4611686018430062317"
    }, {
      "d" : "1756453282660422337",
      "t" : 1756453282660,
      "tn" : 1756453282660422337,
      "q" : "67.39",
      "p" : "18.203",
      "s" : "buy",
      "i" : "NMR_USD",
      "m" : "4611686018430062316"
    }, {
      "d" : "1756453282660175744",
      "t" : 1756453282660,
      "tn" : 1756453282660175744,
      "q" : "68.90",
      "p" : "18.180",
      "s" : "buy",
      "i" : "NMR_USD",
      "m" : "4611686018430062315"
    }, {
      "d" : "1756453282660173795",
      "t" : 1756453282660,
      "tn" : 1756453282660173795,
      "q" : "33.66",
      "p" : "18.176",
      "s" : "buy",
      "i" : "NMR_USD",
      "m" : "4611686018430062314"
    }, {
      "d" : "1756453074812431021",
      "t" : 1756453074812,
      "tn" : 1756453074812431021,
      "q" : "6.83",
      "p" : "18.255",
      "s" : "buy",
      "i" : "NMR_USD",
      "m" : "4611686018430062313"
    }, {
      "d" : "1756452829617623104",
      "t" : 1756452829617,
      "tn" : 1756452829617623104,
      "q" : "8.30",
      "p" : "18.190",
      "s" : "buy",
      "i" : "NMR_USD",
      "m" : "4611686018430062312"
    }, {
      "d" : "1756452829599198334",
      "t" : 1756452829599,
      "tn" : 1756452829599198334,
      "q" : "5.83",
      "p" : "18.150",
      "s" : "buy",
      "i" : "NMR_USD",
      "m" : "4611686018430062311"
    }, {
      "d" : "1756452701056530194",
      "t" : 1756452701056,
      "tn" : 1756452701056530194,
      "q" : "4.77",
      "p" : "18.032",
      "s" : "sell",
      "i" : "NMR_USD",
      "m" : "4611686018430062310"
    }, {
      "d" : "1756452672925510654",
      "t" : 1756452672925,
      "tn" : 1756452672925510654,
      "q" : "0.60",
      "p" : "18.209",
      "s" : "sell",
      "i" : "NMR_USD",
      "m" : "4611686018430062309"
    }, {
      "d" : "1756452672925486617",
      "t" : 1756452672925,
      "tn" : 1756452672925486617,
      "q" : "1.37",
      "p" : "18.209",
      "s" : "sell",
      "i" : "NMR_USD",
      "m" : "4611686018430062308"
    }, {
      "d" : "1756452665907111655",
      "t" : 1756452665907,
      "tn" : 1756452665907111655,
      "q" : "8.30",
      "p" : "18.166",
      "s" : "sell",
      "i" : "NMR_USD",
      "m" : "4611686018430062307"
    }, {
      "d" : "1756452665904582707",
      "t" : 1756452665904,
      "tn" : 1756452665904582707,
      "q" : "5.47",
      "p" : "18.254",
      "s" : "sell",
      "i" : "NMR_USD",
      "m" : "4611686018430062306"
    }, {
      "d" : "1756452621665866957",
      "t" : 1756452621665,
      "tn" : 1756452621665866957,
      "q" : "8.30",
      "p" : "18.172",
      "s" : "buy",
      "i" : "NMR_USD",
      "m" : "4611686018430062305"
    }, {
      "d" : "1756452621665864241",
      "t" : 1756452621665,
      "tn" : 1756452621665864241,
      "q" : "6.87",
      "p" : "18.171",
      "s" : "buy",
      "i" : "NMR_USD",
      "m" : "4611686018430062304"
    }, {
      "d" : "1756452450837833738",
      "t" : 1756452450837,
      "tn" : 1756452450837833738,
      "q" : "0.33",
      "p" : "18.177",
      "s" : "sell",
      "i" : "NMR_USD",
      "m" : "4611686018430062303"
    }, {
      "d" : "1756452311738357749",
      "t" : 1756452311738,
      "tn" : 1756452311738357749,
      "q" : "4.17",
      "p" : "18.169",
      "s" : "sell",
      "i" : "NMR_USD",
      "m" : "4611686018430062302"
    }, {
      "d" : "1756452297021382258",
      "t" : 1756452297021,
      "tn" : 1756452297021382258,
      "q" : "5.18",
      "p" : "18.169",
      "s" : "sell",
      "i" : "NMR_USD",
      "m" : "4611686018430062301"
    }, {
      "d" : "1756452235030411963",
      "t" : 1756452235030,
      "tn" : 1756452235030411963,
      "q" : "1.45",
      "p" : "18.143",
      "s" : "sell",
      "i" : "NMR_USD",
      "m" : "4611686018430062300"
    }, {
      "d" : "1756452167528596488",
      "t" : 1756452167528,
      "tn" : 1756452167528596488,
      "q" : "4.17",
      "p" : "18.408",
      "s" : "buy",
      "i" : "NMR_USD",
      "m" : "4611686018430062299"
    }, {
      "d" : "1756452152015844263",
      "t" : 1756452152015,
      "tn" : 1756452152015844263,
      "q" : "5.13",
      "p" : "18.369",
      "s" : "sell",
      "i" : "NMR_USD",
      "m" : "4611686018430062298"
    }, {
      "d" : "1756452031239397906",
      "t" : 1756452031239,
      "tn" : 1756452031239397906,
      "q" : "59.48",
      "p" : "18.391",
      "s" : "sell",
      "i" : "NMR_USD",
      "m" : "4611686018430062297"
    }, {
      "d" : "1756451968691117185",
      "t" : 1756451968691,
      "tn" : 1756451968691117185,
      "q" : "0.50",
      "p" : "18.308",
      "s" : "sell",
      "i" : "NMR_USD",
      "m" : "4611686018430062296"
    }, {
      "d" : "1756451942379909042",
      "t" : 1756451942379,
      "tn" : 1756451942379909042,
      "q" : "1.12",
      "p" : "18.362",
      "s" : "sell",
      "i" : "NMR_USD",
      "m" : "4611686018430062295"
    }, {
      "d" : "1756451734002652731",
      "t" : 1756451734002,
      "tn" : 1756451734002652730,
      "q" : "1.30",
      "p" : "18.308",
      "s" : "sell",
      "i" : "NMR_USD",
      "m" : "4611686018430062294"
    }, {
      "d" : "1756451734002652730",
      "t" : 1756451734002,
      "tn" : 1756451734002652730,
      "q" : "2.06",
      "p" : "18.308",
      "s" : "sell",
      "i" : "NMR_USD",
      "m" : "4611686018430062294"
    }, {
      "d" : "1756451711817770198",
      "t" : 1756451711817,
      "tn" : 1756451711817770198,
      "q" : "1.30",
      "p" : "18.506",
      "s" : "sell",
      "i" : "NMR_USD",
      "m" : "4611686018430062293"
    }, {
      "d" : "1756451707610445125",
      "t" : 1756451707610,
      "tn" : 1756451707610445125,
      "q" : "3.22",
      "p" : "18.506",
      "s" : "sell",
      "i" : "NMR_USD",
      "m" : "4611686018430062292"
    }, {
      "d" : "1756451705882551006",
      "t" : 1756451705882,
      "tn" : 1756451705882551006,
      "q" : "93.28",
      "p" : "18.600",
      "s" : "sell",
      "i" : "NMR_USD",
      "m" : "4611686018430062291"
    }, {
      "d" : "1756451705881233307",
      "t" : 1756451705881,
      "tn" : 1756451705881233307,
      "q" : "6.72",
      "p" : "18.600",
      "s" : "buy",
      "i" : "NMR_USD",
      "m" : "4611686018430062290"
    }, {
      "d" : "1756451651036993069",
      "t" : 1756451651036,
      "tn" : 1756451651036993069,
      "q" : "2.45",
      "p" : "18.361",
      "s" : "sell",
      "i" : "NMR_USD",
      "m" : "4611686018430062289"
    }, {
      "d" : "1756451579980818640",
      "t" : 1756451579980,
      "tn" : 1756451579980818640,
      "q" : "1.56",
      "p" : "18.366",
      "s" : "sell",
      "i" : "NMR_USD",
      "m" : "4611686018430062288"
    }, {
      "d" : "1756451579091923195",
      "t" : 1756451579091,
      "tn" : 1756451579091923195,
      "q" : "22.99",
      "p" : "18.368",
      "s" : "sell",
      "i" : "NMR_USD",
      "m" : "4611686018430062287"
    }, {
      "d" : "1756451579091921483",
      "t" : 1756451579091,
      "tn" : 1756451579091921483,
      "q" : "17.45",
      "p" : "18.369",
      "s" : "sell",
      "i" : "NMR_USD",
      "m" : "4611686018430062286"
    }, {
      "d" : "1756451579091918863",
      "t" : 1756451579091,
      "tn" : 1756451579091918863,
      "q" : "6.49",
      "p" : "18.370",
      "s" : "sell",
      "i" : "NMR_USD",
      "m" : "4611686018430062285"
    }, {
      "d" : "1756451572156678334",
      "t" : 1756451572156,
      "tn" : 1756451572156678334,
      "q" : "2.45",
      "p" : "18.650",
      "s" : "sell",
      "i" : "NMR_USD",
      "m" : "4611686018430062284"
    }, {
      "d" : "1756451500677102490",
      "t" : 1756451500677,
      "tn" : 1756451500677102490,
      "q" : "0.98",
      "p" : "18.700",
      "s" : "sell",
      "i" : "NMR_USD",
      "m" : "4611686018430062283"
    }, {
      "d" : "1756451500513432760",
      "t" : 1756451500513,
      "tn" : 1756451500513432760,
      "q" : "2.19",
      "p" : "18.802",
      "s" : "sell",
      "i" : "NMR_USD",
      "m" : "4611686018430062282"
    }, {
      "d" : "1756451470515423907",
      "t" : 1756451470515,
      "tn" : 1756451470515423907,
      "q" : "26.56",
      "p" : "18.674",
      "s" : "sell",
      "i" : "NMR_USD",
      "m" : "4611686018430062281"
    }, {
      "d" : "1756451470470457586",
      "t" : 1756451470470,
      "tn" : 1756451470470457586,
      "q" : "1.92",
      "p" : "18.675",
      "s" : "sell",
      "i" : "NMR_USD",
      "m" : "4611686018430062280"
    }, {
      "d" : "1756451470262729656",
      "t" : 1756451470262,
      "tn" : 1756451470262729656,
      "q" : "13.45",
      "p" : "18.674",
      "s" : "sell",
      "i" : "NMR_USD",
      "m" : "4611686018430062279"
    }, {
      "d" : "1756451470262727927",
      "t" : 1756451470262,
      "tn" : 1756451470262727927,
      "q" : "1.91",
      "p" : "18.675",
      "s" : "sell",
      "i" : "NMR_USD",
      "m" : "4611686018430062278"
    }, {
      "d" : "1756451469947133904",
      "t" : 1756451469947,
      "tn" : 1756451469947133904,
      "q" : "40.73",
      "p" : "18.724",
      "s" : "sell",
      "i" : "NMR_USD",
      "m" : "4611686018430062277"
    }, {
      "d" : "1756451469947021864",
      "t" : 1756451469947,
      "tn" : 1756451469947021864,
      "q" : "1.79",
      "p" : "18.738",
      "s" : "sell",
      "i" : "NMR_USD",
      "m" : "4611686018430062276"
    }, {
      "d" : "1756451459856416215",
      "t" : 1756451459856,
      "tn" : 1756451459856416215,
      "q" : "25.23",
      "p" : "19.124",
      "s" : "sell",
      "i" : "NMR_USD",
      "m" : "4611686018430062275"
    }, {
      "d" : "1756451388426268408",
      "t" : 1756451388426,
      "tn" : 1756451388426268408,
      "q" : "4.85",
      "p" : "19.397",
      "s" : "sell",
      "i" : "NMR_USD",
      "m" : "4611686018430062274"
    }, {
      "d" : "1756451388426266207",
      "t" : 1756451388426,
      "tn" : 1756451388426266207,
      "q" : "5.15",
      "p" : "19.398",
      "s" : "sell",
      "i" : "NMR_USD",
      "m" : "4611686018430062273"
    }, {
      "d" : "1756451387944172398",
      "t" : 1756451387944,
      "tn" : 1756451387944172398,
      "q" : "10.00",
      "p" : "19.397",
      "s" : "sell",
      "i" : "NMR_USD",
      "m" : "4611686018430062272"
    }, {
      "d" : "1756451340088707865",
      "t" : 1756451340088,
      "tn" : 1756451340088707865,
      "q" : "6.68",
      "p" : "19.304",
      "s" : "sell",
      "i" : "NMR_USD",
      "m" : "4611686018430062271"
    }, {
      "d" : "1756451339915190890",
      "t" : 1756451339915,
      "tn" : 1756451339915190890,
      "q" : "10.00",
      "p" : "19.304",
      "s" : "sell",
      "i" : "NMR_USD",
      "m" : "4611686018430062270"
    }, {
      "d" : "1756451339901475446",
      "t" : 1756451339901,
      "tn" : 1756451339901475446,
      "q" : "6.42",
      "p" : "19.304",
      "s" : "sell",
      "i" : "NMR_USD",
      "m" : "4611686018430062269"
    }, {
      "d" : "1756451339891300485",
      "t" : 1756451339891,
      "tn" : 1756451339891300485,
      "q" : "32.40",
      "p" : "19.304",
      "s" : "sell",
      "i" : "NMR_USD",
      "m" : "4611686018430062268"
    }, {
      "d" : "1756451222887691785",
      "t" : 1756451222887,
      "tn" : 1756451222887691785,
      "q" : "8.95",
      "p" : "19.560",
      "s" : "sell",
      "i" : "NMR_USD",
      "m" : "4611686018430062267"
    }, {
      "d" : "1756451222887689444",
      "t" : 1756451222887,
      "tn" : 1756451222887689444,
      "q" : "8.30",
      "p" : "19.561",
      "s" : "sell",
      "i" : "NMR_USD",
      "m" : "4611686018430062266"
    }, {
      "d" : "1756451119930760640",
      "t" : 1756451119930,
      "tn" : 1756451119930760640,
      "q" : "0.97",
      "p" : "19.654",
      "s" : "buy",
      "i" : "NMR_USD",
      "m" : "4611686018430062265"
    }, {
      "d" : "1756451048482605831",
      "t" : 1756451048482,
      "tn" : 1756451048482605831,
      "q" : "2.62",
      "p" : "19.800",
      "s" : "buy",
      "i" : "NMR_USD",
      "m" : "4611686018430062264"
    }, {
      "d" : "1756451044169830694",
      "t" : 1756451044169,
      "tn" : 1756451044169830694,
      "q" : "1.21",
      "p" : "19.712",
      "s" : "buy",
      "i" : "NMR_USD",
      "m" : "4611686018430062263"
    }, {
      "d" : "1756450974031818442",
      "t" : 1756450974031,
      "tn" : 1756450974031818442,
      "q" : "74.17",
      "p" : "19.915",
      "s" : "sell",
      "i" : "NMR_USD",
      "m" : "4611686018430062262"
    }, {
      "d" : "1756450974029290430",
      "t" : 1756450974029,
      "tn" : 1756450974029290430,
      "q" : "10.54",
      "p" : "19.915",
      "s" : "sell",
      "i" : "NMR_USD",
      "m" : "4611686018430062261"
    }, {
      "d" : "1756450951581103692",
      "t" : 1756450951581,
      "tn" : 1756450951581103692,
      "q" : "5.00",
      "p" : "19.987",
      "s" : "buy",
      "i" : "NMR_USD",
      "m" : "4611686018430062260"
    }, {
      "d" : "1756450951321444822",
      "t" : 1756450951321,
      "tn" : 1756450951321444822,
      "q" : "5.00",
      "p" : "19.987",
      "s" : "buy",
      "i" : "NMR_USD",
      "m" : "4611686018430062259"
    }, {
      "d" : "1756450942880715384",
      "t" : 1756450942880,
      "tn" : 1756450942880715384,
      "q" : "34.99",
      "p" : "19.894",
      "s" : "buy",
      "i" : "NMR_USD",
      "m" : "4611686018430062258"
    }, {
      "d" : "1756450740495835836",
      "t" : 1756450740495,
      "tn" : 1756450740495835836,
      "q" : "1.05",
      "p" : "19.006",
      "s" : "buy",
      "i" : "NMR_USD",
      "m" : "4611686018430062257"
    } ]
  }
}