{
  "id" : -1,
  "method" : "public/get-trades",
  "code" : 0,
  "result" : {
    "data" : [ {
      "d" : "1756459374166610452",
      "t" : 1756459374166,
      "tn" : 1756459374166610452,
      "q" : "85.2",
      "p" : "0.4695",
      "s" : "sell",
      "i" : "NOS_USD",
      "m" : "4611686018428107487"
    }, {
      "d" : "1756458654262921114",
      "t" : 1756458654262,
      "tn" : 1756458654262921114,
      "q" : "42.1",
      "p" : "0.4697",
      "s" : "sell",
      "i" : "NOS_USD",
      "m" : "4611686018428107486"
    }, {
      "d" : "1756458654080280925",
      "t" : 1756458654080,
      "tn" : 1756458654080280925,
      "q" : "5.2",
      "p" : "0.4697",
      "s" : "sell",
      "i" : "NOS_USD",
      "m" : "4611686018428107485"
    }, {
      "d" : "1756458654080278498",
      "t" : 1756458654080,
      "tn" : 1756458654080278498,
      "q" : "26.8",
      "p" : "0.4698",
      "s" : "sell",
      "i" : "NOS_USD",
      "m" : "4611686018428107484"
    }, {
      "d" : "1756458148703861611",
      "t" : 1756458148703,
      "tn" : 1756458148703861610,
      "q" : "26.5",
      "p" : "0.4753",
      "s" : "sell",
      "i" : "NOS_USD",
      "m" : "4611686018428107483"
    }, {
      "d" : "1756458148703861610",
      "t" : 1756458148703,
      "tn" : 1756458148703861610,
      "q" : "46.7",
      "p" : "0.4753",
      "s" : "sell",
      "i" : "NOS_USD",
      "m" : "4611686018428107483"
    }, {
      "d" : "1756458148587517625",
      "t" : 1756458148587,
      "tn" : 1756458148587517625,
      "q" : "20.9",
      "p" : "0.4766",
      "s" : "sell",
      "i" : "NOS_USD",
      "m" : "4611686018428107482"
    }, {
      "d" : "1756455783282497088",
      "t" : 1756455783282,
      "tn" : 1756455783282497088,
      "q" : "418.7",
      "p" : "0.4778",
      "s" : "buy",
      "i" : "NOS_USD",
      "m" : "4611686018428107481"
    }, {
      "d" : "1756455631314628087",
      "t" : 1756455631314,
      "tn" : 1756455631314628086,
      "q" : "26.3",
      "p" : "0.4783",
      "s" : "sell",
      "i" : "NOS_USD",
      "m" : "4611686018428107480"
    }, {
      "d" : "1756455631314628086",
      "t" : 1756455631314,
      "tn" : 1756455631314628086,
      "q" : "46.4",
      "p" : "0.4783",
      "s" : "sell",
      "i" : "NOS_USD",
      "m" : "4611686018428107480"
    }, {
      "d" : "1756453095276064367",
      "t" : 1756453095276,
      "tn" : 1756453095276064367,
      "q" : "82.6",
      "p" : "0.4844",
      "s" : "sell",
      "i" : "NOS_USD",
      "m" : "4611686018428107479"
    }, {
      "d" : "1756453095216041627",
      "t" : 1756453095216,
      "tn" : 1756453095216041626,
      "q" : "80.3",
      "p" : "0.4844",
      "s" : "sell",
      "i" : "NOS_USD",
      "m" : "4611686018428107478"
    }, {
      "d" : "1756453095216041626",
      "t" : 1756453095216,
      "tn" : 1756453095216041626,
      "q" : "2.3",
      "p" : "0.4844",
      "s" : "sell",
      "i" : "NOS_USD",
      "m" : "4611686018428107478"
    }, {
      "d" : "1756453074233083345",
      "t" : 1756453074233,
      "tn" : 1756453074233083345,
      "q" : "3.6",
      "p" : "0.4847",
      "s" : "sell",
      "i" : "NOS_USD",
      "m" : "4611686018428107477"
    }, {
      "d" : "1756453074233081611",
      "t" : 1756453074233,
      "tn" : 1756453074233081611,
      "q" : "2.3",
      "p" : "0.4848",
      "s" : "sell",
      "i" : "NOS_USD",
      "m" : "4611686018428107476"
    }, {
      "d" : "1756453074233079723",
      "t" : 1756453074233,
      "tn" : 1756453074233079722,
      "q" : "20.5",
      "p" : "0.4852",
      "s" : "sell",
      "i" : "NOS_USD",
      "m" : "4611686018428107475"
    }, {
      "d" : "1756453074233079722",
      "t" : 1756453074233,
      "tn" : 1756453074233079722,
      "q" : "2.3",
      "p" : "0.4852",
      "s" : "sell",
      "i" : "NOS_USD",
      "m" : "4611686018428107475"
    }, {
      "d" : "1756453074233076564",
      "t" : 1756453074233,
      "tn" : 1756453074233076564,
      "q" : "2.3",
      "p" : "0.4860",
      "s" : "sell",
      "i" : "NOS_USD",
      "m" : "4611686018428107474"
    }, {
      "d" : "1756453074227845532",
      "t" : 1756453074227,
      "tn" : 1756453074227845532,
      "q" : "2.3",
      "p" : "0.4856",
      "s" : "sell",
      "i" : "NOS_USD",
      "m" : "4611686018428107473"
    }, {
      "d" : "1756453074226558865",
      "t" : 1756453074226,
      "tn" : 1756453074226558864,
      "q" : "45.6",
      "p" : "0.4863",
      "s" : "sell",
      "i" : "NOS_USD",
      "m" : "4611686018428107472"
    }, {
      "d" : "1756453074226558864",
      "t" : 1756453074226,
      "tn" : 1756453074226558864,
      "q" : "25.9",
      "p" : "0.4863",
      "s" : "sell",
      "i" : "NOS_USD",
      "m" : "4611686018428107472"
    }, {
      "d" : "1756453032619453243",
      "t" : 1756453032619,
      "tn" : 1756453032619453243,
      "q" : "1147.5",
      "p" : "0.4874",
      "s" : "buy",
      "i" : "NOS_USD",
      "m" : "4611686018428107471"
    }, {
      "d" : "1756452962193471238",
      "t" : 1756452962193,
      "tn" : 1756452962193471238,
      "q" : "41.0",
      "p" : "0.4874",
      "s" : "sell",
      "i" : "NOS_USD",
      "m" : "4611686018428107470"
    }, {
      "d" : "1756452961661314913",
      "t" : 1756452961661,
      "tn" : 1756452961661314913,
      "q" : "2.3",
      "p" : "0.4864",
      "s" : "sell",
      "i" : "NOS_USD",
      "m" : "4611686018428107469"
    }, {
      "d" : "1756452961661312141",
      "t" : 1756452961661,
      "tn" : 1756452961661312141,
      "q" : "2.3",
      "p" : "0.4868",
      "s" : "sell",
      "i" : "NOS_USD",
      "m" : "4611686018428107468"
    }, {
      "d" : "1756452961661309426",
      "t" : 1756452961661,
      "tn" : 1756452961661309426,
      "q" : "2.3",
      "p" : "0.4872",
      "s" : "sell",
      "i" : "NOS_USD",
      "m" : "4611686018428107467"
    }, {
      "d" : "1756452350455949894",
      "t" : 1756452350455,
      "tn" : 1756452350455949894,
      "q" : "408.1",
      "p" : "0.4910",
      "s" : "buy",
      "i" : "NOS_USD",
      "m" : "4611686018428107466"
    }, {
      "d" : "1756437694859067334",
      "t" : 1756437694859,
      "tn" : 1756437694859067334,
      "q" : "20.2",
      "p" : "0.4925",
      "s" : "sell",
      "i" : "NOS_USD",
      "m" : "4611686018428107465"
    }, {
      "d" : "1756437692468838269",
      "t" : 1756437692468,
      "tn" : 1756437692468838269,
      "q" : "671.2",
      "p" : "0.4967",
      "s" : "buy",
      "i" : "NOS_USD",
      "m" : "4611686018428107464"
    }, {
      "d" : "1756437692468836391",
      "t" : 1756437692468,
      "tn" : 1756437692468836391,
      "q" : "2.3",
      "p" : "0.4964",
      "s" : "buy",
      "i" : "NOS_USD",
      "m" : "4611686018428107463"
    }, {
      "d" : "1756437692468834247",
      "t" : 1756437692468,
      "tn" : 1756437692468834246,
      "q" : "607.5",
      "p" : "0.4962",
      "s" : "buy",
      "i" : "NOS_USD",
      "m" : "4611686018428107462"
    }, {
      "d" : "1756437692468834246",
      "t" : 1756437692468,
      "tn" : 1756437692468834246,
      "q" : "458.5",
      "p" : "0.4962",
      "s" : "buy",
      "i" : "NOS_USD",
      "m" : "4611686018428107462"
    }, {
      "d" : "1756437692468829850",
      "t" : 1756437692468,
      "tn" : 1756437692468829850,
      "q" : "2.3",
      "p" : "0.4960",
      "s" : "buy",
      "i" : "NOS_USD",
      "m" : "4611686018428107461"
    }, {
      "d" : "1756437692468827580",
      "t" : 1756437692468,
      "tn" : 1756437692468827580,
      "q" : "2.3",
      "p" : "0.4956",
      "s" : "buy",
      "i" : "NOS_USD",
      "m" : "4611686018428107460"
    }, {
      "d" : "1756437692468825531",
      "t" : 1756437692468,
      "tn" : 1756437692468825531,
      "q" : "2.3",
      "p" : "0.4952",
      "s" : "buy",
      "i" : "NOS_USD",
      "m" : "4611686018428107459"
    }, {
      "d" : "1756437692468823318",
      "t" : 1756437692468,
      "tn" : 1756437692468823318,
      "q" : "97.0",
      "p" : "0.4947",
      "s" : "buy",
      "i" : "NOS_USD",
      "m" : "4611686018428107458"
    }, {
      "d" : "1756437692209958454",
      "t" : 1756437692209,
      "tn" : 1756437692209958454,
      "q" : "202.0",
      "p" : "0.4928",
      "s" : "sell",
      "i" : "NOS_USD",
      "m" : "4611686018428107457"
    }, {
      "d" : "1756437692209956065",
      "t" : 1756437692209,
      "tn" : 1756437692209956065,
      "q" : "20.2",
      "p" : "0.4930",
      "s" : "sell",
      "i" : "NOS_USD",
      "m" : "4611686018428107456"
    }, {
      "d" : "1756430849563178455",
      "t" : 1756430849563,
      "tn" : 1756430849563178455,
      "q" : "202.6",
      "p" : "0.4947",
      "s" : "buy",
      "i" : "NOS_USD",
      "m" : "4611686018428107455"
    }, {
      "d" : "1756430849563175897",
      "t" : 1756430849563,
      "tn" : 1756430849563175897,
      "q" : "20.2",
      "p" : "0.4945",
      "s" : "buy",
      "i" : "NOS_USD",
      "m" : "4611686018428107454"
    }, {
      "d" : "1756430598552131945",
      "t" : 1756430598552,
      "tn" : 1756430598552131945,
      "q" : "20.2",
      "p" : "0.4942",
      "s" : "buy",
      "i" : "NOS_USD",
      "m" : "4611686018428107453"
    }, {
      "d" : "1756430355512514705",
      "t" : 1756430355512,
      "tn" : 1756430355512514705,
      "q" : "403.9",
      "p" : "0.4943",
      "s" : "sell",
      "i" : "NOS_USD",
      "m" : "4611686018428107452"
    }, {
      "d" : "1756428705956904955",
      "t" : 1756428705956,
      "tn" : 1756428705956904955,
      "q" : "34.0",
      "p" : "0.4954",
      "s" : "buy",
      "i" : "NOS_USD",
      "m" : "4611686018428107451"
    }, {
      "d" : "1756428705955208224",
      "t" : 1756428705955,
      "tn" : 1756428705955208224,
      "q" : "177.1",
      "p" : "0.4954",
      "s" : "buy",
      "i" : "NOS_USD",
      "m" : "4611686018428107450"
    }, {
      "d" : "1756428705955206036",
      "t" : 1756428705955,
      "tn" : 1756428705955206036,
      "q" : "2.3",
      "p" : "0.4952",
      "s" : "buy",
      "i" : "NOS_USD",
      "m" : "4611686018428107449"
    }, {
      "d" : "1756428705955203700",
      "t" : 1756428705955,
      "tn" : 1756428705955203700,
      "q" : "2.3",
      "p" : "0.4948",
      "s" : "buy",
      "i" : "NOS_USD",
      "m" : "4611686018428107448"
    }, {
      "d" : "1756426864311976435",
      "t" : 1756426864311,
      "tn" : 1756426864311976435,
      "q" : "406.1",
      "p" : "0.4918",
      "s" : "sell",
      "i" : "NOS_USD",
      "m" : "4611686018428107447"
    }, {
      "d" : "1756425536971792942",
      "t" : 1756425536971,
      "tn" : 1756425536971792942,
      "q" : "81.3",
      "p" : "0.4923",
      "s" : "buy",
      "i" : "NOS_USD",
      "m" : "4611686018428107446"
    }, {
      "d" : "1756425536955516051",
      "t" : 1756425536955,
      "tn" : 1756425536955516051,
      "q" : "117.4",
      "p" : "0.4927",
      "s" : "buy",
      "i" : "NOS_USD",
      "m" : "4611686018428107445"
    }, {
      "d" : "1756425536955514361",
      "t" : 1756425536955,
      "tn" : 1756425536955514361,
      "q" : "2.3",
      "p" : "0.4924",
      "s" : "buy",
      "i" : "NOS_USD",
      "m" : "4611686018428107444"
    }, {
      "d" : "1756425536955511860",
      "t" : 1756425536955,
      "tn" : 1756425536955511860,
      "q" : "20.3",
      "p" : "0.4921",
      "s" : "buy",
      "i" : "NOS_USD",
      "m" : "4611686018428107443"
    }, {
      "d" : "1756425536951211767",
      "t" : 1756425536951,
      "tn" : 1756425536951211767,
      "q" : "2.3",
      "p" : "0.4920",
      "s" : "buy",
      "i" : "NOS_USD",
      "m" : "4611686018428107442"
    }, {
      "d" : "1756425536951209339",
      "t" : 1756425536951,
      "tn" : 1756425536951209339,
      "q" : "25.9",
      "p" : "0.4919",
      "s" : "buy",
      "i" : "NOS_USD",
      "m" : "4611686018428107441"
    }, {
      "d" : "1756425536951206775",
      "t" : 1756425536951,
      "tn" : 1756425536951206775,
      "q" : "45.6",
      "p" : "0.4918",
      "s" : "buy",
      "i" : "NOS_USD",
      "m" : "4611686018428107440"
    }, {
      "d" : "1756422602662108330",
      "t" : 1756422602662,
      "tn" : 1756422602662108330,
      "q" : "409.3",
      "p" : "0.4878",
      "s" : "sell",
      "i" : "NOS_USD",
      "m" : "4611686018428107439"
    }, {
      "d" : "1756421925143897633",
      "t" : 1756421925143,
      "tn" : 1756421925143897633,
      "q" : "205.6",
      "p" : "0.4873",
      "s" : "buy",
      "i" : "NOS_USD",
      "m" : "4611686018428107438"
    }, {
      "d" : "1756421925143894789",
      "t" : 1756421925143,
      "tn" : 1756421925143894789,
      "q" : "20.5",
      "p" : "0.4871",
      "s" : "buy",
      "i" : "NOS_USD",
      "m" : "4611686018428107437"
    }, {
      "d" : "1756421834457792059",
      "t" : 1756421834457,
      "tn" : 1756421834457792059,
      "q" : "20.6",
      "p" : "0.4860",
      "s" : "buy",
      "i" : "NOS_USD",
      "m" : "4611686018428107436"
    }, {
      "d" : "1756421827747571990",
      "t" : 1756421827747,
      "tn" : 1756421827747571990,
      "q" : "207.0",
      "p" : "0.4845",
      "s" : "buy",
      "i" : "NOS_USD",
      "m" : "4611686018428107435"
    }, {
      "d" : "1756421827747569512",
      "t" : 1756421827747,
      "tn" : 1756421827747569512,
      "q" : "20.6",
      "p" : "0.4843",
      "s" : "buy",
      "i" : "NOS_USD",
      "m" : "4611686018428107434"
    }, {
      "d" : "1756420751391859934",
      "t" : 1756420751391,
      "tn" : 1756420751391859934,
      "q" : "2.0",
      "p" : "0.4835",
      "s" : "buy",
      "i" : "NOS_USD",
      "m" : "4611686018428107433"
    }, {
      "d" : "1756420745742013496",
      "t" : 1756420745742,
      "tn" : 1756420745742013496,
      "q" : "2.1",
      "p" : "0.4835",
      "s" : "buy",
      "i" : "NOS_USD",
      "m" : "4611686018428107432"
    }, {
      "d" : "1756420740141497503",
      "t" : 1756420740141,
      "tn" : 1756420740141497503,
      "q" : "2.0",
      "p" : "0.4835",
      "s" : "buy",
      "i" : "NOS_USD",
      "m" : "4611686018428107431"
    }, {
      "d" : "1756420734491174146",
      "t" : 1756420734491,
      "tn" : 1756420734491174146,
      "q" : "2.1",
      "p" : "0.4835",
      "s" : "buy",
      "i" : "NOS_USD",
      "m" : "4611686018428107430"
    }, {
      "d" : "1756420728841273323",
      "t" : 1756420728841,
      "tn" : 1756420728841273323,
      "q" : "2.0",
      "p" : "0.4835",
      "s" : "buy",
      "i" : "NOS_USD",
      "m" : "4611686018428107429"
    }, {
      "d" : "1756420723241594455",
      "t" : 1756420723241,
      "tn" : 1756420723241594455,
      "q" : "2.1",
      "p" : "0.4835",
      "s" : "buy",
      "i" : "NOS_USD",
      "m" : "4611686018428107428"
    }, {
      "d" : "1756420717591736100",
      "t" : 1756420717591,
      "tn" : 1756420717591736100,
      "q" : "2.0",
      "p" : "0.4837",
      "s" : "buy",
      "i" : "NOS_USD",
      "m" : "4611686018428107427"
    }, {
      "d" : "1756420711991679380",
      "t" : 1756420711991,
      "tn" : 1756420711991679380,
      "q" : "2.1",
      "p" : "0.4837",
      "s" : "buy",
      "i" : "NOS_USD",
      "m" : "4611686018428107426"
    }, {
      "d" : "1756420706341165640",
      "t" : 1756420706341,
      "tn" : 1756420706341165640,
      "q" : "2.0",
      "p" : "0.4834",
      "s" : "buy",
      "i" : "NOS_USD",
      "m" : "4611686018428107425"
    }, {
      "d" : "1756420700691647434",
      "t" : 1756420700691,
      "tn" : 1756420700691647434,
      "q" : "2.1",
      "p" : "0.4834",
      "s" : "buy",
      "i" : "NOS_USD",
      "m" : "4611686018428107424"
    }, {
      "d" : "1756420695091703698",
      "t" : 1756420695091,
      "tn" : 1756420695091703698,
      "q" : "2.0",
      "p" : "0.4837",
      "s" : "buy",
      "i" : "NOS_USD",
      "m" : "4611686018428107423"
    }, {
      "d" : "1756420689441379095",
      "t" : 1756420689441,
      "tn" : 1756420689441379095,
      "q" : "2.1",
      "p" : "0.4833",
      "s" : "buy",
      "i" : "NOS_USD",
      "m" : "4611686018428107422"
    }, {
      "d" : "1756420683841232181",
      "t" : 1756420683841,
      "tn" : 1756420683841232181,
      "q" : "2.0",
      "p" : "0.4833",
      "s" : "buy",
      "i" : "NOS_USD",
      "m" : "4611686018428107421"
    }, {
      "d" : "1756420678192091899",
      "t" : 1756420678192,
      "tn" : 1756420678192091899,
      "q" : "2.1",
      "p" : "0.4833",
      "s" : "buy",
      "i" : "NOS_USD",
      "m" : "4611686018428107420"
    }, {
      "d" : "1756420672541256332",
      "t" : 1756420672541,
      "tn" : 1756420672541256332,
      "q" : "2.0",
      "p" : "0.4834",
      "s" : "buy",
      "i" : "NOS_USD",
      "m" : "4611686018428107419"
    }, {
      "d" : "1756420666941245011",
      "t" : 1756420666941,
      "tn" : 1756420666941245011,
      "q" : "2.1",
      "p" : "0.4834",
      "s" : "buy",
      "i" : "NOS_USD",
      "m" : "4611686018428107418"
    }, {
      "d" : "1756420661291479271",
      "t" : 1756420661291,
      "tn" : 1756420661291479271,
      "q" : "2.0",
      "p" : "0.4834",
      "s" : "buy",
      "i" : "NOS_USD",
      "m" : "4611686018428107417"
    }, {
      "d" : "1756420655641372348",
      "t" : 1756420655641,
      "tn" : 1756420655641372348,
      "q" : "2.1",
      "p" : "0.4834",
      "s" : "buy",
      "i" : "NOS_USD",
      "m" : "4611686018428107416"
    }, {
      "d" : "1756420650042086396",
      "t" : 1756420650042,
      "tn" : 1756420650042086396,
      "q" : "2.0",
      "p" : "0.4834",
      "s" : "buy",
      "i" : "NOS_USD",
      "m" : "4611686018428107415"
    }, {
      "d" : "1756420644392064071",
      "t" : 1756420644392,
      "tn" : 1756420644392064071,
      "q" : "2.1",
      "p" : "0.4834",
      "s" : "buy",
      "i" : "NOS_USD",
      "m" : "4611686018428107414"
    }, {
      "d" : "1756420638791223806",
      "t" : 1756420638791,
      "tn" : 1756420638791223806,
      "q" : "2.0",
      "p" : "0.4835",
      "s" : "buy",
      "i" : "NOS_USD",
      "m" : "4611686018428107413"
    }, {
      "d" : "1756420633141337425",
      "t" : 1756420633141,
      "tn" : 1756420633141337425,
      "q" : "2.1",
      "p" : "0.4835",
      "s" : "buy",
      "i" : "NOS_USD",
      "m" : "4611686018428107412"
    }, {
      "d" : "1756420627491938820",
      "t" : 1756420627491,
      "tn" : 1756420627491938820,
      "q" : "2.0",
      "p" : "0.4835",
      "s" : "buy",
      "i" : "NOS_USD",
      "m" : "4611686018428107411"
    }, {
      "d" : "1756420621891967317",
      "t" : 1756420621891,
      "tn" : 1756420621891967317,
      "q" : "2.1",
      "p" : "0.4835",
      "s" : "buy",
      "i" : "NOS_USD",
      "m" : "4611686018428107410"
    }, {
      "d" : "1756420616241957174",
      "t" : 1756420616241,
      "tn" : 1756420616241957174,
      "q" : "2.0",
      "p" : "0.4837",
      "s" : "buy",
      "i" : "NOS_USD",
      "m" : "4611686018428107409"
    }, {
      "d" : "1756420610641580481",
      "t" : 1756420610641,
      "tn" : 1756420610641580481,
      "q" : "2.1",
      "p" : "0.4837",
      "s" : "buy",
      "i" : "NOS_USD",
      "m" : "4611686018428107408"
    }, {
      "d" : "1756420604991313672",
      "t" : 1756420604991,
      "tn" : 1756420604991313672,
      "q" : "2.0",
      "p" : "0.4836",
      "s" : "buy",
      "i" : "NOS_USD",
      "m" : "4611686018428107407"
    }, {
      "d" : "1756420599341862382",
      "t" : 1756420599341,
      "tn" : 1756420599341862382,
      "q" : "2.1",
      "p" : "0.4836",
      "s" : "buy",
      "i" : "NOS_USD",
      "m" : "4611686018428107406"
    }, {
      "d" : "1756420593741558243",
      "t" : 1756420593741,
      "tn" : 1756420593741558243,
      "q" : "2.0",
      "p" : "0.4838",
      "s" : "buy",
      "i" : "NOS_USD",
      "m" : "4611686018428107405"
    }, {
      "d" : "1756420588091956211",
      "t" : 1756420588091,
      "tn" : 1756420588091956211,
      "q" : "2.1",
      "p" : "0.4836",
      "s" : "buy",
      "i" : "NOS_USD",
      "m" : "4611686018428107404"
    }, {
      "d" : "1756420582441162640",
      "t" : 1756420582441,
      "tn" : 1756420582441162640,
      "q" : "2.0",
      "p" : "0.4836",
      "s" : "buy",
      "i" : "NOS_USD",
      "m" : "4611686018428107403"
    }, {
      "d" : "1756420576841129061",
      "t" : 1756420576841,
      "tn" : 1756420576841129061,
      "q" : "2.1",
      "p" : "0.4836",
      "s" : "buy",
      "i" : "NOS_USD",
      "m" : "4611686018428107402"
    }, {
      "d" : "1756420571191873042",
      "t" : 1756420571191,
      "tn" : 1756420571191873042,
      "q" : "2.0",
      "p" : "0.4836",
      "s" : "buy",
      "i" : "NOS_USD",
      "m" : "4611686018428107401"
    }, {
      "d" : "1756420565591416760",
      "t" : 1756420565591,
      "tn" : 1756420565591416760,
      "q" : "2.1",
      "p" : "0.4836",
      "s" : "buy",
      "i" : "NOS_USD",
      "m" : "4611686018428107400"
    }, {
      "d" : "1756420559941541375",
      "t" : 1756420559941,
      "tn" : 1756420559941541375,
      "q" : "2.0",
      "p" : "0.4836",
      "s" : "buy",
      "i" : "NOS_USD",
      "m" : "4611686018428107399"
    }, {
      "d" : "1756420554291988739",
      "t" : 1756420554291,
      "tn" : 1756420554291988739,
      "q" : "2.1",
      "p" : "0.4836",
      "s" : "buy",
      "i" : "NOS_USD",
      "m" : "4611686018428107398"
    }, {
      "d" : "1756420548691192718",
      "t" : 1756420548691,
      "tn" : 1756420548691192718,
      "q" : "2.0",
      "p" : "0.4839",
      "s" : "buy",
      "i" : "NOS_USD",
      "m" : "4611686018428107397"
    }, {
      "d" : "1756420543041764794",
      "t" : 1756420543041,
      "tn" : 1756420543041764794,
      "q" : "2.1",
      "p" : "0.4836",
      "s" : "buy",
      "i" : "NOS_USD",
      "m" : "4611686018428107396"
    }, {
      "d" : "1756420537441218392",
      "t" : 1756420537441,
      "tn" : 1756420537441218392,
      "q" : "2.0",
      "p" : "0.4836",
      "s" : "buy",
      "i" : "NOS_USD",
      "m" : "4611686018428107395"
    }, {
      "d" : "1756420531791733308",
      "t" : 1756420531791,
      "tn" : 1756420531791733308,
      "q" : "2.1",
      "p" : "0.4836",
      "s" : "buy",
      "i" : "NOS_USD",
      "m" : "4611686018428107394"
    }, {
      "d" : "1756420526141975786",
      "t" : 1756420526141,
      "tn" : 1756420526141975786,
      "q" : "2.0",
      "p" : "0.4836",
      "s" : "buy",
      "i" : "NOS_USD",
      "m" : "4611686018428107393"
    }, {
      "d" : "1756420520541323183",
      "t" : 1756420520541,
      "tn" : 1756420520541323183,
      "q" : "2.1",
      "p" : "0.4836",
      "s" : "buy",
      "i" : "NOS_USD",
      "m" : "4611686018428107392"
    }, {
      "d" : "1756420514891193805",
      "t" : 1756420514891,
      "tn" : 1756420514891193805,
      "q" : "2.0",
      "p" : "0.4837",
      "s" : "buy",
      "i" : "NOS_USD",
      "m" : "4611686018428107391"
    }, {
      "d" : "1756420509241439812",
      "t" : 1756420509241,
      "tn" : 1756420509241439812,
      "q" : "2.1",
      "p" : "0.4837",
      "s" : "buy",
      "i" : "NOS_USD",
      "m" : "4611686018428107390"
    }, {
      "d" : "1756420503641699274",
      "t" : 1756420503641,
      "tn" : 1756420503641699274,
      "q" : "2.0",
      "p" : "0.4833",
      "s" : "buy",
      "i" : "NOS_USD",
      "m" : "4611686018428107389"
    }, {
      "d" : "1756420497991853002",
      "t" : 1756420497991,
      "tn" : 1756420497991853002,
      "q" : "2.1",
      "p" : "0.4833",
      "s" : "buy",
      "i" : "NOS_USD",
      "m" : "4611686018428107388"
    }, {
      "d" : "1756420492391339585",
      "t" : 1756420492391,
      "tn" : 1756420492391339585,
      "q" : "2.0",
      "p" : "0.4840",
      "s" : "buy",
      "i" : "NOS_USD",
      "m" : "4611686018428107387"
    }, {
      "d" : "1756420486741510794",
      "t" : 1756420486741,
      "tn" : 1756420486741510794,
      "q" : "2.1",
      "p" : "0.4836",
      "s" : "buy",
      "i" : "NOS_USD",
      "m" : "4611686018428107386"
    }, {
      "d" : "1756420481092248396",
      "t" : 1756420481092,
      "tn" : 1756420481092248396,
      "q" : "2.0",
      "p" : "0.4836",
      "s" : "buy",
      "i" : "NOS_USD",
      "m" : "4611686018428107385"
    }, {
      "d" : "1756420475491922919",
      "t" : 1756420475491,
      "tn" : 1756420475491922919,
      "q" : "2.1",
      "p" : "0.4836",
      "s" : "buy",
      "i" : "NOS_USD",
      "m" : "4611686018428107384"
    }, {
      "d" : "1756420469841529323",
      "t" : 1756420469841,
      "tn" : 1756420469841529323,
      "q" : "2.0",
      "p" : "0.4836",
      "s" : "buy",
      "i" : "NOS_USD",
      "m" : "4611686018428107383"
    }, {
      "d" : "1756420464191731029",
      "t" : 1756420464191,
      "tn" : 1756420464191731029,
      "q" : "2.1",
      "p" : "0.4839",
      "s" : "buy",
      "i" : "NOS_USD",
      "m" : "4611686018428107382"
    }, {
      "d" : "1756420458591410469",
      "t" : 1756420458591,
      "tn" : 1756420458591410469,
      "q" : "1.8",
      "p" : "0.4843",
      "s" : "buy",
      "i" : "NOS_USD",
      "m" : "4611686018428107381"
    }, {
      "d" : "1756420458591408462",
      "t" : 1756420458591,
      "tn" : 1756420458591408462,
      "q" : "0.2",
      "p" : "0.4840",
      "s" : "buy",
      "i" : "NOS_USD",
      "m" : "4611686018428107380"
    }, {
      "d" : "1756420452941338540",
      "t" : 1756420452941,
      "tn" : 1756420452941338540,
      "q" : "2.1",
      "p" : "0.4840",
      "s" : "buy",
      "i" : "NOS_USD",
      "m" : "4611686018428107379"
    }, {
      "d" : "1756420447341650767",
      "t" : 1756420447341,
      "tn" : 1756420447341650767,
      "q" : "2.0",
      "p" : "0.4833",
      "s" : "buy",
      "i" : "NOS_USD",
      "m" : "4611686018428107378"
    }, {
      "d" : "1756420441691401716",
      "t" : 1756420441691,
      "tn" : 1756420441691401716,
      "q" : "2.1",
      "p" : "0.4833",
      "s" : "buy",
      "i" : "NOS_USD",
      "m" : "4611686018428107377"
    }, {
      "d" : "1756420436041915075",
      "t" : 1756420436041,
      "tn" : 1756420436041915075,
      "q" : "2.0",
      "p" : "0.4833",
      "s" : "buy",
      "i" : "NOS_USD",
      "m" : "4611686018428107376"
    }, {
      "d" : "1756420430441521341",
      "t" : 1756420430441,
      "tn" : 1756420430441521341,
      "q" : "2.1",
      "p" : "0.4833",
      "s" : "buy",
      "i" : "NOS_USD",
      "m" : "4611686018428107375"
    }, {
      "d" : "1756420424792279895",
      "t" : 1756420424792,
      "tn" : 1756420424792279895,
      "q" : "2.0",
      "p" : "0.4833",
      "s" : "buy",
      "i" : "NOS_USD",
      "m" : "4611686018428107374"
    }, {
      "d" : "1756420419191654318",
      "t" : 1756420419191,
      "tn" : 1756420419191654318,
      "q" : "2.1",
      "p" : "0.4833",
      "s" : "buy",
      "i" : "NOS_USD",
      "m" : "4611686018428107373"
    }, {
      "d" : "1756420413542011538",
      "t" : 1756420413542,
      "tn" : 1756420413542011538,
      "q" : "2.0",
      "p" : "0.4831",
      "s" : "buy",
      "i" : "NOS_USD",
      "m" : "4611686018428107372"
    }, {
      "d" : "1756420407892097735",
      "t" : 1756420407892,
      "tn" : 1756420407892097735,
      "q" : "2.1",
      "p" : "0.4831",
      "s" : "buy",
      "i" : "NOS_USD",
      "m" : "4611686018428107371"
    }, {
      "d" : "1756420402291347721",
      "t" : 1756420402291,
      "tn" : 1756420402291347721,
      "q" : "2.0",
      "p" : "0.4831",
      "s" : "buy",
      "i" : "NOS_USD",
      "m" : "4611686018428107370"
    }, {
      "d" : "1756420396641391079",
      "t" : 1756420396641,
      "tn" : 1756420396641391079,
      "q" : "2.1",
      "p" : "0.4830",
      "s" : "buy",
      "i" : "NOS_USD",
      "m" : "4611686018428107369"
    }, {
      "d" : "1756420390991719585",
      "t" : 1756420390991,
      "tn" : 1756420390991719585,
      "q" : "2.0",
      "p" : "0.4830",
      "s" : "buy",
      "i" : "NOS_USD",
      "m" : "4611686018428107368"
    }, {
      "d" : "1756420385392079092",
      "t" : 1756420385392,
      "tn" : 1756420385392079092,
      "q" : "2.1",
      "p" : "0.4830",
      "s" : "buy",
      "i" : "NOS_USD",
      "m" : "4611686018428107367"
    }, {
      "d" : "1756420379741953783",
      "t" : 1756420379741,
      "tn" : 1756420379741953783,
      "q" : "2.0",
      "p" : "0.4830",
      "s" : "buy",
      "i" : "NOS_USD",
      "m" : "4611686018428107366"
    }, {
      "d" : "1756420374141517274",
      "t" : 1756420374141,
      "tn" : 1756420374141517274,
      "q" : "2.1",
      "p" : "0.4830",
      "s" : "buy",
      "i" : "NOS_USD",
      "m" : "4611686018428107365"
    }, {
      "d" : "1756420368492119292",
      "t" : 1756420368492,
      "tn" : 1756420368492119292,
      "q" : "2.0",
      "p" : "0.4833",
      "s" : "buy",
      "i" : "NOS_USD",
      "m" : "4611686018428107364"
    }, {
      "d" : "1756420362841768437",
      "t" : 1756420362841,
      "tn" : 1756420362841768437,
      "q" : "2.1",
      "p" : "0.4830",
      "s" : "buy",
      "i" : "NOS_USD",
      "m" : "4611686018428107363"
    }, {
      "d" : "1756420357241526763",
      "t" : 1756420357241,
      "tn" : 1756420357241526763,
      "q" : "2.0",
      "p" : "0.4835",
      "s" : "buy",
      "i" : "NOS_USD",
      "m" : "4611686018428107362"
    }, {
      "d" : "1756420351592086871",
      "t" : 1756420351592,
      "tn" : 1756420351592086871,
      "q" : "2.1",
      "p" : "0.4836",
      "s" : "buy",
      "i" : "NOS_USD",
      "m" : "4611686018428107361"
    }, {
      "d" : "1756420345991326119",
      "t" : 1756420345991,
      "tn" : 1756420345991326119,
      "q" : "2.0",
      "p" : "0.4835",
      "s" : "buy",
      "i" : "NOS_USD",
      "m" : "4611686018428107360"
    }, {
      "d" : "1756420340341947906",
      "t" : 1756420340341,
      "tn" : 1756420340341947906,
      "q" : "2.0",
      "p" : "0.4835",
      "s" : "buy",
      "i" : "NOS_USD",
      "m" : "4611686018428107359"
    }, {
      "d" : "1756420334691464186",
      "t" : 1756420334691,
      "tn" : 1756420334691464186,
      "q" : "2.0",
      "p" : "0.4835",
      "s" : "buy",
      "i" : "NOS_USD",
      "m" : "4611686018428107358"
    }, {
      "d" : "1756420329091455702",
      "t" : 1756420329091,
      "tn" : 1756420329091455702,
      "q" : "2.0",
      "p" : "0.4835",
      "s" : "buy",
      "i" : "NOS_USD",
      "m" : "4611686018428107357"
    }, {
      "d" : "1756420323441366053",
      "t" : 1756420323441,
      "tn" : 1756420323441366053,
      "q" : "2.0",
      "p" : "0.4835",
      "s" : "buy",
      "i" : "NOS_USD",
      "m" : "4611686018428107356"
    }, {
      "d" : "1756420317791814938",
      "t" : 1756420317791,
      "tn" : 1756420317791814938,
      "q" : "2.0",
      "p" : "0.4835",
      "s" : "buy",
      "i" : "NOS_USD",
      "m" : "4611686018428107355"
    }, {
      "d" : "1756420312191522950",
      "t" : 1756420312191,
      "tn" : 1756420312191522950,
      "q" : "2.0",
      "p" : "0.4834",
      "s" : "buy",
      "i" : "NOS_USD",
      "m" : "4611686018428107354"
    }, {
      "d" : "1756420306541481599",
      "t" : 1756420306541,
      "tn" : 1756420306541481599,
      "q" : "2.0",
      "p" : "0.4835",
      "s" : "buy",
      "i" : "NOS_USD",
      "m" : "4611686018428107353"
    }, {
      "d" : "1756420300941249244",
      "t" : 1756420300941,
      "tn" : 1756420300941249244,
      "q" : "2.0",
      "p" : "0.4834",
      "s" : "buy",
      "i" : "NOS_USD",
      "m" : "4611686018428107352"
    }, {
      "d" : "1756420295291972259",
      "t" : 1756420295291,
      "tn" : 1756420295291972259,
      "q" : "2.0",
      "p" : "0.4834",
      "s" : "buy",
      "i" : "NOS_USD",
      "m" : "4611686018428107351"
    }, {
      "d" : "1756420289641741887",
      "t" : 1756420289641,
      "tn" : 1756420289641741887,
      "q" : "2.0",
      "p" : "0.4834",
      "s" : "buy",
      "i" : "NOS_USD",
      "m" : "4611686018428107350"
    }, {
      "d" : "1756420284041911039",
      "t" : 1756420284041,
      "tn" : 1756420284041911039,
      "q" : "2.0",
      "p" : "0.4835",
      "s" : "buy",
      "i" : "NOS_USD",
      "m" : "4611686018428107349"
    }, {
      "d" : "1756420278391950382",
      "t" : 1756420278391,
      "tn" : 1756420278391950382,
      "q" : "2.0",
      "p" : "0.4835",
      "s" : "buy",
      "i" : "NOS_USD",
      "m" : "4611686018428107348"
    }, {
      "d" : "1756420272741826158",
      "t" : 1756420272741,
      "tn" : 1756420272741826158,
      "q" : "2.0",
      "p" : "0.4835",
      "s" : "buy",
      "i" : "NOS_USD",
      "m" : "4611686018428107347"
    }, {
      "d" : "1756420267141619653",
      "t" : 1756420267141,
      "tn" : 1756420267141619653,
      "q" : "2.0",
      "p" : "0.4835",
      "s" : "buy",
      "i" : "NOS_USD",
      "m" : "4611686018428107346"
    }, {
      "d" : "1756420261491167149",
      "t" : 1756420261491,
      "tn" : 1756420261491167149,
      "q" : "2.0",
      "p" : "0.4835",
      "s" : "buy",
      "i" : "NOS_USD",
      "m" : "4611686018428107345"
    }, {
      "d" : "1756420255891245860",
      "t" : 1756420255891,
      "tn" : 1756420255891245860,
      "q" : "2.0",
      "p" : "0.4835",
      "s" : "buy",
      "i" : "NOS_USD",
      "m" : "4611686018428107344"
    } ]
  }
}