{
  "id" : -1,
  "method" : "public/get-trades",
  "code" : 0,
  "result" : {
    "data" : [ {
      "d" : "1756460746230753469",
      "t" : 1756460746230,
      "tn" : 1756460746230753469,
      "q" : "1700",
      "p" : "0.0017941",
      "s" : "sell",
      "i" : "NOT_USDT",
      "m" : "4611686018428032837"
    }, {
      "d" : "1756460746230589413",
      "t" : 1756460746230,
      "tn" : 1756460746230589413,
      "q" : "22300",
      "p" : "0.0017941",
      "s" : "sell",
      "i" : "NOT_USDT",
      "m" : "4611686018428032836"
    }, {
      "d" : "1756460350931959450",
      "t" : 1756460350931,
      "tn" : 1756460350931959450,
      "q" : "24000",
      "p" : "0.0017901",
      "s" : "sell",
      "i" : "NOT_USDT",
      "m" : "4611686018428032835"
    }, {
      "d" : "1756458017559033943",
      "t" : 1756458017559,
      "tn" : 1756458017559033943,
      "q" : "41500",
      "p" : "0.0017873",
      "s" : "sell",
      "i" : "NOT_USDT",
      "m" : "4611686018428032834"
    }, {
      "d" : "1756457696017530321",
      "t" : 1756457696017,
      "tn" : 1756457696017530321,
      "q" : "24000",
      "p" : "0.0017910",
      "s" : "sell",
      "i" : "NOT_USDT",
      "m" : "4611686018428032833"
    }, {
      "d" : "1756454135002217833",
      "t" : 1756454135002,
      "tn" : 1756454135002217833,
      "q" : "262330",
      "p" : "0.0018202",
      "s" : "sell",
      "i" : "NOT_USDT",
      "m" : "4611686018428032832"
    }, {
      "d" : "1756451590969226022",
      "t" : 1756451590969,
      "tn" : 1756451590969226022,
      "q" : "23000",
      "p" : "0.0018474",
      "s" : "sell",
      "i" : "NOT_USDT",
      "m" : "4611686018428032831"
    }, {
      "d" : "1756450898647578850",
      "t" : 1756450898647,
      "tn" : 1756450898647578850,
      "q" : "269610",
      "p" : "0.0018547",
      "s" : "sell",
      "i" : "NOT_USDT",
      "m" : "4611686018428032830"
    }, {
      "d" : "1756448150779487571",
      "t" : 1756448150779,
      "tn" : 1756448150779487571,
      "q" : "197290",
      "p" : "0.0018723",
      "s" : "sell",
      "i" : "NOT_USDT",
      "m" : "4611686018428032829"
    }, {
      "d" : "1756437360878763518",
      "t" : 1756437360878,
      "tn" : 1756437360878763518,
      "q" : "1570",
      "p" : "0.0018899",
      "s" : "sell",
      "i" : "NOT_USDT",
      "m" : "4611686018428032828"
    }, {
      "d" : "1756424587968695176",
      "t" : 1756424587968,
      "tn" : 1756424587968695176,
      "q" : "23000",
      "p" : "0.0019004",
      "s" : "sell",
      "i" : "NOT_USDT",
      "m" : "4611686018428032827"
    }, {
      "d" : "1756416463931979660",
      "t" : 1756416463931,
      "tn" : 1756416463931979660,
      "q" : "107760",
      "p" : "0.0018701",
      "s" : "sell",
      "i" : "NOT_USDT",
      "m" : "4611686018428032826"
    }, {
      "d" : "1756398206935153160",
      "t" : 1756398206935,
      "tn" : 1756398206935153160,
      "q" : "36220",
      "p" : "0.0018692",
      "s" : "sell",
      "i" : "NOT_USDT",
      "m" : "4611686018428032825"
    }, {
      "d" : "1756395573657565219",
      "t" : 1756395573657,
      "tn" : 1756395573657565219,
      "q" : "216530",
      "p" : "0.0018711",
      "s" : "sell",
      "i" : "NOT_USDT",
      "m" : "4611686018428032824"
    }, {
      "d" : "1756394591981860943",
      "t" : 1756394591981,
      "tn" : 1756394591981860943,
      "q" : "4800",
      "p" : "0.0018829",
      "s" : "sell",
      "i" : "NOT_USDT",
      "m" : "4611686018428032823"
    }, {
      "d" : "1756394513714873649",
      "t" : 1756394513714,
      "tn" : 1756394513714873649,
      "q" : "13280",
      "p" : "0.0018829",
      "s" : "sell",
      "i" : "NOT_USDT",
      "m" : "4611686018428032822"
    }, {
      "d" : "1756394433545382825",
      "t" : 1756394433545,
      "tn" : 1756394433545382825,
      "q" : "7040",
      "p" : "0.0018829",
      "s" : "sell",
      "i" : "NOT_USDT",
      "m" : "4611686018428032821"
    }, {
      "d" : "1756391358561039956",
      "t" : 1756391358561,
      "tn" : 1756391358561039956,
      "q" : "267360",
      "p" : "0.0018673",
      "s" : "sell",
      "i" : "NOT_USDT",
      "m" : "4611686018428032820"
    }, {
      "d" : "1756391358557638726",
      "t" : 1756391358557,
      "tn" : 1756391358557638726,
      "q" : "322790",
      "p" : "0.0018675",
      "s" : "sell",
      "i" : "NOT_USDT",
      "m" : "4611686018428032819"
    }, {
      "d" : "1756386591448296884",
      "t" : 1756386591448,
      "tn" : 1756386591448296884,
      "q" : "18450",
      "p" : "0.0018610",
      "s" : "sell",
      "i" : "NOT_USDT",
      "m" : "4611686018428032818"
    }, {
      "d" : "1756386591448293786",
      "t" : 1756386591448,
      "tn" : 1756386591448293786,
      "q" : "65090",
      "p" : "0.0018611",
      "s" : "sell",
      "i" : "NOT_USDT",
      "m" : "4611686018428032817"
    }, {
      "d" : "1756381965136913932",
      "t" : 1756381965136,
      "tn" : 1756381965136913932,
      "q" : "86820",
      "p" : "0.0018718",
      "s" : "buy",
      "i" : "NOT_USDT",
      "m" : "4611686018428032816"
    }, {
      "d" : "1756381965136912399",
      "t" : 1756381965136,
      "tn" : 1756381965136912399,
      "q" : "38520",
      "p" : "0.0018717",
      "s" : "buy",
      "i" : "NOT_USDT",
      "m" : "4611686018428032815"
    }, {
      "d" : "1756381965131142193",
      "t" : 1756381965131,
      "tn" : 1756381965131142193,
      "q" : "142630",
      "p" : "0.0018718",
      "s" : "buy",
      "i" : "NOT_USDT",
      "m" : "4611686018428032814"
    }, {
      "d" : "1756381965131139978",
      "t" : 1756381965131,
      "tn" : 1756381965131139978,
      "q" : "35950",
      "p" : "0.0018717",
      "s" : "buy",
      "i" : "NOT_USDT",
      "m" : "4611686018428032813"
    }, {
      "d" : "1756381965130846305",
      "t" : 1756381965130,
      "tn" : 1756381965130846305,
      "q" : "2570",
      "p" : "0.0018717",
      "s" : "buy",
      "i" : "NOT_USDT",
      "m" : "4611686018428032812"
    }, {
      "d" : "1756381553290896751",
      "t" : 1756381553290,
      "tn" : 1756381553290896751,
      "q" : "30470",
      "p" : "0.0018498",
      "s" : "sell",
      "i" : "NOT_USDT",
      "m" : "4611686018428032811"
    }, {
      "d" : "1756377209536231422",
      "t" : 1756377209536,
      "tn" : 1756377209536231422,
      "q" : "9560",
      "p" : "0.0018606",
      "s" : "buy",
      "i" : "NOT_USDT",
      "m" : "4611686018428032810"
    } ]
  }
}