{
  "id" : -1,
  "method" : "public/get-trades",
  "code" : 0,
  "result" : {
    "data" : [ {
      "d" : "1756461163391814361",
      "t" : 1756461163391,
      "tn" : 1756461163391814361,
      "q" : "530",
      "p" : "0.0017990",
      "s" : "buy",
      "i" : "NOT_USD",
      "m" : "4611686018428085670"
    }, {
      "d" : "1756458180170221743",
      "t" : 1756458180170,
      "tn" : 1756458180170221743,
      "q" : "70760",
      "p" : "0.0017684",
      "s" : "sell",
      "i" : "NOT_USD",
      "m" : "4611686018428085669"
    }, {
      "d" : "1756458180170219423",
      "t" : 1756458180170,
      "tn" : 1756458180170219423,
      "q" : "208570",
      "p" : "0.0017691",
      "s" : "sell",
      "i" : "NOT_USD",
      "m" : "4611686018428085668"
    }, {
      "d" : "1756458180170216915",
      "t" : 1756458180170,
      "tn" : 1756458180170216915,
      "q" : "107760",
      "p" : "0.0017704",
      "s" : "sell",
      "i" : "NOT_USD",
      "m" : "4611686018428085667"
    }, {
      "d" : "1756458180170213799",
      "t" : 1756458180170,
      "tn" : 1756458180170213799,
      "q" : "547100",
      "p" : "0.0017705",
      "s" : "sell",
      "i" : "NOT_USD",
      "m" : "4611686018428085666"
    }, {
      "d" : "1756458017562114390",
      "t" : 1756458017562,
      "tn" : 1756458017562114390,
      "q" : "7730",
      "p" : "0.0017855",
      "s" : "sell",
      "i" : "NOT_USD",
      "m" : "4611686018428085665"
    }, {
      "d" : "1756452135724022676",
      "t" : 1756452135724,
      "tn" : 1756452135724022676,
      "q" : "114070",
      "p" : "0.0018206",
      "s" : "sell",
      "i" : "NOT_USD",
      "m" : "4611686018428085664"
    }, {
      "d" : "1756450895090696751",
      "t" : 1756450895090,
      "tn" : 1756450895090696751,
      "q" : "191680",
      "p" : "0.0018582",
      "s" : "sell",
      "i" : "NOT_USD",
      "m" : "4611686018428085663"
    }, {
      "d" : "1756449514123055032",
      "t" : 1756449514123,
      "tn" : 1756449514123055032,
      "q" : "105560",
      "p" : "0.0018701",
      "s" : "buy",
      "i" : "NOT_USD",
      "m" : "4611686018428085662"
    }, {
      "d" : "1756449514119698543",
      "t" : 1756449514119,
      "tn" : 1756449514119698543,
      "q" : "142430",
      "p" : "0.0018702",
      "s" : "buy",
      "i" : "NOT_USD",
      "m" : "4611686018428085661"
    }, {
      "d" : "1756448407306587989",
      "t" : 1756448407306,
      "tn" : 1756448407306587989,
      "q" : "5680",
      "p" : "0.0018680",
      "s" : "sell",
      "i" : "NOT_USD",
      "m" : "4611686018428085660"
    }, {
      "d" : "1756448407306586192",
      "t" : 1756448407306,
      "tn" : 1756448407306586192,
      "q" : "6210",
      "p" : "0.0018682",
      "s" : "sell",
      "i" : "NOT_USD",
      "m" : "4611686018428085659"
    }, {
      "d" : "1756446487382083343",
      "t" : 1756446487382,
      "tn" : 1756446487382083343,
      "q" : "11900",
      "p" : "0.0018943",
      "s" : "buy",
      "i" : "NOT_USD",
      "m" : "4611686018428085658"
    }, {
      "d" : "1756430474356955177",
      "t" : 1756430474356,
      "tn" : 1756430474356955177,
      "q" : "44720",
      "p" : "0.0018868",
      "s" : "buy",
      "i" : "NOT_USD",
      "m" : "4611686018428085657"
    }, {
      "d" : "1756430474356952702",
      "t" : 1756430474356,
      "tn" : 1756430474356952702,
      "q" : "43340",
      "p" : "0.0018867",
      "s" : "buy",
      "i" : "NOT_USD",
      "m" : "4611686018428085656"
    }, {
      "d" : "1756430474356948573",
      "t" : 1756430474356,
      "tn" : 1756430474356948573,
      "q" : "11940",
      "p" : "0.0018866",
      "s" : "buy",
      "i" : "NOT_USD",
      "m" : "4611686018428085655"
    }, {
      "d" : "1756416951288439383",
      "t" : 1756416951288,
      "tn" : 1756416951288439383,
      "q" : "100000",
      "p" : "0.0018711",
      "s" : "sell",
      "i" : "NOT_USD",
      "m" : "4611686018428085654"
    }, {
      "d" : "1756416408257694956",
      "t" : 1756416408257,
      "tn" : 1756416408257694956,
      "q" : "6380",
      "p" : "0.0018706",
      "s" : "buy",
      "i" : "NOT_USD",
      "m" : "4611686018428085653"
    }, {
      "d" : "1756415494314764391",
      "t" : 1756415494314,
      "tn" : 1756415494314764391,
      "q" : "93720",
      "p" : "0.0018628",
      "s" : "sell",
      "i" : "NOT_USD",
      "m" : "4611686018428085652"
    }, {
      "d" : "1756415494314761237",
      "t" : 1756415494314,
      "tn" : 1756415494314761237,
      "q" : "6280",
      "p" : "0.0018629",
      "s" : "sell",
      "i" : "NOT_USD",
      "m" : "4611686018428085651"
    }, {
      "d" : "1756412543092154587",
      "t" : 1756412543092,
      "tn" : 1756412543092154587,
      "q" : "30",
      "p" : "0.0018616",
      "s" : "buy",
      "i" : "NOT_USD",
      "m" : "4611686018428085650"
    }, {
      "d" : "1756398206935230598",
      "t" : 1756398206935,
      "tn" : 1756398206935230598,
      "q" : "107760",
      "p" : "0.0018697",
      "s" : "sell",
      "i" : "NOT_USD",
      "m" : "4611686018428085649"
    }, {
      "d" : "1756395163745603569",
      "t" : 1756395163745,
      "tn" : 1756395163745603569,
      "q" : "2740",
      "p" : "0.0018740",
      "s" : "sell",
      "i" : "NOT_USD",
      "m" : "4611686018428085648"
    }, {
      "d" : "1756395163745601330",
      "t" : 1756395163745,
      "tn" : 1756395163745601330,
      "q" : "143520",
      "p" : "0.0018753",
      "s" : "sell",
      "i" : "NOT_USD",
      "m" : "4611686018428085647"
    }, {
      "d" : "1756395163745597529",
      "t" : 1756395163745,
      "tn" : 1756395163745597529,
      "q" : "107760",
      "p" : "0.0018754",
      "s" : "sell",
      "i" : "NOT_USD",
      "m" : "4611686018428085646"
    }, {
      "d" : "1756392584358194395",
      "t" : 1756392584358,
      "tn" : 1756392584358194395,
      "q" : "25000",
      "p" : "0.0018792",
      "s" : "sell",
      "i" : "NOT_USD",
      "m" : "4611686018428085645"
    }, {
      "d" : "1756391509109407006",
      "t" : 1756391509109,
      "tn" : 1756391509109407006,
      "q" : "42540",
      "p" : "0.0018656",
      "s" : "sell",
      "i" : "NOT_USD",
      "m" : "4611686018428085644"
    }, {
      "d" : "1756391358564388899",
      "t" : 1756391358564,
      "tn" : 1756391358564388899,
      "q" : "243470",
      "p" : "0.0018670",
      "s" : "sell",
      "i" : "NOT_USD",
      "m" : "4611686018428085643"
    }, {
      "d" : "1756391358557542944",
      "t" : 1756391358557,
      "tn" : 1756391358557542944,
      "q" : "342110",
      "p" : "0.0018670",
      "s" : "sell",
      "i" : "NOT_USD",
      "m" : "4611686018428085642"
    }, {
      "d" : "1756389031082976373",
      "t" : 1756389031082,
      "tn" : 1756389031082976373,
      "q" : "596030",
      "p" : "0.0018621",
      "s" : "sell",
      "i" : "NOT_USD",
      "m" : "4611686018428085641"
    }, {
      "d" : "1756388543965128707",
      "t" : 1756388543965,
      "tn" : 1756388543965128707,
      "q" : "153330",
      "p" : "0.0018697",
      "s" : "buy",
      "i" : "NOT_USD",
      "m" : "4611686018428085640"
    }, {
      "d" : "1756388543962196704",
      "t" : 1756388543962,
      "tn" : 1756388543962196704,
      "q" : "311120",
      "p" : "0.0018692",
      "s" : "buy",
      "i" : "NOT_USD",
      "m" : "4611686018428085639"
    }, {
      "d" : "1756388543962125916",
      "t" : 1756388543962,
      "tn" : 1756388543962125915,
      "q" : "268720",
      "p" : "0.0018692",
      "s" : "buy",
      "i" : "NOT_USD",
      "m" : "4611686018428085638"
    }, {
      "d" : "1756388543962125915",
      "t" : 1756388543962,
      "tn" : 1756388543962125915,
      "q" : "369940",
      "p" : "0.0018692",
      "s" : "buy",
      "i" : "NOT_USD",
      "m" : "4611686018428085638"
    }, {
      "d" : "1756388543961819570",
      "t" : 1756388543961,
      "tn" : 1756388543961819570,
      "q" : "198290",
      "p" : "0.0018692",
      "s" : "buy",
      "i" : "NOT_USD",
      "m" : "4611686018428085637"
    }, {
      "d" : "1756387927270308030",
      "t" : 1756387927270,
      "tn" : 1756387927270308030,
      "q" : "136030",
      "p" : "0.0018693",
      "s" : "sell",
      "i" : "NOT_USD",
      "m" : "4611686018428085636"
    }, {
      "d" : "1756387927270305743",
      "t" : 1756387927270,
      "tn" : 1756387927270305743,
      "q" : "107760",
      "p" : "0.0018694",
      "s" : "sell",
      "i" : "NOT_USD",
      "m" : "4611686018428085635"
    }, {
      "d" : "1756387927270303315",
      "t" : 1756387927270,
      "tn" : 1756387927270303315,
      "q" : "144790",
      "p" : "0.0018695",
      "s" : "sell",
      "i" : "NOT_USD",
      "m" : "4611686018428085634"
    }, {
      "d" : "1756384514328150246",
      "t" : 1756384514328,
      "tn" : 1756384514328150246,
      "q" : "147240",
      "p" : "0.0018652",
      "s" : "sell",
      "i" : "NOT_USD",
      "m" : "4611686018428085633"
    }, {
      "d" : "1756384293352007408",
      "t" : 1756384293352,
      "tn" : 1756384293352007408,
      "q" : "11620",
      "p" : "0.0018680",
      "s" : "buy",
      "i" : "NOT_USD",
      "m" : "4611686018428085632"
    }, {
      "d" : "1756384293351573562",
      "t" : 1756384293351,
      "tn" : 1756384293351573562,
      "q" : "535900",
      "p" : "0.0018680",
      "s" : "buy",
      "i" : "NOT_USD",
      "m" : "4611686018428085631"
    }, {
      "d" : "1756383503457947780",
      "t" : 1756383503457,
      "tn" : 1756383503457947780,
      "q" : "13460",
      "p" : "0.0018678",
      "s" : "buy",
      "i" : "NOT_USD",
      "m" : "4611686018428085630"
    }, {
      "d" : "1756383503448218252",
      "t" : 1756383503448,
      "tn" : 1756383503448218252,
      "q" : "80540",
      "p" : "0.0018678",
      "s" : "buy",
      "i" : "NOT_USD",
      "m" : "4611686018428085629"
    }, {
      "d" : "1756383503300812636",
      "t" : 1756383503300,
      "tn" : 1756383503300812636,
      "q" : "272920",
      "p" : "0.0018678",
      "s" : "buy",
      "i" : "NOT_USD",
      "m" : "4611686018428085628"
    }, {
      "d" : "1756381803311419982",
      "t" : 1756381803311,
      "tn" : 1756381803311419982,
      "q" : "148400",
      "p" : "0.0018639",
      "s" : "sell",
      "i" : "NOT_USD",
      "m" : "4611686018428085627"
    }, {
      "d" : "1756381803309144309",
      "t" : 1756381803309,
      "tn" : 1756381803309144309,
      "q" : "136000",
      "p" : "0.0018639",
      "s" : "sell",
      "i" : "NOT_USD",
      "m" : "4611686018428085626"
    }, {
      "d" : "1756381803303130669",
      "t" : 1756381803303,
      "tn" : 1756381803303130668,
      "q" : "292470",
      "p" : "0.0018639",
      "s" : "sell",
      "i" : "NOT_USD",
      "m" : "4611686018428085625"
    }, {
      "d" : "1756381803303130668",
      "t" : 1756381803303,
      "tn" : 1756381803303130668,
      "q" : "39040",
      "p" : "0.0018639",
      "s" : "sell",
      "i" : "NOT_USD",
      "m" : "4611686018428085625"
    }, {
      "d" : "1756381803282608109",
      "t" : 1756381803282,
      "tn" : 1756381803282608109,
      "q" : "81610",
      "p" : "0.0018639",
      "s" : "sell",
      "i" : "NOT_USD",
      "m" : "4611686018428085624"
    }, {
      "d" : "1756381803233460894",
      "t" : 1756381803233,
      "tn" : 1756381803233460894,
      "q" : "314470",
      "p" : "0.0018654",
      "s" : "sell",
      "i" : "NOT_USD",
      "m" : "4611686018428085623"
    }, {
      "d" : "1756381803233458458",
      "t" : 1756381803233,
      "tn" : 1756381803233458458,
      "q" : "564250",
      "p" : "0.0018655",
      "s" : "sell",
      "i" : "NOT_USD",
      "m" : "4611686018428085622"
    }, {
      "d" : "1756381803233455732",
      "t" : 1756381803233,
      "tn" : 1756381803233455732,
      "q" : "68820",
      "p" : "0.0018656",
      "s" : "sell",
      "i" : "NOT_USD",
      "m" : "4611686018428085621"
    }, {
      "d" : "1756381803232757639",
      "t" : 1756381803232,
      "tn" : 1756381803232757639,
      "q" : "192770",
      "p" : "0.0018656",
      "s" : "sell",
      "i" : "NOT_USD",
      "m" : "4611686018428085620"
    }, {
      "d" : "1756381803232461622",
      "t" : 1756381803232,
      "tn" : 1756381803232461622,
      "q" : "81190",
      "p" : "0.0018656",
      "s" : "sell",
      "i" : "NOT_USD",
      "m" : "4611686018428085619"
    }, {
      "d" : "1756381803231862922",
      "t" : 1756381803231,
      "tn" : 1756381803231862922,
      "q" : "4640",
      "p" : "0.0018656",
      "s" : "sell",
      "i" : "NOT_USD",
      "m" : "4611686018428085618"
    }, {
      "d" : "1756381803231331169",
      "t" : 1756381803231,
      "tn" : 1756381803231331169,
      "q" : "27810",
      "p" : "0.0018656",
      "s" : "sell",
      "i" : "NOT_USD",
      "m" : "4611686018428085617"
    }, {
      "d" : "1756381803230684552",
      "t" : 1756381803230,
      "tn" : 1756381803230684552,
      "q" : "178360",
      "p" : "0.0018656",
      "s" : "sell",
      "i" : "NOT_USD",
      "m" : "4611686018428085616"
    }, {
      "d" : "1756381768520213310",
      "t" : 1756381768520,
      "tn" : 1756381768520213310,
      "q" : "7550",
      "p" : "0.0018586",
      "s" : "buy",
      "i" : "NOT_USD",
      "m" : "4611686018428085615"
    }, {
      "d" : "1756381763969112818",
      "t" : 1756381763969,
      "tn" : 1756381763969112818,
      "q" : "41730",
      "p" : "0.0018586",
      "s" : "buy",
      "i" : "NOT_USD",
      "m" : "4611686018428085614"
    }, {
      "d" : "1756381763948268409",
      "t" : 1756381763948,
      "tn" : 1756381763948268409,
      "q" : "375030",
      "p" : "0.0018586",
      "s" : "buy",
      "i" : "NOT_USD",
      "m" : "4611686018428085613"
    }, {
      "d" : "1756381763943081450",
      "t" : 1756381763943,
      "tn" : 1756381763943081450,
      "q" : "20220",
      "p" : "0.0018569",
      "s" : "buy",
      "i" : "NOT_USD",
      "m" : "4611686018428085612"
    }, {
      "d" : "1756381763701732819",
      "t" : 1756381763701,
      "tn" : 1756381763701732819,
      "q" : "94180",
      "p" : "0.0018569",
      "s" : "buy",
      "i" : "NOT_USD",
      "m" : "4611686018428085611"
    }, {
      "d" : "1756381757248354586",
      "t" : 1756381757248,
      "tn" : 1756381757248354586,
      "q" : "143410",
      "p" : "0.0018545",
      "s" : "buy",
      "i" : "NOT_USD",
      "m" : "4611686018428085610"
    }, {
      "d" : "1756381553295226801",
      "t" : 1756381553295,
      "tn" : 1756381553295226801,
      "q" : "194450",
      "p" : "0.0018491",
      "s" : "sell",
      "i" : "NOT_USD",
      "m" : "4611686018428085609"
    }, {
      "d" : "1756381513862667234",
      "t" : 1756381513862,
      "tn" : 1756381513862667234,
      "q" : "99730",
      "p" : "0.0018511",
      "s" : "sell",
      "i" : "NOT_USD",
      "m" : "4611686018428085608"
    }, {
      "d" : "1756381513842007322",
      "t" : 1756381513842,
      "tn" : 1756381513842007322,
      "q" : "21660",
      "p" : "0.0018511",
      "s" : "sell",
      "i" : "NOT_USD",
      "m" : "4611686018428085607"
    } ]
  }
}