{
  "id" : -1,
  "method" : "public/get-trades",
  "code" : 0,
  "result" : {
    "data" : [ {
      "d" : "1756460746229355562",
      "t" : 1756460746229,
      "tn" : 1756460746229355562,
      "q" : "100",
      "p" : "0.0017930",
      "s" : "sell",
      "i" : "NOTUSD-PERP",
      "m" : "4611686018428245283"
    }, {
      "d" : "1756460746229352102",
      "t" : 1756460746229,
      "tn" : 1756460746229352102,
      "q" : "100",
      "p" : "0.0017934",
      "s" : "sell",
      "i" : "NOTUSD-PERP",
      "m" : "4611686018428245282"
    }, {
      "d" : "1756458017559020858",
      "t" : 1756458017559,
      "tn" : 1756458017559020858,
      "q" : "100",
      "p" : "0.0017850",
      "s" : "sell",
      "i" : "NOTUSD-PERP",
      "m" : "4611686018428245281"
    }, {
      "d" : "1756458017559017725",
      "t" : 1756458017559,
      "tn" : 1756458017559017725,
      "q" : "100",
      "p" : "0.0017854",
      "s" : "sell",
      "i" : "NOTUSD-PERP",
      "m" : "4611686018428245280"
    }, {
      "d" : "1756438744273729586",
      "t" : 1756438744273,
      "tn" : 1756438744273729586,
      "q" : "100",
      "p" : "0.0018951",
      "s" : "sell",
      "i" : "NOTUSD-PERP",
      "m" : "4611686018428245279"
    }, {
      "d" : "1756438744273726200",
      "t" : 1756438744273,
      "tn" : 1756438744273726200,
      "q" : "100",
      "p" : "0.0018954",
      "s" : "sell",
      "i" : "NOTUSD-PERP",
      "m" : "4611686018428245278"
    }, {
      "d" : "1756425027724697084",
      "t" : 1756425027724,
      "tn" : 1756425027724697084,
      "q" : "100",
      "p" : "0.0019031",
      "s" : "sell",
      "i" : "NOTUSD-PERP",
      "m" : "4611686018428245277"
    }, {
      "d" : "1756425027724694773",
      "t" : 1756425027724,
      "tn" : 1756425027724694773,
      "q" : "100",
      "p" : "0.0019034",
      "s" : "sell",
      "i" : "NOTUSD-PERP",
      "m" : "4611686018428245276"
    }, {
      "d" : "1756424553497672891",
      "t" : 1756424553497,
      "tn" : 1756424553497672891,
      "q" : "100",
      "p" : "0.0019031",
      "s" : "sell",
      "i" : "NOTUSD-PERP",
      "m" : "4611686018428245275"
    }, {
      "d" : "1756424553497669523",
      "t" : 1756424553497,
      "tn" : 1756424553497669523,
      "q" : "100",
      "p" : "0.0019034",
      "s" : "sell",
      "i" : "NOTUSD-PERP",
      "m" : "4611686018428245274"
    }, {
      "d" : "1756391358555423622",
      "t" : 1756391358555,
      "tn" : 1756391358555423622,
      "q" : "100",
      "p" : "0.0018671",
      "s" : "sell",
      "i" : "NOTUSD-PERP",
      "m" : "4611686018428245273"
    }, {
      "d" : "1756391358555421573",
      "t" : 1756391358555,
      "tn" : 1756391358555421573,
      "q" : "100",
      "p" : "0.0018674",
      "s" : "sell",
      "i" : "NOTUSD-PERP",
      "m" : "4611686018428245272"
    }, {
      "d" : "1756381803234231131",
      "t" : 1756381803234,
      "tn" : 1756381803234231131,
      "q" : "100",
      "p" : "0.0018641",
      "s" : "sell",
      "i" : "NOTUSD-PERP",
      "m" : "4611686018428245271"
    }, {
      "d" : "1756381803234229072",
      "t" : 1756381803234,
      "tn" : 1756381803234229072,
      "q" : "100",
      "p" : "0.0018644",
      "s" : "sell",
      "i" : "NOTUSD-PERP",
      "m" : "4611686018428245270"
    } ]
  }
}