{
  "id" : -1,
  "method" : "public/get-trades",
  "code" : 0,
  "result" : {
    "data" : [ {
      "d" : "1756459272267632012",
      "t" : 1756459272267,
      "tn" : 1756459272267632012,
      "q" : "159",
      "p" : "0.031283",
      "s" : "sell",
      "i" : "NRN_USD",
      "m" : "4611686018428156852"
    }, {
      "d" : "1756459272267630442",
      "t" : 1756459272267,
      "tn" : 1756459272267630442,
      "q" : "160",
      "p" : "0.031298",
      "s" : "sell",
      "i" : "NRN_USD",
      "m" : "4611686018428156851"
    }, {
      "d" : "1756459272267628078",
      "t" : 1756459272267,
      "tn" : 1756459272267628078,
      "q" : "160",
      "p" : "0.031313",
      "s" : "sell",
      "i" : "NRN_USD",
      "m" : "4611686018428156850"
    }, {
      "d" : "1756459272267624962",
      "t" : 1756459272267,
      "tn" : 1756459272267624962,
      "q" : "160",
      "p" : "0.031329",
      "s" : "sell",
      "i" : "NRN_USD",
      "m" : "4611686018428156849"
    }, {
      "d" : "1756459136190482006",
      "t" : 1756459136190,
      "tn" : 1756459136190482006,
      "q" : "158",
      "p" : "0.031344",
      "s" : "sell",
      "i" : "NRN_USD",
      "m" : "4611686018428156848"
    }, {
      "d" : "1756459136190480257",
      "t" : 1756459136190,
      "tn" : 1756459136190480257,
      "q" : "160",
      "p" : "0.031359",
      "s" : "sell",
      "i" : "NRN_USD",
      "m" : "4611686018428156847"
    }, {
      "d" : "1756459136190477746",
      "t" : 1756459136190,
      "tn" : 1756459136190477746,
      "q" : "160",
      "p" : "0.031375",
      "s" : "sell",
      "i" : "NRN_USD",
      "m" : "4611686018428156846"
    }, {
      "d" : "1756459136190475402",
      "t" : 1756459136190,
      "tn" : 1756459136190475402,
      "q" : "160",
      "p" : "0.031390",
      "s" : "sell",
      "i" : "NRN_USD",
      "m" : "4611686018428156845"
    }, {
      "d" : "1756459136190472337",
      "t" : 1756459136190,
      "tn" : 1756459136190472337,
      "q" : "160",
      "p" : "0.031405",
      "s" : "sell",
      "i" : "NRN_USD",
      "m" : "4611686018428156844"
    }, {
      "d" : "1756456654630393000",
      "t" : 1756456654630,
      "tn" : 1756456654630393000,
      "q" : "157",
      "p" : "0.031421",
      "s" : "buy",
      "i" : "NRN_USD",
      "m" : "4611686018428156843"
    }, {
      "d" : "1756456654630391309",
      "t" : 1756456654630,
      "tn" : 1756456654630391309,
      "q" : "160",
      "p" : "0.031405",
      "s" : "buy",
      "i" : "NRN_USD",
      "m" : "4611686018428156842"
    }, {
      "d" : "1756456654630389114",
      "t" : 1756456654630,
      "tn" : 1756456654630389114,
      "q" : "160",
      "p" : "0.031390",
      "s" : "buy",
      "i" : "NRN_USD",
      "m" : "4611686018428156841"
    }, {
      "d" : "1756456654630386615",
      "t" : 1756456654630,
      "tn" : 1756456654630386615,
      "q" : "160",
      "p" : "0.031375",
      "s" : "buy",
      "i" : "NRN_USD",
      "m" : "4611686018428156840"
    }, {
      "d" : "1756455470366229581",
      "t" : 1756455470366,
      "tn" : 1756455470366229581,
      "q" : "158",
      "p" : "0.031359",
      "s" : "sell",
      "i" : "NRN_USD",
      "m" : "4611686018428156839"
    }, {
      "d" : "1756455470366227551",
      "t" : 1756455470366,
      "tn" : 1756455470366227551,
      "q" : "160",
      "p" : "0.031375",
      "s" : "sell",
      "i" : "NRN_USD",
      "m" : "4611686018428156838"
    }, {
      "d" : "1756455470366224963",
      "t" : 1756455470366,
      "tn" : 1756455470366224963,
      "q" : "160",
      "p" : "0.031390",
      "s" : "sell",
      "i" : "NRN_USD",
      "m" : "4611686018428156837"
    }, {
      "d" : "1756455470366221404",
      "t" : 1756455470366,
      "tn" : 1756455470366221404,
      "q" : "160",
      "p" : "0.031405",
      "s" : "sell",
      "i" : "NRN_USD",
      "m" : "4611686018428156836"
    }, {
      "d" : "1756453022376012629",
      "t" : 1756453022376,
      "tn" : 1756453022376012629,
      "q" : "159",
      "p" : "0.031421",
      "s" : "sell",
      "i" : "NRN_USD",
      "m" : "4611686018428156835"
    }, {
      "d" : "1756453022376010974",
      "t" : 1756453022376,
      "tn" : 1756453022376010974,
      "q" : "160",
      "p" : "0.031436",
      "s" : "sell",
      "i" : "NRN_USD",
      "m" : "4611686018428156834"
    }, {
      "d" : "1756453022376008805",
      "t" : 1756453022376,
      "tn" : 1756453022376008805,
      "q" : "159",
      "p" : "0.031451",
      "s" : "sell",
      "i" : "NRN_USD",
      "m" : "4611686018428156833"
    }, {
      "d" : "1756453022376006020",
      "t" : 1756453022376,
      "tn" : 1756453022376006020,
      "q" : "159",
      "p" : "0.031466",
      "s" : "sell",
      "i" : "NRN_USD",
      "m" : "4611686018428156832"
    }, {
      "d" : "1756443864122296987",
      "t" : 1756443864122,
      "tn" : 1756443864122296987,
      "q" : "158",
      "p" : "0.031482",
      "s" : "sell",
      "i" : "NRN_USD",
      "m" : "4611686018428156831"
    }, {
      "d" : "1756443864122294806",
      "t" : 1756443864122,
      "tn" : 1756443864122294806,
      "q" : "159",
      "p" : "0.031497",
      "s" : "sell",
      "i" : "NRN_USD",
      "m" : "4611686018428156830"
    }, {
      "d" : "1756443864122292276",
      "t" : 1756443864122,
      "tn" : 1756443864122292276,
      "q" : "159",
      "p" : "0.031512",
      "s" : "sell",
      "i" : "NRN_USD",
      "m" : "4611686018428156829"
    }, {
      "d" : "1756443864122289931",
      "t" : 1756443864122,
      "tn" : 1756443864122289931,
      "q" : "159",
      "p" : "0.031528",
      "s" : "sell",
      "i" : "NRN_USD",
      "m" : "4611686018428156828"
    }, {
      "d" : "1756430787479017975",
      "t" : 1756430787479,
      "tn" : 1756430787479017975,
      "q" : "157",
      "p" : "0.031543",
      "s" : "sell",
      "i" : "NRN_USD",
      "m" : "4611686018428156827"
    }, {
      "d" : "1756430787479015802",
      "t" : 1756430787479,
      "tn" : 1756430787479015802,
      "q" : "159",
      "p" : "0.031558",
      "s" : "sell",
      "i" : "NRN_USD",
      "m" : "4611686018428156826"
    }, {
      "d" : "1756430787479012871",
      "t" : 1756430787479,
      "tn" : 1756430787479012871,
      "q" : "159",
      "p" : "0.031574",
      "s" : "sell",
      "i" : "NRN_USD",
      "m" : "4611686018428156825"
    }, {
      "d" : "1756430787479010657",
      "t" : 1756430787479,
      "tn" : 1756430787479010657,
      "q" : "159",
      "p" : "0.031589",
      "s" : "sell",
      "i" : "NRN_USD",
      "m" : "4611686018428156824"
    }, {
      "d" : "1756430774459638279",
      "t" : 1756430774459,
      "tn" : 1756430774459638279,
      "q" : "157",
      "p" : "0.031604",
      "s" : "sell",
      "i" : "NRN_USD",
      "m" : "4611686018428156823"
    }, {
      "d" : "1756430774459636418",
      "t" : 1756430774459,
      "tn" : 1756430774459636418,
      "q" : "159",
      "p" : "0.031619",
      "s" : "sell",
      "i" : "NRN_USD",
      "m" : "4611686018428156822"
    }, {
      "d" : "1756430774459634175",
      "t" : 1756430774459,
      "tn" : 1756430774459634175,
      "q" : "159",
      "p" : "0.031635",
      "s" : "sell",
      "i" : "NRN_USD",
      "m" : "4611686018428156821"
    }, {
      "d" : "1756430774459631880",
      "t" : 1756430774459,
      "tn" : 1756430774459631880,
      "q" : "158",
      "p" : "0.031651",
      "s" : "sell",
      "i" : "NRN_USD",
      "m" : "4611686018428156820"
    }, {
      "d" : "1756430774459629225",
      "t" : 1756430774459,
      "tn" : 1756430774459629225,
      "q" : "158",
      "p" : "0.031667",
      "s" : "sell",
      "i" : "NRN_USD",
      "m" : "4611686018428156819"
    }, {
      "d" : "1756430536150239873",
      "t" : 1756430536150,
      "tn" : 1756430536150239873,
      "q" : "157",
      "p" : "0.031683",
      "s" : "sell",
      "i" : "NRN_USD",
      "m" : "4611686018428156818"
    }, {
      "d" : "1756430536150238201",
      "t" : 1756430536150,
      "tn" : 1756430536150238201,
      "q" : "158",
      "p" : "0.031699",
      "s" : "sell",
      "i" : "NRN_USD",
      "m" : "4611686018428156817"
    }, {
      "d" : "1756430536150235943",
      "t" : 1756430536150,
      "tn" : 1756430536150235943,
      "q" : "158",
      "p" : "0.031715",
      "s" : "sell",
      "i" : "NRN_USD",
      "m" : "4611686018428156816"
    }, {
      "d" : "1756430536150232739",
      "t" : 1756430536150,
      "tn" : 1756430536150232739,
      "q" : "158",
      "p" : "0.031731",
      "s" : "sell",
      "i" : "NRN_USD",
      "m" : "4611686018428156815"
    }, {
      "d" : "1756428814022292807",
      "t" : 1756428814022,
      "tn" : 1756428814022292807,
      "q" : "8",
      "p" : "0.031731",
      "s" : "sell",
      "i" : "NRN_USD",
      "m" : "4611686018428156814"
    }, {
      "d" : "1756428814022290756",
      "t" : 1756428814022,
      "tn" : 1756428814022290756,
      "q" : "158",
      "p" : "0.031747",
      "s" : "sell",
      "i" : "NRN_USD",
      "m" : "4611686018428156813"
    }, {
      "d" : "1756428814022288021",
      "t" : 1756428814022,
      "tn" : 1756428814022288021,
      "q" : "158",
      "p" : "0.031763",
      "s" : "sell",
      "i" : "NRN_USD",
      "m" : "4611686018428156812"
    }, {
      "d" : "1756428814022285596",
      "t" : 1756428814022,
      "tn" : 1756428814022285596,
      "q" : "158",
      "p" : "0.031779",
      "s" : "sell",
      "i" : "NRN_USD",
      "m" : "4611686018428156811"
    }, {
      "d" : "1756428814022282885",
      "t" : 1756428814022,
      "tn" : 1756428814022282885,
      "q" : "158",
      "p" : "0.031795",
      "s" : "sell",
      "i" : "NRN_USD",
      "m" : "4611686018428156810"
    }, {
      "d" : "1756427977396224526",
      "t" : 1756427977396,
      "tn" : 1756427977396224526,
      "q" : "150",
      "p" : "0.031811",
      "s" : "buy",
      "i" : "NRN_USD",
      "m" : "4611686018428156809"
    }, {
      "d" : "1756427977396222459",
      "t" : 1756427977396,
      "tn" : 1756427977396222459,
      "q" : "158",
      "p" : "0.031795",
      "s" : "buy",
      "i" : "NRN_USD",
      "m" : "4611686018428156808"
    }, {
      "d" : "1756427977396220250",
      "t" : 1756427977396,
      "tn" : 1756427977396220250,
      "q" : "158",
      "p" : "0.031779",
      "s" : "buy",
      "i" : "NRN_USD",
      "m" : "4611686018428156807"
    }, {
      "d" : "1756427977396217336",
      "t" : 1756427977396,
      "tn" : 1756427977396217336,
      "q" : "158",
      "p" : "0.031763",
      "s" : "buy",
      "i" : "NRN_USD",
      "m" : "4611686018428156806"
    }, {
      "d" : "1756427977396214939",
      "t" : 1756427977396,
      "tn" : 1756427977396214939,
      "q" : "158",
      "p" : "0.031747",
      "s" : "buy",
      "i" : "NRN_USD",
      "m" : "4611686018428156805"
    }, {
      "d" : "1756427977396212710",
      "t" : 1756427977396,
      "tn" : 1756427977396212710,
      "q" : "158",
      "p" : "0.031731",
      "s" : "buy",
      "i" : "NRN_USD",
      "m" : "4611686018428156804"
    }, {
      "d" : "1756427977396209282",
      "t" : 1756427977396,
      "tn" : 1756427977396209282,
      "q" : "158",
      "p" : "0.031715",
      "s" : "buy",
      "i" : "NRN_USD",
      "m" : "4611686018428156803"
    }, {
      "d" : "1756427977396207053",
      "t" : 1756427977396,
      "tn" : 1756427977396207053,
      "q" : "158",
      "p" : "0.031699",
      "s" : "buy",
      "i" : "NRN_USD",
      "m" : "4611686018428156802"
    }, {
      "d" : "1756427977396204756",
      "t" : 1756427977396,
      "tn" : 1756427977396204756,
      "q" : "158",
      "p" : "0.031683",
      "s" : "buy",
      "i" : "NRN_USD",
      "m" : "4611686018428156801"
    }, {
      "d" : "1756427977396202433",
      "t" : 1756427977396,
      "tn" : 1756427977396202433,
      "q" : "158",
      "p" : "0.031667",
      "s" : "buy",
      "i" : "NRN_USD",
      "m" : "4611686018428156800"
    }, {
      "d" : "1756426231775137985",
      "t" : 1756426231775,
      "tn" : 1756426231775137985,
      "q" : "155",
      "p" : "0.031651",
      "s" : "buy",
      "i" : "NRN_USD",
      "m" : "4611686018428156799"
    }, {
      "d" : "1756426231775136235",
      "t" : 1756426231775,
      "tn" : 1756426231775136235,
      "q" : "159",
      "p" : "0.031635",
      "s" : "buy",
      "i" : "NRN_USD",
      "m" : "4611686018428156798"
    }, {
      "d" : "1756426231775133055",
      "t" : 1756426231775,
      "tn" : 1756426231775133055,
      "q" : "159",
      "p" : "0.031619",
      "s" : "buy",
      "i" : "NRN_USD",
      "m" : "4611686018428156797"
    }, {
      "d" : "1756426231775130485",
      "t" : 1756426231775,
      "tn" : 1756426231775130485,
      "q" : "159",
      "p" : "0.031604",
      "s" : "buy",
      "i" : "NRN_USD",
      "m" : "4611686018428156796"
    }, {
      "d" : "1756424665620589234",
      "t" : 1756424665620,
      "tn" : 1756424665620589234,
      "q" : "153",
      "p" : "0.031589",
      "s" : "buy",
      "i" : "NRN_USD",
      "m" : "4611686018428156795"
    }, {
      "d" : "1756424665620587535",
      "t" : 1756424665620,
      "tn" : 1756424665620587535,
      "q" : "159",
      "p" : "0.031574",
      "s" : "buy",
      "i" : "NRN_USD",
      "m" : "4611686018428156794"
    }, {
      "d" : "1756424665620585305",
      "t" : 1756424665620,
      "tn" : 1756424665620585305,
      "q" : "159",
      "p" : "0.031558",
      "s" : "buy",
      "i" : "NRN_USD",
      "m" : "4611686018428156793"
    }, {
      "d" : "1756424665620582880",
      "t" : 1756424665620,
      "tn" : 1756424665620582880,
      "q" : "159",
      "p" : "0.031543",
      "s" : "buy",
      "i" : "NRN_USD",
      "m" : "4611686018428156792"
    }, {
      "d" : "1756424665620580535",
      "t" : 1756424665620,
      "tn" : 1756424665620580535,
      "q" : "159",
      "p" : "0.031528",
      "s" : "buy",
      "i" : "NRN_USD",
      "m" : "4611686018428156791"
    }, {
      "d" : "1756424665620578064",
      "t" : 1756424665620,
      "tn" : 1756424665620578064,
      "q" : "159",
      "p" : "0.031512",
      "s" : "buy",
      "i" : "NRN_USD",
      "m" : "4611686018428156790"
    }, {
      "d" : "1756424665620575653",
      "t" : 1756424665620,
      "tn" : 1756424665620575653,
      "q" : "159",
      "p" : "0.031497",
      "s" : "buy",
      "i" : "NRN_USD",
      "m" : "4611686018428156789"
    }, {
      "d" : "1756424665620573042",
      "t" : 1756424665620,
      "tn" : 1756424665620573042,
      "q" : "159",
      "p" : "0.031482",
      "s" : "buy",
      "i" : "NRN_USD",
      "m" : "4611686018428156788"
    }, {
      "d" : "1756422874235125791",
      "t" : 1756422874235,
      "tn" : 1756422874235125791,
      "q" : "138",
      "p" : "0.031466",
      "s" : "buy",
      "i" : "NRN_USD",
      "m" : "4611686018428156787"
    }, {
      "d" : "1756422874235124029",
      "t" : 1756422874235,
      "tn" : 1756422874235124029,
      "q" : "159",
      "p" : "0.031451",
      "s" : "buy",
      "i" : "NRN_USD",
      "m" : "4611686018428156786"
    }, {
      "d" : "1756422874235121663",
      "t" : 1756422874235,
      "tn" : 1756422874235121663,
      "q" : "160",
      "p" : "0.031436",
      "s" : "buy",
      "i" : "NRN_USD",
      "m" : "4611686018428156785"
    }, {
      "d" : "1756422874235119610",
      "t" : 1756422874235,
      "tn" : 1756422874235119610,
      "q" : "160",
      "p" : "0.031421",
      "s" : "buy",
      "i" : "NRN_USD",
      "m" : "4611686018428156784"
    }, {
      "d" : "1756422874235116293",
      "t" : 1756422874235,
      "tn" : 1756422874235116293,
      "q" : "160",
      "p" : "0.031405",
      "s" : "buy",
      "i" : "NRN_USD",
      "m" : "4611686018428156783"
    }, {
      "d" : "1756422874235114183",
      "t" : 1756422874235,
      "tn" : 1756422874235114183,
      "q" : "160",
      "p" : "0.031390",
      "s" : "buy",
      "i" : "NRN_USD",
      "m" : "4611686018428156782"
    }, {
      "d" : "1756422874235111696",
      "t" : 1756422874235,
      "tn" : 1756422874235111696,
      "q" : "160",
      "p" : "0.031375",
      "s" : "buy",
      "i" : "NRN_USD",
      "m" : "4611686018428156781"
    }, {
      "d" : "1756422874235109375",
      "t" : 1756422874235,
      "tn" : 1756422874235109375,
      "q" : "160",
      "p" : "0.031359",
      "s" : "buy",
      "i" : "NRN_USD",
      "m" : "4611686018428156780"
    }, {
      "d" : "1756422874235106400",
      "t" : 1756422874235,
      "tn" : 1756422874235106400,
      "q" : "160",
      "p" : "0.031344",
      "s" : "buy",
      "i" : "NRN_USD",
      "m" : "4611686018428156779"
    }, {
      "d" : "1756422874235104959",
      "t" : 1756422874235,
      "tn" : 1756422874235104959,
      "q" : "160",
      "p" : "0.031329",
      "s" : "buy",
      "i" : "NRN_USD",
      "m" : "4611686018428156778"
    }, {
      "d" : "1756422874235102596",
      "t" : 1756422874235,
      "tn" : 1756422874235102596,
      "q" : "160",
      "p" : "0.031313",
      "s" : "buy",
      "i" : "NRN_USD",
      "m" : "4611686018428156777"
    }, {
      "d" : "1756422874235098979",
      "t" : 1756422874235,
      "tn" : 1756422874235098979,
      "q" : "160",
      "p" : "0.031298",
      "s" : "buy",
      "i" : "NRN_USD",
      "m" : "4611686018428156776"
    }, {
      "d" : "1756422874235096526",
      "t" : 1756422874235,
      "tn" : 1756422874235096526,
      "q" : "160",
      "p" : "0.031283",
      "s" : "buy",
      "i" : "NRN_USD",
      "m" : "4611686018428156775"
    }, {
      "d" : "1756422874235094514",
      "t" : 1756422874235,
      "tn" : 1756422874235094514,
      "q" : "160",
      "p" : "0.031268",
      "s" : "buy",
      "i" : "NRN_USD",
      "m" : "4611686018428156774"
    }, {
      "d" : "1756422874235092244",
      "t" : 1756422874235,
      "tn" : 1756422874235092244,
      "q" : "160",
      "p" : "0.031252",
      "s" : "buy",
      "i" : "NRN_USD",
      "m" : "4611686018428156773"
    }, {
      "d" : "1756422874235089639",
      "t" : 1756422874235,
      "tn" : 1756422874235089639,
      "q" : "161",
      "p" : "0.031237",
      "s" : "buy",
      "i" : "NRN_USD",
      "m" : "4611686018428156772"
    }, {
      "d" : "1756422874235087391",
      "t" : 1756422874235,
      "tn" : 1756422874235087391,
      "q" : "161",
      "p" : "0.031222",
      "s" : "buy",
      "i" : "NRN_USD",
      "m" : "4611686018428156771"
    }, {
      "d" : "1756422874235084633",
      "t" : 1756422874235,
      "tn" : 1756422874235084633,
      "q" : "161",
      "p" : "0.031206",
      "s" : "buy",
      "i" : "NRN_USD",
      "m" : "4611686018428156770"
    }, {
      "d" : "1756422850806359492",
      "t" : 1756422850806,
      "tn" : 1756422850806359492,
      "q" : "158",
      "p" : "0.031190",
      "s" : "buy",
      "i" : "NRN_USD",
      "m" : "4611686018428156769"
    }, {
      "d" : "1756422850806357744",
      "t" : 1756422850806,
      "tn" : 1756422850806357744,
      "q" : "161",
      "p" : "0.031174",
      "s" : "buy",
      "i" : "NRN_USD",
      "m" : "4611686018428156768"
    }, {
      "d" : "1756422850806354917",
      "t" : 1756422850806,
      "tn" : 1756422850806354917,
      "q" : "161",
      "p" : "0.031158",
      "s" : "buy",
      "i" : "NRN_USD",
      "m" : "4611686018428156767"
    }, {
      "d" : "1756422850806352542",
      "t" : 1756422850806,
      "tn" : 1756422850806352542,
      "q" : "161",
      "p" : "0.031142",
      "s" : "buy",
      "i" : "NRN_USD",
      "m" : "4611686018428156766"
    }, {
      "d" : "1756422829985387759",
      "t" : 1756422829985,
      "tn" : 1756422829985387759,
      "q" : "158",
      "p" : "0.031126",
      "s" : "sell",
      "i" : "NRN_USD",
      "m" : "4611686018428156765"
    }, {
      "d" : "1756422829985385589",
      "t" : 1756422829985,
      "tn" : 1756422829985385589,
      "q" : "161",
      "p" : "0.031142",
      "s" : "sell",
      "i" : "NRN_USD",
      "m" : "4611686018428156764"
    }, {
      "d" : "1756422829985383370",
      "t" : 1756422829985,
      "tn" : 1756422829985383370,
      "q" : "161",
      "p" : "0.031158",
      "s" : "sell",
      "i" : "NRN_USD",
      "m" : "4611686018428156763"
    }, {
      "d" : "1756422829985382863",
      "t" : 1756422829985,
      "tn" : 1756422829985382863,
      "q" : "161",
      "p" : "0.031174",
      "s" : "sell",
      "i" : "NRN_USD",
      "m" : "4611686018428156762"
    }, {
      "d" : "1756422829985378772",
      "t" : 1756422829985,
      "tn" : 1756422829985378772,
      "q" : "161",
      "p" : "0.031190",
      "s" : "sell",
      "i" : "NRN_USD",
      "m" : "4611686018428156761"
    }, {
      "d" : "1756422829985376043",
      "t" : 1756422829985,
      "tn" : 1756422829985376043,
      "q" : "161",
      "p" : "0.031206",
      "s" : "sell",
      "i" : "NRN_USD",
      "m" : "4611686018428156760"
    }, {
      "d" : "1756422829985373938",
      "t" : 1756422829985,
      "tn" : 1756422829985373938,
      "q" : "161",
      "p" : "0.031222",
      "s" : "sell",
      "i" : "NRN_USD",
      "m" : "4611686018428156759"
    }, {
      "d" : "1756422829985371771",
      "t" : 1756422829985,
      "tn" : 1756422829985371771,
      "q" : "161",
      "p" : "0.031237",
      "s" : "sell",
      "i" : "NRN_USD",
      "m" : "4611686018428156758"
    }, {
      "d" : "1756422829930176791",
      "t" : 1756422829930,
      "tn" : 1756422829930176791,
      "q" : "160",
      "p" : "0.031252",
      "s" : "sell",
      "i" : "NRN_USD",
      "m" : "4611686018428156757"
    }, {
      "d" : "1756422829930170485",
      "t" : 1756422829930,
      "tn" : 1756422829930170485,
      "q" : "160",
      "p" : "0.031268",
      "s" : "sell",
      "i" : "NRN_USD",
      "m" : "4611686018428156756"
    }, {
      "d" : "1756422829930167871",
      "t" : 1756422829930,
      "tn" : 1756422829930167871,
      "q" : "160",
      "p" : "0.031283",
      "s" : "sell",
      "i" : "NRN_USD",
      "m" : "4611686018428156755"
    }, {
      "d" : "1756422829930165396",
      "t" : 1756422829930,
      "tn" : 1756422829930165396,
      "q" : "160",
      "p" : "0.031298",
      "s" : "sell",
      "i" : "NRN_USD",
      "m" : "4611686018428156754"
    }, {
      "d" : "1756422829930162917",
      "t" : 1756422829930,
      "tn" : 1756422829930162917,
      "q" : "160",
      "p" : "0.031313",
      "s" : "sell",
      "i" : "NRN_USD",
      "m" : "4611686018428156753"
    }, {
      "d" : "1756422829930160510",
      "t" : 1756422829930,
      "tn" : 1756422829930160510,
      "q" : "160",
      "p" : "0.031329",
      "s" : "sell",
      "i" : "NRN_USD",
      "m" : "4611686018428156752"
    }, {
      "d" : "1756422829930158509",
      "t" : 1756422829930,
      "tn" : 1756422829930158509,
      "q" : "160",
      "p" : "0.031344",
      "s" : "sell",
      "i" : "NRN_USD",
      "m" : "4611686018428156751"
    }, {
      "d" : "1756422829930157242",
      "t" : 1756422829930,
      "tn" : 1756422829930157242,
      "q" : "160",
      "p" : "0.031359",
      "s" : "sell",
      "i" : "NRN_USD",
      "m" : "4611686018428156750"
    }, {
      "d" : "1756422829930155450",
      "t" : 1756422829930,
      "tn" : 1756422829930155450,
      "q" : "160",
      "p" : "0.031375",
      "s" : "sell",
      "i" : "NRN_USD",
      "m" : "4611686018428156749"
    }, {
      "d" : "1756422829930151659",
      "t" : 1756422829930,
      "tn" : 1756422829930151659,
      "q" : "160",
      "p" : "0.031390",
      "s" : "sell",
      "i" : "NRN_USD",
      "m" : "4611686018428156748"
    }, {
      "d" : "1756422829930149178",
      "t" : 1756422829930,
      "tn" : 1756422829930149178,
      "q" : "160",
      "p" : "0.031405",
      "s" : "sell",
      "i" : "NRN_USD",
      "m" : "4611686018428156747"
    }, {
      "d" : "1756422829930146884",
      "t" : 1756422829930,
      "tn" : 1756422829930146884,
      "q" : "160",
      "p" : "0.031421",
      "s" : "sell",
      "i" : "NRN_USD",
      "m" : "4611686018428156746"
    }, {
      "d" : "1756422829930144744",
      "t" : 1756422829930,
      "tn" : 1756422829930144744,
      "q" : "160",
      "p" : "0.031436",
      "s" : "sell",
      "i" : "NRN_USD",
      "m" : "4611686018428156745"
    }, {
      "d" : "1756422829930142865",
      "t" : 1756422829930,
      "tn" : 1756422829930142865,
      "q" : "159",
      "p" : "0.031451",
      "s" : "sell",
      "i" : "NRN_USD",
      "m" : "4611686018428156744"
    }, {
      "d" : "1756422829930140247",
      "t" : 1756422829930,
      "tn" : 1756422829930140247,
      "q" : "159",
      "p" : "0.031466",
      "s" : "sell",
      "i" : "NRN_USD",
      "m" : "4611686018428156743"
    }, {
      "d" : "1756422829930138043",
      "t" : 1756422829930,
      "tn" : 1756422829930138043,
      "q" : "159",
      "p" : "0.031482",
      "s" : "sell",
      "i" : "NRN_USD",
      "m" : "4611686018428156742"
    }, {
      "d" : "1756422829930134375",
      "t" : 1756422829930,
      "tn" : 1756422829930134375,
      "q" : "2",
      "p" : "0.031497",
      "s" : "sell",
      "i" : "NRN_USD",
      "m" : "4611686018428156741"
    }, {
      "d" : "1756422827545288840",
      "t" : 1756422827545,
      "tn" : 1756422827545288840,
      "q" : "157",
      "p" : "0.031497",
      "s" : "sell",
      "i" : "NRN_USD",
      "m" : "4611686018428156740"
    }, {
      "d" : "1756422827545287044",
      "t" : 1756422827545,
      "tn" : 1756422827545287044,
      "q" : "159",
      "p" : "0.031512",
      "s" : "sell",
      "i" : "NRN_USD",
      "m" : "4611686018428156739"
    }, {
      "d" : "1756422827545284651",
      "t" : 1756422827545,
      "tn" : 1756422827545284651,
      "q" : "159",
      "p" : "0.031528",
      "s" : "sell",
      "i" : "NRN_USD",
      "m" : "4611686018428156738"
    }, {
      "d" : "1756422827545282343",
      "t" : 1756422827545,
      "tn" : 1756422827545282343,
      "q" : "159",
      "p" : "0.031543",
      "s" : "sell",
      "i" : "NRN_USD",
      "m" : "4611686018428156737"
    }, {
      "d" : "1756422827545279478",
      "t" : 1756422827545,
      "tn" : 1756422827545279478,
      "q" : "159",
      "p" : "0.031558",
      "s" : "sell",
      "i" : "NRN_USD",
      "m" : "4611686018428156736"
    }, {
      "d" : "1756422827545276567",
      "t" : 1756422827545,
      "tn" : 1756422827545276567,
      "q" : "159",
      "p" : "0.031574",
      "s" : "sell",
      "i" : "NRN_USD",
      "m" : "4611686018428156735"
    }, {
      "d" : "1756422827545274441",
      "t" : 1756422827545,
      "tn" : 1756422827545274441,
      "q" : "159",
      "p" : "0.031589",
      "s" : "sell",
      "i" : "NRN_USD",
      "m" : "4611686018428156734"
    }, {
      "d" : "1756422827545272015",
      "t" : 1756422827545,
      "tn" : 1756422827545272015,
      "q" : "159",
      "p" : "0.031604",
      "s" : "sell",
      "i" : "NRN_USD",
      "m" : "4611686018428156733"
    }, {
      "d" : "1756422695727875291",
      "t" : 1756422695727,
      "tn" : 1756422695727875291,
      "q" : "154",
      "p" : "0.031619",
      "s" : "buy",
      "i" : "NRN_USD",
      "m" : "4611686018428156732"
    }, {
      "d" : "1756422695727873580",
      "t" : 1756422695727,
      "tn" : 1756422695727873580,
      "q" : "159",
      "p" : "0.031604",
      "s" : "buy",
      "i" : "NRN_USD",
      "m" : "4611686018428156731"
    }, {
      "d" : "1756422695727870699",
      "t" : 1756422695727,
      "tn" : 1756422695727870699,
      "q" : "159",
      "p" : "0.031589",
      "s" : "buy",
      "i" : "NRN_USD",
      "m" : "4611686018428156730"
    }, {
      "d" : "1756422695727867932",
      "t" : 1756422695727,
      "tn" : 1756422695727867932,
      "q" : "159",
      "p" : "0.031574",
      "s" : "buy",
      "i" : "NRN_USD",
      "m" : "4611686018428156729"
    }, {
      "d" : "1756422695727865221",
      "t" : 1756422695727,
      "tn" : 1756422695727865221,
      "q" : "159",
      "p" : "0.031558",
      "s" : "buy",
      "i" : "NRN_USD",
      "m" : "4611686018428156728"
    }, {
      "d" : "1756422695727862515",
      "t" : 1756422695727,
      "tn" : 1756422695727862515,
      "q" : "159",
      "p" : "0.031543",
      "s" : "buy",
      "i" : "NRN_USD",
      "m" : "4611686018428156727"
    }, {
      "d" : "1756422553447777063",
      "t" : 1756422553447,
      "tn" : 1756422553447777063,
      "q" : "152",
      "p" : "0.031528",
      "s" : "sell",
      "i" : "NRN_USD",
      "m" : "4611686018428156726"
    }, {
      "d" : "1756422553447774763",
      "t" : 1756422553447,
      "tn" : 1756422553447774763,
      "q" : "159",
      "p" : "0.031543",
      "s" : "sell",
      "i" : "NRN_USD",
      "m" : "4611686018428156725"
    }, {
      "d" : "1756422553447772298",
      "t" : 1756422553447,
      "tn" : 1756422553447772298,
      "q" : "159",
      "p" : "0.031558",
      "s" : "sell",
      "i" : "NRN_USD",
      "m" : "4611686018428156724"
    }, {
      "d" : "1756422553447769951",
      "t" : 1756422553447,
      "tn" : 1756422553447769951,
      "q" : "159",
      "p" : "0.031574",
      "s" : "sell",
      "i" : "NRN_USD",
      "m" : "4611686018428156723"
    }, {
      "d" : "1756422553447767572",
      "t" : 1756422553447,
      "tn" : 1756422553447767572,
      "q" : "159",
      "p" : "0.031589",
      "s" : "sell",
      "i" : "NRN_USD",
      "m" : "4611686018428156722"
    }, {
      "d" : "1756422553447765123",
      "t" : 1756422553447,
      "tn" : 1756422553447765123,
      "q" : "5",
      "p" : "0.031604",
      "s" : "sell",
      "i" : "NRN_USD",
      "m" : "4611686018428156721"
    }, {
      "d" : "1756422553373893215",
      "t" : 1756422553373,
      "tn" : 1756422553373893215,
      "q" : "154",
      "p" : "0.031604",
      "s" : "sell",
      "i" : "NRN_USD",
      "m" : "4611686018428156720"
    }, {
      "d" : "1756422553373892640",
      "t" : 1756422553373,
      "tn" : 1756422553373892640,
      "q" : "159",
      "p" : "0.031619",
      "s" : "sell",
      "i" : "NRN_USD",
      "m" : "4611686018428156719"
    }, {
      "d" : "1756422553373889010",
      "t" : 1756422553373,
      "tn" : 1756422553373889010,
      "q" : "159",
      "p" : "0.031635",
      "s" : "sell",
      "i" : "NRN_USD",
      "m" : "4611686018428156718"
    }, {
      "d" : "1756422553373887084",
      "t" : 1756422553373,
      "tn" : 1756422553373887084,
      "q" : "158",
      "p" : "0.031651",
      "s" : "sell",
      "i" : "NRN_USD",
      "m" : "4611686018428156717"
    }, {
      "d" : "1756422553373884784",
      "t" : 1756422553373,
      "tn" : 1756422553373884784,
      "q" : "158",
      "p" : "0.031667",
      "s" : "sell",
      "i" : "NRN_USD",
      "m" : "4611686018428156716"
    }, {
      "d" : "1756422553373882252",
      "t" : 1756422553373,
      "tn" : 1756422553373882252,
      "q" : "158",
      "p" : "0.031683",
      "s" : "sell",
      "i" : "NRN_USD",
      "m" : "4611686018428156715"
    }, {
      "d" : "1756422553373879611",
      "t" : 1756422553373,
      "tn" : 1756422553373879611,
      "q" : "158",
      "p" : "0.031699",
      "s" : "sell",
      "i" : "NRN_USD",
      "m" : "4611686018428156714"
    }, {
      "d" : "1756422553373877353",
      "t" : 1756422553373,
      "tn" : 1756422553373877353,
      "q" : "158",
      "p" : "0.031715",
      "s" : "sell",
      "i" : "NRN_USD",
      "m" : "4611686018428156713"
    }, {
      "d" : "1756422553373874496",
      "t" : 1756422553373,
      "tn" : 1756422553373874496,
      "q" : "4",
      "p" : "0.031731",
      "s" : "sell",
      "i" : "NRN_USD",
      "m" : "4611686018428156712"
    }, {
      "d" : "1756422548134697106",
      "t" : 1756422548134,
      "tn" : 1756422548134697106,
      "q" : "154",
      "p" : "0.031731",
      "s" : "sell",
      "i" : "NRN_USD",
      "m" : "4611686018428156711"
    }, {
      "d" : "1756422548134694964",
      "t" : 1756422548134,
      "tn" : 1756422548134694964,
      "q" : "158",
      "p" : "0.031747",
      "s" : "sell",
      "i" : "NRN_USD",
      "m" : "4611686018428156710"
    }, {
      "d" : "1756422548134692600",
      "t" : 1756422548134,
      "tn" : 1756422548134692600,
      "q" : "158",
      "p" : "0.031763",
      "s" : "sell",
      "i" : "NRN_USD",
      "m" : "4611686018428156709"
    }, {
      "d" : "1756422548134690418",
      "t" : 1756422548134,
      "tn" : 1756422548134690418,
      "q" : "158",
      "p" : "0.031779",
      "s" : "sell",
      "i" : "NRN_USD",
      "m" : "4611686018428156708"
    }, {
      "d" : "1756422548134688420",
      "t" : 1756422548134,
      "tn" : 1756422548134688420,
      "q" : "2",
      "p" : "0.031795",
      "s" : "sell",
      "i" : "NRN_USD",
      "m" : "4611686018428156707"
    }, {
      "d" : "1756422548054300410",
      "t" : 1756422548054,
      "tn" : 1756422548054300410,
      "q" : "156",
      "p" : "0.031795",
      "s" : "sell",
      "i" : "NRN_USD",
      "m" : "4611686018428156706"
    }, {
      "d" : "1756422548054298758",
      "t" : 1756422548054,
      "tn" : 1756422548054298758,
      "q" : "158",
      "p" : "0.031811",
      "s" : "sell",
      "i" : "NRN_USD",
      "m" : "4611686018428156705"
    }, {
      "d" : "1756422548054296285",
      "t" : 1756422548054,
      "tn" : 1756422548054296285,
      "q" : "158",
      "p" : "0.031827",
      "s" : "sell",
      "i" : "NRN_USD",
      "m" : "4611686018428156704"
    }, {
      "d" : "1756422548054294295",
      "t" : 1756422548054,
      "tn" : 1756422548054294295,
      "q" : "158",
      "p" : "0.031843",
      "s" : "sell",
      "i" : "NRN_USD",
      "m" : "4611686018428156703"
    } ]
  }
}