{
  "id" : -1,
  "method" : "public/get-trades",
  "code" : 0,
  "result" : {
    "data" : [ {
      "d" : "1756461040627026109",
      "t" : 1756461040627,
      "tn" : 1756461040627026109,
      "q" : "191.6",
      "p" : "0.1062",
      "s" : "buy",
      "i" : "NTRN_USD",
      "m" : "4611686018428264329"
    }, {
      "d" : "1756459876732485584",
      "t" : 1756459876732,
      "tn" : 1756459876732485584,
      "q" : "189.6",
      "p" : "0.1055",
      "s" : "buy",
      "i" : "NTRN_USD",
      "m" : "4611686018428264328"
    }, {
      "d" : "1756459240388929141",
      "t" : 1756459240388,
      "tn" : 1756459240388929141,
      "q" : "194.7",
      "p" : "0.1056",
      "s" : "sell",
      "i" : "NTRN_USD",
      "m" : "4611686018428264327"
    }, {
      "d" : "1756458723192198575",
      "t" : 1756458723192,
      "tn" : 1756458723192198575,
      "q" : "120.3",
      "p" : "0.1054",
      "s" : "buy",
      "i" : "NTRN_USD",
      "m" : "4611686018428264326"
    }, {
      "d" : "1756458167302981287",
      "t" : 1756458167302,
      "tn" : 1756458167302981287,
      "q" : "776.0",
      "p" : "0.1049",
      "s" : "sell",
      "i" : "NTRN_USD",
      "m" : "4611686018428264325"
    }, {
      "d" : "1756458155611006478",
      "t" : 1756458155611,
      "tn" : 1756458155611006478,
      "q" : "3958.4",
      "p" : "0.1053",
      "s" : "sell",
      "i" : "NTRN_USD",
      "m" : "4611686018428264324"
    }, {
      "d" : "1756458049760967932",
      "t" : 1756458049760,
      "tn" : 1756458049760967932,
      "q" : "2712.2",
      "p" : "0.1058",
      "s" : "sell",
      "i" : "NTRN_USD",
      "m" : "4611686018428264323"
    }, {
      "d" : "1756457506598934832",
      "t" : 1756457506598,
      "tn" : 1756457506598934831,
      "q" : "582.1",
      "p" : "0.1061",
      "s" : "sell",
      "i" : "NTRN_USD",
      "m" : "4611686018428264322"
    }, {
      "d" : "1756457506598934831",
      "t" : 1756457506598,
      "tn" : 1756457506598934831,
      "q" : "5722.2",
      "p" : "0.1061",
      "s" : "sell",
      "i" : "NTRN_USD",
      "m" : "4611686018428264322"
    }, {
      "d" : "1756457506598928779",
      "t" : 1756457506598,
      "tn" : 1756457506598928779,
      "q" : "190.9",
      "p" : "0.1064",
      "s" : "sell",
      "i" : "NTRN_USD",
      "m" : "4611686018428264321"
    }, {
      "d" : "1756457504280009039",
      "t" : 1756457504280,
      "tn" : 1756457504280009039,
      "q" : "190.4",
      "p" : "0.1065",
      "s" : "sell",
      "i" : "NTRN_USD",
      "m" : "4611686018428264320"
    }, {
      "d" : "1756457385486659565",
      "t" : 1756457385486,
      "tn" : 1756457385486659565,
      "q" : "198.2",
      "p" : "0.1065",
      "s" : "sell",
      "i" : "NTRN_USD",
      "m" : "4611686018428264319"
    }, {
      "d" : "1756457385477018183",
      "t" : 1756457385477,
      "tn" : 1756457385477018183,
      "q" : "198.0",
      "p" : "0.1066",
      "s" : "sell",
      "i" : "NTRN_USD",
      "m" : "4611686018428264318"
    }, {
      "d" : "1756457363450897771",
      "t" : 1756457363450,
      "tn" : 1756457363450897771,
      "q" : "197.7",
      "p" : "0.1066",
      "s" : "sell",
      "i" : "NTRN_USD",
      "m" : "4611686018428264317"
    }, {
      "d" : "1756457363439930656",
      "t" : 1756457363439,
      "tn" : 1756457363439930656,
      "q" : "190.5",
      "p" : "0.1066",
      "s" : "sell",
      "i" : "NTRN_USD",
      "m" : "4611686018428264316"
    }, {
      "d" : "1756457357272921024",
      "t" : 1756457357272,
      "tn" : 1756457357272921024,
      "q" : "192.0",
      "p" : "0.1067",
      "s" : "sell",
      "i" : "NTRN_USD",
      "m" : "4611686018428264315"
    }, {
      "d" : "1756457308044930613",
      "t" : 1756457308044,
      "tn" : 1756457308044930613,
      "q" : "199.8",
      "p" : "0.1066",
      "s" : "sell",
      "i" : "NTRN_USD",
      "m" : "4611686018428264314"
    }, {
      "d" : "1756457308037223484",
      "t" : 1756457308037,
      "tn" : 1756457308037223484,
      "q" : "195.0",
      "p" : "0.1066",
      "s" : "sell",
      "i" : "NTRN_USD",
      "m" : "4611686018428264313"
    }, {
      "d" : "1756457295074069153",
      "t" : 1756457295074,
      "tn" : 1756457295074069153,
      "q" : "197.1",
      "p" : "0.1068",
      "s" : "sell",
      "i" : "NTRN_USD",
      "m" : "4611686018428264312"
    }, {
      "d" : "1756457163605272606",
      "t" : 1756457163605,
      "tn" : 1756457163605272606,
      "q" : "195.4",
      "p" : "0.1070",
      "s" : "sell",
      "i" : "NTRN_USD",
      "m" : "4611686018428264311"
    }, {
      "d" : "1756457150797066712",
      "t" : 1756457150797,
      "tn" : 1756457150797066712,
      "q" : "197.3",
      "p" : "0.1071",
      "s" : "sell",
      "i" : "NTRN_USD",
      "m" : "4611686018428264310"
    }, {
      "d" : "1756456970396996189",
      "t" : 1756456970396,
      "tn" : 1756456970396996189,
      "q" : "194.9",
      "p" : "0.1072",
      "s" : "sell",
      "i" : "NTRN_USD",
      "m" : "4611686018428264309"
    }, {
      "d" : "1756456942533227694",
      "t" : 1756456942533,
      "tn" : 1756456942533227694,
      "q" : "195.3",
      "p" : "0.1073",
      "s" : "sell",
      "i" : "NTRN_USD",
      "m" : "4611686018428264308"
    }, {
      "d" : "1756456496434032778",
      "t" : 1756456496434,
      "tn" : 1756456496434032778,
      "q" : "196.4",
      "p" : "0.1075",
      "s" : "sell",
      "i" : "NTRN_USD",
      "m" : "4611686018428264307"
    }, {
      "d" : "1756456368953044678",
      "t" : 1756456368953,
      "tn" : 1756456368953044678,
      "q" : "198.2",
      "p" : "0.1074",
      "s" : "sell",
      "i" : "NTRN_USD",
      "m" : "4611686018428264306"
    }, {
      "d" : "1756456340101076219",
      "t" : 1756456340101,
      "tn" : 1756456340101076219,
      "q" : "198.8",
      "p" : "0.1078",
      "s" : "sell",
      "i" : "NTRN_USD",
      "m" : "4611686018428264305"
    }, {
      "d" : "1756456336522131732",
      "t" : 1756456336522,
      "tn" : 1756456336522131732,
      "q" : "194.2",
      "p" : "0.1079",
      "s" : "sell",
      "i" : "NTRN_USD",
      "m" : "4611686018428264304"
    }, {
      "d" : "1756456269074219570",
      "t" : 1756456269074,
      "tn" : 1756456269074219570,
      "q" : "197.1",
      "p" : "0.1073",
      "s" : "sell",
      "i" : "NTRN_USD",
      "m" : "4611686018428264303"
    }, {
      "d" : "1756456266921812018",
      "t" : 1756456266921,
      "tn" : 1756456266921812018,
      "q" : "192.2",
      "p" : "0.1074",
      "s" : "sell",
      "i" : "NTRN_USD",
      "m" : "4611686018428264302"
    }, {
      "d" : "1756456266911023174",
      "t" : 1756456266911,
      "tn" : 1756456266911023174,
      "q" : "192.2",
      "p" : "0.1074",
      "s" : "sell",
      "i" : "NTRN_USD",
      "m" : "4611686018428264301"
    }, {
      "d" : "1756456011146493497",
      "t" : 1756456011146,
      "tn" : 1756456011146493497,
      "q" : "190.4",
      "p" : "0.1073",
      "s" : "sell",
      "i" : "NTRN_USD",
      "m" : "4611686018428264300"
    }, {
      "d" : "1756455973353032090",
      "t" : 1756455973353,
      "tn" : 1756455973353032090,
      "q" : "192.4",
      "p" : "0.1074",
      "s" : "sell",
      "i" : "NTRN_USD",
      "m" : "4611686018428264299"
    }, {
      "d" : "1756455952348178172",
      "t" : 1756455952348,
      "tn" : 1756455952348178172,
      "q" : "191.1",
      "p" : "0.1072",
      "s" : "sell",
      "i" : "NTRN_USD",
      "m" : "4611686018428264298"
    }, {
      "d" : "1756455936392723687",
      "t" : 1756455936392,
      "tn" : 1756455936392723686,
      "q" : "241.7",
      "p" : "0.1068",
      "s" : "sell",
      "i" : "NTRN_USD",
      "m" : "4611686018428264297"
    }, {
      "d" : "1756455936392723686",
      "t" : 1756455936392,
      "tn" : 1756455936392723686,
      "q" : "11853.0",
      "p" : "0.1068",
      "s" : "sell",
      "i" : "NTRN_USD",
      "m" : "4611686018428264297"
    }, {
      "d" : "1756455864114782184",
      "t" : 1756455864114,
      "tn" : 1756455864114782184,
      "q" : "193.3",
      "p" : "0.1070",
      "s" : "sell",
      "i" : "NTRN_USD",
      "m" : "4611686018428264296"
    }, {
      "d" : "1756455789949512381",
      "t" : 1756455789949,
      "tn" : 1756455789949512381,
      "q" : "192.2",
      "p" : "0.1072",
      "s" : "sell",
      "i" : "NTRN_USD",
      "m" : "4611686018428264295"
    }, {
      "d" : "1756455715474892721",
      "t" : 1756455715474,
      "tn" : 1756455715474892721,
      "q" : "190.1",
      "p" : "0.1075",
      "s" : "sell",
      "i" : "NTRN_USD",
      "m" : "4611686018428264294"
    }, {
      "d" : "1756455641309778368",
      "t" : 1756455641309,
      "tn" : 1756455641309778368,
      "q" : "196.3",
      "p" : "0.1074",
      "s" : "sell",
      "i" : "NTRN_USD",
      "m" : "4611686018428264293"
    }, {
      "d" : "1756455591332973551",
      "t" : 1756455591332,
      "tn" : 1756455591332973551,
      "q" : "7900.5",
      "p" : "0.1077",
      "s" : "sell",
      "i" : "NTRN_USD",
      "m" : "4611686018428264292"
    }, {
      "d" : "1756455591330489645",
      "t" : 1756455591330,
      "tn" : 1756455591330489645,
      "q" : "196.1",
      "p" : "0.1077",
      "s" : "buy",
      "i" : "NTRN_USD",
      "m" : "4611686018428264291"
    }, {
      "d" : "1756455565776580435",
      "t" : 1756455565776,
      "tn" : 1756455565776580435,
      "q" : "191.0",
      "p" : "0.1076",
      "s" : "sell",
      "i" : "NTRN_USD",
      "m" : "4611686018428264290"
    }, {
      "d" : "1756455490808345292",
      "t" : 1756455490808,
      "tn" : 1756455490808345292,
      "q" : "199.8",
      "p" : "0.1076",
      "s" : "sell",
      "i" : "NTRN_USD",
      "m" : "4611686018428264289"
    }, {
      "d" : "1756455452257099933",
      "t" : 1756455452257,
      "tn" : 1756455452257099933,
      "q" : "191.2",
      "p" : "0.1076",
      "s" : "sell",
      "i" : "NTRN_USD",
      "m" : "4611686018428264288"
    }, {
      "d" : "1756455435113086976",
      "t" : 1756455435113,
      "tn" : 1756455435113086976,
      "q" : "194.5",
      "p" : "0.1076",
      "s" : "sell",
      "i" : "NTRN_USD",
      "m" : "4611686018428264287"
    }, {
      "d" : "1756455421694837821",
      "t" : 1756455421694,
      "tn" : 1756455421694837821,
      "q" : "195.5",
      "p" : "0.1076",
      "s" : "sell",
      "i" : "NTRN_USD",
      "m" : "4611686018428264286"
    }, {
      "d" : "1756455416268243686",
      "t" : 1756455416268,
      "tn" : 1756455416268243686,
      "q" : "193.6",
      "p" : "0.1077",
      "s" : "sell",
      "i" : "NTRN_USD",
      "m" : "4611686018428264285"
    }, {
      "d" : "1756455379444996562",
      "t" : 1756455379444,
      "tn" : 1756455379444996562,
      "q" : "197.9",
      "p" : "0.1079",
      "s" : "sell",
      "i" : "NTRN_USD",
      "m" : "4611686018428264284"
    }, {
      "d" : "1756455359077280354",
      "t" : 1756455359077,
      "tn" : 1756455359077280354,
      "q" : "195.2",
      "p" : "0.1078",
      "s" : "sell",
      "i" : "NTRN_USD",
      "m" : "4611686018428264283"
    }, {
      "d" : "1756455354221983103",
      "t" : 1756455354221,
      "tn" : 1756455354221983103,
      "q" : "198.4",
      "p" : "0.1079",
      "s" : "sell",
      "i" : "NTRN_USD",
      "m" : "4611686018428264282"
    }, {
      "d" : "1756455329537224701",
      "t" : 1756455329537,
      "tn" : 1756455329537224701,
      "q" : "199.1",
      "p" : "0.1077",
      "s" : "sell",
      "i" : "NTRN_USD",
      "m" : "4611686018428264281"
    }, {
      "d" : "1756455314890239666",
      "t" : 1756455314890,
      "tn" : 1756455314890239666,
      "q" : "198.6",
      "p" : "0.1079",
      "s" : "sell",
      "i" : "NTRN_USD",
      "m" : "4611686018428264280"
    }, {
      "d" : "1756455252434277325",
      "t" : 1756455252434,
      "tn" : 1756455252434277325,
      "q" : "196.6",
      "p" : "0.1078",
      "s" : "sell",
      "i" : "NTRN_USD",
      "m" : "4611686018428264279"
    }, {
      "d" : "1756455246531234476",
      "t" : 1756455246531,
      "tn" : 1756455246531234476,
      "q" : "196.5",
      "p" : "0.1078",
      "s" : "sell",
      "i" : "NTRN_USD",
      "m" : "4611686018428264278"
    }, {
      "d" : "1756455174799929944",
      "t" : 1756455174799,
      "tn" : 1756455174799929944,
      "q" : "191.0",
      "p" : "0.1078",
      "s" : "sell",
      "i" : "NTRN_USD",
      "m" : "4611686018428264277"
    }, {
      "d" : "1756455103126694530",
      "t" : 1756455103126,
      "tn" : 1756455103126694530,
      "q" : "199.7",
      "p" : "0.1079",
      "s" : "sell",
      "i" : "NTRN_USD",
      "m" : "4611686018428264276"
    }, {
      "d" : "1756455095107900317",
      "t" : 1756455095107,
      "tn" : 1756455095107900317,
      "q" : "194.6",
      "p" : "0.1080",
      "s" : "sell",
      "i" : "NTRN_USD",
      "m" : "4611686018428264275"
    }, {
      "d" : "1756455031661164058",
      "t" : 1756455031661,
      "tn" : 1756455031661164058,
      "q" : "103.0",
      "p" : "0.1078",
      "s" : "sell",
      "i" : "NTRN_USD",
      "m" : "4611686018428264274"
    }, {
      "d" : "1756454988530960727",
      "t" : 1756454988530,
      "tn" : 1756454988530960727,
      "q" : "195.5",
      "p" : "0.1081",
      "s" : "sell",
      "i" : "NTRN_USD",
      "m" : "4611686018428264273"
    }, {
      "d" : "1756454959633311312",
      "t" : 1756454959633,
      "tn" : 1756454959633311312,
      "q" : "191.5",
      "p" : "0.1080",
      "s" : "sell",
      "i" : "NTRN_USD",
      "m" : "4611686018428264272"
    }, {
      "d" : "1756454926851008089",
      "t" : 1756454926851,
      "tn" : 1756454926851008089,
      "q" : "195.0",
      "p" : "0.1081",
      "s" : "sell",
      "i" : "NTRN_USD",
      "m" : "4611686018428264271"
    }, {
      "d" : "1756454907543979704",
      "t" : 1756454907543,
      "tn" : 1756454907543979704,
      "q" : "191.6",
      "p" : "0.1082",
      "s" : "sell",
      "i" : "NTRN_USD",
      "m" : "4611686018428264270"
    }, {
      "d" : "1756454887775674710",
      "t" : 1756454887775,
      "tn" : 1756454887775674710,
      "q" : "192.3",
      "p" : "0.1084",
      "s" : "sell",
      "i" : "NTRN_USD",
      "m" : "4611686018428264269"
    }, {
      "d" : "1756454825670732528",
      "t" : 1756454825670,
      "tn" : 1756454825670732528,
      "q" : "193.9",
      "p" : "0.1085",
      "s" : "sell",
      "i" : "NTRN_USD",
      "m" : "4611686018428264268"
    }, {
      "d" : "1756454815515764042",
      "t" : 1756454815515,
      "tn" : 1756454815515764042,
      "q" : "199.0",
      "p" : "0.1084",
      "s" : "sell",
      "i" : "NTRN_USD",
      "m" : "4611686018428264267"
    }, {
      "d" : "1756454800670848383",
      "t" : 1756454800670,
      "tn" : 1756454800670848383,
      "q" : "196.8",
      "p" : "0.1083",
      "s" : "sell",
      "i" : "NTRN_USD",
      "m" : "4611686018428264266"
    }, {
      "d" : "1756454773073065606",
      "t" : 1756454773073,
      "tn" : 1756454773073065606,
      "q" : "190.1",
      "p" : "0.1086",
      "s" : "sell",
      "i" : "NTRN_USD",
      "m" : "4611686018428264265"
    }, {
      "d" : "1756454765680869983",
      "t" : 1756454765680,
      "tn" : 1756454765680869983,
      "q" : "195.7",
      "p" : "0.1086",
      "s" : "sell",
      "i" : "NTRN_USD",
      "m" : "4611686018428264264"
    }, {
      "d" : "1756454765670963236",
      "t" : 1756454765670,
      "tn" : 1756454765670963236,
      "q" : "193.7",
      "p" : "0.1086",
      "s" : "sell",
      "i" : "NTRN_USD",
      "m" : "4611686018428264263"
    }, {
      "d" : "1756454743699317742",
      "t" : 1756454743699,
      "tn" : 1756454743699317742,
      "q" : "194.7",
      "p" : "0.1086",
      "s" : "sell",
      "i" : "NTRN_USD",
      "m" : "4611686018428264262"
    }, {
      "d" : "1756454741323235394",
      "t" : 1756454741323,
      "tn" : 1756454741323235394,
      "q" : "197.2",
      "p" : "0.1087",
      "s" : "sell",
      "i" : "NTRN_USD",
      "m" : "4611686018428264261"
    }, {
      "d" : "1756454671696721958",
      "t" : 1756454671696,
      "tn" : 1756454671696721958,
      "q" : "193.5",
      "p" : "0.1085",
      "s" : "sell",
      "i" : "NTRN_USD",
      "m" : "4611686018428264260"
    }, {
      "d" : "1756454665102420764",
      "t" : 1756454665102,
      "tn" : 1756454665102420764,
      "q" : "195.7",
      "p" : "0.1087",
      "s" : "sell",
      "i" : "NTRN_USD",
      "m" : "4611686018428264259"
    }, {
      "d" : "1756454658809186396",
      "t" : 1756454658809,
      "tn" : 1756454658809186396,
      "q" : "196.6",
      "p" : "0.1088",
      "s" : "sell",
      "i" : "NTRN_USD",
      "m" : "4611686018428264258"
    }, {
      "d" : "1756454651042163383",
      "t" : 1756454651042,
      "tn" : 1756454651042163383,
      "q" : "568.2",
      "p" : "0.1083",
      "s" : "sell",
      "i" : "NTRN_USD",
      "m" : "4611686018428264257"
    }, {
      "d" : "1756454651042161894",
      "t" : 1756454651042,
      "tn" : 1756454651042161894,
      "q" : "197.7",
      "p" : "0.1086",
      "s" : "sell",
      "i" : "NTRN_USD",
      "m" : "4611686018428264256"
    }, {
      "d" : "1756454651039816362",
      "t" : 1756454651039,
      "tn" : 1756454651039816362,
      "q" : "190.6",
      "p" : "0.1086",
      "s" : "sell",
      "i" : "NTRN_USD",
      "m" : "4611686018428264255"
    }, {
      "d" : "1756454598768892656",
      "t" : 1756454598768,
      "tn" : 1756454598768892656,
      "q" : "190.2",
      "p" : "0.1088",
      "s" : "sell",
      "i" : "NTRN_USD",
      "m" : "4611686018428264254"
    }, {
      "d" : "1756454526980271391",
      "t" : 1756454526980,
      "tn" : 1756454526980271391,
      "q" : "192.2",
      "p" : "0.1086",
      "s" : "sell",
      "i" : "NTRN_USD",
      "m" : "4611686018428264253"
    }, {
      "d" : "1756454494793031282",
      "t" : 1756454494793,
      "tn" : 1756454494793031282,
      "q" : "191.3",
      "p" : "0.1088",
      "s" : "sell",
      "i" : "NTRN_USD",
      "m" : "4611686018428264252"
    }, {
      "d" : "1756454462536227885",
      "t" : 1756454462536,
      "tn" : 1756454462536227885,
      "q" : "190.0",
      "p" : "0.1089",
      "s" : "sell",
      "i" : "NTRN_USD",
      "m" : "4611686018428264251"
    }, {
      "d" : "1756454451815523675",
      "t" : 1756454451815,
      "tn" : 1756454451815523675,
      "q" : "194.0",
      "p" : "0.1091",
      "s" : "sell",
      "i" : "NTRN_USD",
      "m" : "4611686018428264250"
    }, {
      "d" : "1756454451805763269",
      "t" : 1756454451805,
      "tn" : 1756454451805763269,
      "q" : "197.7",
      "p" : "0.1091",
      "s" : "sell",
      "i" : "NTRN_USD",
      "m" : "4611686018428264249"
    }, {
      "d" : "1756454425761200631",
      "t" : 1756454425761,
      "tn" : 1756454425761200631,
      "q" : "193.8",
      "p" : "0.1088",
      "s" : "sell",
      "i" : "NTRN_USD",
      "m" : "4611686018428264248"
    }, {
      "d" : "1756454407903898879",
      "t" : 1756454407903,
      "tn" : 1756454407903898879,
      "q" : "190.1",
      "p" : "0.1090",
      "s" : "sell",
      "i" : "NTRN_USD",
      "m" : "4611686018428264247"
    }, {
      "d" : "1756454403190153577",
      "t" : 1756454403190,
      "tn" : 1756454403190153577,
      "q" : "190.1",
      "p" : "0.1089",
      "s" : "sell",
      "i" : "NTRN_USD",
      "m" : "4611686018428264246"
    }, {
      "d" : "1756454335599354692",
      "t" : 1756454335599,
      "tn" : 1756454335599354692,
      "q" : "190.3",
      "p" : "0.1088",
      "s" : "sell",
      "i" : "NTRN_USD",
      "m" : "4611686018428264245"
    }, {
      "d" : "1756454290580611390",
      "t" : 1756454290580,
      "tn" : 1756454290580611390,
      "q" : "194.0",
      "p" : "0.1090",
      "s" : "sell",
      "i" : "NTRN_USD",
      "m" : "4611686018428264244"
    }, {
      "d" : "1756454290572713067",
      "t" : 1756454290572,
      "tn" : 1756454290572713067,
      "q" : "195.1",
      "p" : "0.1091",
      "s" : "sell",
      "i" : "NTRN_USD",
      "m" : "4611686018428264243"
    }, {
      "d" : "1756454233683643810",
      "t" : 1756454233683,
      "tn" : 1756454233683643810,
      "q" : "190.8",
      "p" : "0.1092",
      "s" : "sell",
      "i" : "NTRN_USD",
      "m" : "4611686018428264242"
    }, {
      "d" : "1756454159809755911",
      "t" : 1756454159809,
      "tn" : 1756454159809755911,
      "q" : "255.5",
      "p" : "0.1087",
      "s" : "sell",
      "i" : "NTRN_USD",
      "m" : "4611686018428264241"
    }, {
      "d" : "1756454159809752862",
      "t" : 1756454159809,
      "tn" : 1756454159809752862,
      "q" : "196.5",
      "p" : "0.1089",
      "s" : "sell",
      "i" : "NTRN_USD",
      "m" : "4611686018428264240"
    }, {
      "d" : "1756454158804063735",
      "t" : 1756454158804,
      "tn" : 1756454158804063735,
      "q" : "190.5",
      "p" : "0.1089",
      "s" : "sell",
      "i" : "NTRN_USD",
      "m" : "4611686018428264239"
    }, {
      "d" : "1756454148348126399",
      "t" : 1756454148348,
      "tn" : 1756454148348126399,
      "q" : "198.5",
      "p" : "0.1091",
      "s" : "sell",
      "i" : "NTRN_USD",
      "m" : "4611686018428264238"
    }, {
      "d" : "1756454134723705482",
      "t" : 1756454134723,
      "tn" : 1756454134723705482,
      "q" : "199.7",
      "p" : "0.1093",
      "s" : "sell",
      "i" : "NTRN_USD",
      "m" : "4611686018428264237"
    }, {
      "d" : "1756454127292794151",
      "t" : 1756454127292,
      "tn" : 1756454127292794151,
      "q" : "191.9",
      "p" : "0.1094",
      "s" : "sell",
      "i" : "NTRN_USD",
      "m" : "4611686018428264236"
    }, {
      "d" : "1756454085256394648",
      "t" : 1756454085256,
      "tn" : 1756454085256394648,
      "q" : "192.0",
      "p" : "0.1094",
      "s" : "sell",
      "i" : "NTRN_USD",
      "m" : "4611686018428264235"
    }, {
      "d" : "1756454011607736685",
      "t" : 1756454011607,
      "tn" : 1756454011607736685,
      "q" : "199.6",
      "p" : "0.1094",
      "s" : "sell",
      "i" : "NTRN_USD",
      "m" : "4611686018428264234"
    }, {
      "d" : "1756453943434150564",
      "t" : 1756453943434,
      "tn" : 1756453943434150564,
      "q" : "190.3",
      "p" : "0.1094",
      "s" : "sell",
      "i" : "NTRN_USD",
      "m" : "4611686018428264233"
    }, {
      "d" : "1756453938716386170",
      "t" : 1756453938716,
      "tn" : 1756453938716386170,
      "q" : "196.7",
      "p" : "0.1095",
      "s" : "sell",
      "i" : "NTRN_USD",
      "m" : "4611686018428264232"
    }, {
      "d" : "1756453914202707824",
      "t" : 1756453914202,
      "tn" : 1756453914202707824,
      "q" : "191.1",
      "p" : "0.1095",
      "s" : "sell",
      "i" : "NTRN_USD",
      "m" : "4611686018428264231"
    }, {
      "d" : "1756453914192765464",
      "t" : 1756453914192,
      "tn" : 1756453914192765464,
      "q" : "193.5",
      "p" : "0.1096",
      "s" : "sell",
      "i" : "NTRN_USD",
      "m" : "4611686018428264230"
    }, {
      "d" : "1756453910463428387",
      "t" : 1756453910463,
      "tn" : 1756453910463428387,
      "q" : "199.6",
      "p" : "0.1097",
      "s" : "sell",
      "i" : "NTRN_USD",
      "m" : "4611686018428264229"
    }, {
      "d" : "1756453865443502203",
      "t" : 1756453865443,
      "tn" : 1756453865443502203,
      "q" : "197.4",
      "p" : "0.1093",
      "s" : "sell",
      "i" : "NTRN_USD",
      "m" : "4611686018428264228"
    }, {
      "d" : "1756453810707171609",
      "t" : 1756453810707,
      "tn" : 1756453810707171609,
      "q" : "199.7",
      "p" : "0.1094",
      "s" : "sell",
      "i" : "NTRN_USD",
      "m" : "4611686018428264227"
    }, {
      "d" : "1756453791926818514",
      "t" : 1756453791926,
      "tn" : 1756453791926818514,
      "q" : "195.4",
      "p" : "0.1094",
      "s" : "sell",
      "i" : "NTRN_USD",
      "m" : "4611686018428264226"
    }, {
      "d" : "1756453718714152157",
      "t" : 1756453718714,
      "tn" : 1756453718714152157,
      "q" : "192.8",
      "p" : "0.1093",
      "s" : "sell",
      "i" : "NTRN_USD",
      "m" : "4611686018428264225"
    }, {
      "d" : "1756453645362746702",
      "t" : 1756453645362,
      "tn" : 1756453645362746702,
      "q" : "190.3",
      "p" : "0.1094",
      "s" : "sell",
      "i" : "NTRN_USD",
      "m" : "4611686018428264224"
    }, {
      "d" : "1756453631895726893",
      "t" : 1756453631895,
      "tn" : 1756453631895726893,
      "q" : "190.9",
      "p" : "0.1095",
      "s" : "sell",
      "i" : "NTRN_USD",
      "m" : "4611686018428264223"
    }, {
      "d" : "1756453572323676663",
      "t" : 1756453572323,
      "tn" : 1756453572323676663,
      "q" : "190.2",
      "p" : "0.1096",
      "s" : "sell",
      "i" : "NTRN_USD",
      "m" : "4611686018428264222"
    }, {
      "d" : "1756453520749803831",
      "t" : 1756453520749,
      "tn" : 1756453520749803831,
      "q" : "190.4",
      "p" : "0.1096",
      "s" : "sell",
      "i" : "NTRN_USD",
      "m" : "4611686018428264221"
    }, {
      "d" : "1756453482743309026",
      "t" : 1756453482743,
      "tn" : 1756453482743309026,
      "q" : "195.0",
      "p" : "0.1098",
      "s" : "sell",
      "i" : "NTRN_USD",
      "m" : "4611686018428264220"
    }, {
      "d" : "1756453481945880742",
      "t" : 1756453481945,
      "tn" : 1756453481945880742,
      "q" : "199.9",
      "p" : "0.1097",
      "s" : "sell",
      "i" : "NTRN_USD",
      "m" : "4611686018428264219"
    }, {
      "d" : "1756453436306408331",
      "t" : 1756453436306,
      "tn" : 1756453436306408331,
      "q" : "198.2",
      "p" : "0.1095",
      "s" : "sell",
      "i" : "NTRN_USD",
      "m" : "4611686018428264218"
    }, {
      "d" : "1756453409308392021",
      "t" : 1756453409308,
      "tn" : 1756453409308392021,
      "q" : "190.1",
      "p" : "0.1095",
      "s" : "sell",
      "i" : "NTRN_USD",
      "m" : "4611686018428264217"
    }, {
      "d" : "1756453390675960401",
      "t" : 1756453390675,
      "tn" : 1756453390675960401,
      "q" : "191.0",
      "p" : "0.1090",
      "s" : "sell",
      "i" : "NTRN_USD",
      "m" : "4611686018428264216"
    }, {
      "d" : "1756453344912997017",
      "t" : 1756453344912,
      "tn" : 1756453344912997017,
      "q" : "27.8",
      "p" : "0.1091",
      "s" : "buy",
      "i" : "NTRN_USD",
      "m" : "4611686018428264215"
    }, {
      "d" : "1756453344909499100",
      "t" : 1756453344909,
      "tn" : 1756453344909499100,
      "q" : "366.6",
      "p" : "0.1091",
      "s" : "buy",
      "i" : "NTRN_USD",
      "m" : "4611686018428264214"
    }, {
      "d" : "1756453344902605367",
      "t" : 1756453344902,
      "tn" : 1756453344902605366,
      "q" : "2522.2",
      "p" : "0.1091",
      "s" : "sell",
      "i" : "NTRN_USD",
      "m" : "4611686018428264213"
    }, {
      "d" : "1756453344902605366",
      "t" : 1756453344902,
      "tn" : 1756453344902605366,
      "q" : "5722.2",
      "p" : "0.1091",
      "s" : "sell",
      "i" : "NTRN_USD",
      "m" : "4611686018428264213"
    }, {
      "d" : "1756453342704061572",
      "t" : 1756453342704,
      "tn" : 1756453342704061572,
      "q" : "190.9",
      "p" : "0.1096",
      "s" : "sell",
      "i" : "NTRN_USD",
      "m" : "4611686018428264212"
    }, {
      "d" : "1756453299122006247",
      "t" : 1756453299122,
      "tn" : 1756453299122006247,
      "q" : "192.7",
      "p" : "0.1095",
      "s" : "sell",
      "i" : "NTRN_USD",
      "m" : "4611686018428264211"
    }, {
      "d" : "1756453253332164597",
      "t" : 1756453253332,
      "tn" : 1756453253332164597,
      "q" : "193.3",
      "p" : "0.1093",
      "s" : "sell",
      "i" : "NTRN_USD",
      "m" : "4611686018428264210"
    }, {
      "d" : "1756453207923085929",
      "t" : 1756453207923,
      "tn" : 1756453207923085929,
      "q" : "199.3",
      "p" : "0.1096",
      "s" : "sell",
      "i" : "NTRN_USD",
      "m" : "4611686018428264209"
    }, {
      "d" : "1756453162850789523",
      "t" : 1756453162850,
      "tn" : 1756453162850789523,
      "q" : "197.7",
      "p" : "0.1098",
      "s" : "sell",
      "i" : "NTRN_USD",
      "m" : "4611686018428264208"
    }, {
      "d" : "1756453118439046418",
      "t" : 1756453118439,
      "tn" : 1756453118439046418,
      "q" : "819.7",
      "p" : "0.1098",
      "s" : "buy",
      "i" : "NTRN_USD",
      "m" : "4611686018428264207"
    }, {
      "d" : "1756453118329318184",
      "t" : 1756453118329,
      "tn" : 1756453118329318184,
      "q" : "819.7",
      "p" : "0.1098",
      "s" : "buy",
      "i" : "NTRN_USD",
      "m" : "4611686018428264206"
    }, {
      "d" : "1756453118301956852",
      "t" : 1756453118301,
      "tn" : 1756453118301956852,
      "q" : "819.7",
      "p" : "0.1098",
      "s" : "buy",
      "i" : "NTRN_USD",
      "m" : "4611686018428264205"
    }, {
      "d" : "1756453118284620088",
      "t" : 1756453118284,
      "tn" : 1756453118284620088,
      "q" : "819.7",
      "p" : "0.1098",
      "s" : "buy",
      "i" : "NTRN_USD",
      "m" : "4611686018428264204"
    }, {
      "d" : "1756453118279498045",
      "t" : 1756453118279,
      "tn" : 1756453118279498045,
      "q" : "198.3",
      "p" : "0.1098",
      "s" : "sell",
      "i" : "NTRN_USD",
      "m" : "4611686018428264203"
    }, {
      "d" : "1756453109792692456",
      "t" : 1756453109792,
      "tn" : 1756453109792692456,
      "q" : "190.4",
      "p" : "0.1101",
      "s" : "sell",
      "i" : "NTRN_USD",
      "m" : "4611686018428264202"
    }, {
      "d" : "1756453073658115693",
      "t" : 1756453073658,
      "tn" : 1756453073658115693,
      "q" : "191.3",
      "p" : "0.1099",
      "s" : "sell",
      "i" : "NTRN_USD",
      "m" : "4611686018428264201"
    }, {
      "d" : "1756453061542721520",
      "t" : 1756453061542,
      "tn" : 1756453061542721520,
      "q" : "199.9",
      "p" : "0.1099",
      "s" : "sell",
      "i" : "NTRN_USD",
      "m" : "4611686018428264200"
    }, {
      "d" : "1756453029086221495",
      "t" : 1756453029086,
      "tn" : 1756453029086221495,
      "q" : "193.6",
      "p" : "0.1100",
      "s" : "sell",
      "i" : "NTRN_USD",
      "m" : "4611686018428264199"
    }, {
      "d" : "1756452984664779482",
      "t" : 1756452984664,
      "tn" : 1756452984664779482,
      "q" : "198.0",
      "p" : "0.1097",
      "s" : "sell",
      "i" : "NTRN_USD",
      "m" : "4611686018428264198"
    }, {
      "d" : "1756452940095304584",
      "t" : 1756452940095,
      "tn" : 1756452940095304584,
      "q" : "194.0",
      "p" : "0.1094",
      "s" : "sell",
      "i" : "NTRN_USD",
      "m" : "4611686018428264197"
    }, {
      "d" : "1756452895608586011",
      "t" : 1756452895608,
      "tn" : 1756452895608586011,
      "q" : "194.3",
      "p" : "0.1096",
      "s" : "sell",
      "i" : "NTRN_USD",
      "m" : "4611686018428264196"
    }, {
      "d" : "1756452850813583747",
      "t" : 1756452850813,
      "tn" : 1756452850813583747,
      "q" : "196.1",
      "p" : "0.1098",
      "s" : "sell",
      "i" : "NTRN_USD",
      "m" : "4611686018428264195"
    }, {
      "d" : "1756452806362005106",
      "t" : 1756452806362,
      "tn" : 1756452806362005106,
      "q" : "193.5",
      "p" : "0.1101",
      "s" : "sell",
      "i" : "NTRN_USD",
      "m" : "4611686018428264194"
    }, {
      "d" : "1756452761943627583",
      "t" : 1756452761943,
      "tn" : 1756452761943627583,
      "q" : "191.2",
      "p" : "0.1102",
      "s" : "sell",
      "i" : "NTRN_USD",
      "m" : "4611686018428264193"
    }, {
      "d" : "1756452717443038894",
      "t" : 1756452717443,
      "tn" : 1756452717443038894,
      "q" : "190.6",
      "p" : "0.1102",
      "s" : "sell",
      "i" : "NTRN_USD",
      "m" : "4611686018428264192"
    }, {
      "d" : "1756452672952895922",
      "t" : 1756452672952,
      "tn" : 1756452672952895922,
      "q" : "191.8",
      "p" : "0.1105",
      "s" : "sell",
      "i" : "NTRN_USD",
      "m" : "4611686018428264191"
    }, {
      "d" : "1756452618278926104",
      "t" : 1756452618278,
      "tn" : 1756452618278926104,
      "q" : "191.9",
      "p" : "0.1105",
      "s" : "sell",
      "i" : "NTRN_USD",
      "m" : "4611686018428264190"
    }, {
      "d" : "1756452568799554202",
      "t" : 1756452568799,
      "tn" : 1756452568799554202,
      "q" : "194.7",
      "p" : "0.1105",
      "s" : "sell",
      "i" : "NTRN_USD",
      "m" : "4611686018428264189"
    }, {
      "d" : "1756452566151753927",
      "t" : 1756452566151,
      "tn" : 1756452566151753927,
      "q" : "199.5",
      "p" : "0.1106",
      "s" : "sell",
      "i" : "NTRN_USD",
      "m" : "4611686018428264188"
    }, {
      "d" : "1756452524239037570",
      "t" : 1756452524239,
      "tn" : 1756452524239037570,
      "q" : "197.4",
      "p" : "0.1105",
      "s" : "sell",
      "i" : "NTRN_USD",
      "m" : "4611686018428264187"
    }, {
      "d" : "1756452437113063568",
      "t" : 1756452437113,
      "tn" : 1756452437113063568,
      "q" : "194.4",
      "p" : "0.1104",
      "s" : "sell",
      "i" : "NTRN_USD",
      "m" : "4611686018428264186"
    }, {
      "d" : "1756452433764263009",
      "t" : 1756452433764,
      "tn" : 1756452433764263009,
      "q" : "27.9",
      "p" : "0.1099",
      "s" : "buy",
      "i" : "NTRN_USD",
      "m" : "4611686018428264185"
    }, {
      "d" : "1756452430851236882",
      "t" : 1756452430851,
      "tn" : 1756452430851236882,
      "q" : "364.0",
      "p" : "0.1099",
      "s" : "buy",
      "i" : "NTRN_USD",
      "m" : "4611686018428264184"
    }, {
      "d" : "1756452430841558758",
      "t" : 1756452430841,
      "tn" : 1756452430841558757,
      "q" : "10925.0",
      "p" : "0.1099",
      "s" : "sell",
      "i" : "NTRN_USD",
      "m" : "4611686018428264183"
    } ]
  }
}