{
  "id" : -1,
  "method" : "public/get-trades",
  "code" : 0,
  "result" : {
    "data" : [ {
      "d" : "1756461040807147319",
      "t" : 1756461040807,
      "tn" : 1756461040807147319,
      "q" : "1256",
      "p" : "0.01500",
      "s" : "sell",
      "i" : "NUM_USD",
      "m" : "4611686018429812851"
    }, {
      "d" : "1756461040807145183",
      "t" : 1756461040807,
      "tn" : 1756461040807145183,
      "q" : "84",
      "p" : "0.01501",
      "s" : "sell",
      "i" : "NUM_USD",
      "m" : "4611686018429812850"
    }, {
      "d" : "1756461040807141995",
      "t" : 1756461040807,
      "tn" : 1756461040807141995,
      "q" : "84",
      "p" : "0.01502",
      "s" : "sell",
      "i" : "NUM_USD",
      "m" : "4611686018429812849"
    }, {
      "d" : "1756460885153196548",
      "t" : 1756460885153,
      "tn" : 1756460885153196547,
      "q" : "2076",
      "p" : "0.01503",
      "s" : "sell",
      "i" : "NUM_USD",
      "m" : "4611686018429812848"
    }, {
      "d" : "1756460885153196547",
      "t" : 1756460885153,
      "tn" : 1756460885153196547,
      "q" : "84",
      "p" : "0.01503",
      "s" : "sell",
      "i" : "NUM_USD",
      "m" : "4611686018429812848"
    }, {
      "d" : "1756460885153192877",
      "t" : 1756460885153,
      "tn" : 1756460885153192877,
      "q" : "84",
      "p" : "0.01504",
      "s" : "sell",
      "i" : "NUM_USD",
      "m" : "4611686018429812847"
    }, {
      "d" : "1756460885153190311",
      "t" : 1756460885153,
      "tn" : 1756460885153190311,
      "q" : "84",
      "p" : "0.01505",
      "s" : "sell",
      "i" : "NUM_USD",
      "m" : "4611686018429812846"
    }, {
      "d" : "1756460885153188159",
      "t" : 1756460885153,
      "tn" : 1756460885153188159,
      "q" : "84",
      "p" : "0.01506",
      "s" : "sell",
      "i" : "NUM_USD",
      "m" : "4611686018429812845"
    }, {
      "d" : "1756460885153185841",
      "t" : 1756460885153,
      "tn" : 1756460885153185841,
      "q" : "83",
      "p" : "0.01507",
      "s" : "sell",
      "i" : "NUM_USD",
      "m" : "4611686018429812844"
    }, {
      "d" : "1756460885153182568",
      "t" : 1756460885153,
      "tn" : 1756460885153182568,
      "q" : "83",
      "p" : "0.01508",
      "s" : "sell",
      "i" : "NUM_USD",
      "m" : "4611686018429812843"
    }, {
      "d" : "1756460885153179437",
      "t" : 1756460885153,
      "tn" : 1756460885153179437,
      "q" : "83",
      "p" : "0.01509",
      "s" : "sell",
      "i" : "NUM_USD",
      "m" : "4611686018429812842"
    }, {
      "d" : "1756460866866554435",
      "t" : 1756460866866,
      "tn" : 1756460866866554435,
      "q" : "1000",
      "p" : "0.01510",
      "s" : "sell",
      "i" : "NUM_USD",
      "m" : "4611686018429812841"
    }, {
      "d" : "1756460866686371261",
      "t" : 1756460866686,
      "tn" : 1756460866686371260,
      "q" : "2068",
      "p" : "0.01510",
      "s" : "sell",
      "i" : "NUM_USD",
      "m" : "4611686018429812840"
    }, {
      "d" : "1756460866686371260",
      "t" : 1756460866686,
      "tn" : 1756460866686371260,
      "q" : "83",
      "p" : "0.01510",
      "s" : "sell",
      "i" : "NUM_USD",
      "m" : "4611686018429812840"
    }, {
      "d" : "1756460866686367801",
      "t" : 1756460866686,
      "tn" : 1756460866686367801,
      "q" : "83",
      "p" : "0.01511",
      "s" : "sell",
      "i" : "NUM_USD",
      "m" : "4611686018429812839"
    }, {
      "d" : "1756460866686365223",
      "t" : 1756460866686,
      "tn" : 1756460866686365223,
      "q" : "83",
      "p" : "0.01512",
      "s" : "sell",
      "i" : "NUM_USD",
      "m" : "4611686018429812838"
    }, {
      "d" : "1756460866686363070",
      "t" : 1756460866686,
      "tn" : 1756460866686363070,
      "q" : "83",
      "p" : "0.01513",
      "s" : "sell",
      "i" : "NUM_USD",
      "m" : "4611686018429812837"
    }, {
      "d" : "1756460866686360930",
      "t" : 1756460866686,
      "tn" : 1756460866686360930,
      "q" : "83",
      "p" : "0.01514",
      "s" : "sell",
      "i" : "NUM_USD",
      "m" : "4611686018429812836"
    }, {
      "d" : "1756460866686356523",
      "t" : 1756460866686,
      "tn" : 1756460866686356523,
      "q" : "83",
      "p" : "0.01515",
      "s" : "sell",
      "i" : "NUM_USD",
      "m" : "4611686018429812835"
    }, {
      "d" : "1756460866686353350",
      "t" : 1756460866686,
      "tn" : 1756460866686353350,
      "q" : "83",
      "p" : "0.01516",
      "s" : "sell",
      "i" : "NUM_USD",
      "m" : "4611686018429812834"
    }, {
      "d" : "1756460298270463592",
      "t" : 1756460298270,
      "tn" : 1756460298270463592,
      "q" : "1417",
      "p" : "0.01517",
      "s" : "sell",
      "i" : "NUM_USD",
      "m" : "4611686018429812833"
    }, {
      "d" : "1756460298241301644",
      "t" : 1756460298241,
      "tn" : 1756460298241301643,
      "q" : "1067",
      "p" : "0.01517",
      "s" : "sell",
      "i" : "NUM_USD",
      "m" : "4611686018429812832"
    }, {
      "d" : "1756460298241301643",
      "t" : 1756460298241,
      "tn" : 1756460298241301643,
      "q" : "83",
      "p" : "0.01517",
      "s" : "sell",
      "i" : "NUM_USD",
      "m" : "4611686018429812832"
    }, {
      "d" : "1756460298241298498",
      "t" : 1756460298241,
      "tn" : 1756460298241298498,
      "q" : "83",
      "p" : "0.01518",
      "s" : "sell",
      "i" : "NUM_USD",
      "m" : "4611686018429812831"
    }, {
      "d" : "1756460298241295967",
      "t" : 1756460298241,
      "tn" : 1756460298241295967,
      "q" : "83",
      "p" : "0.01519",
      "s" : "sell",
      "i" : "NUM_USD",
      "m" : "4611686018429812830"
    }, {
      "d" : "1756460298241293728",
      "t" : 1756460298241,
      "tn" : 1756460298241293728,
      "q" : "83",
      "p" : "0.01520",
      "s" : "sell",
      "i" : "NUM_USD",
      "m" : "4611686018429812829"
    }, {
      "d" : "1756460298241291528",
      "t" : 1756460298241,
      "tn" : 1756460298241291528,
      "q" : "83",
      "p" : "0.01521",
      "s" : "sell",
      "i" : "NUM_USD",
      "m" : "4611686018429812828"
    }, {
      "d" : "1756460298241288616",
      "t" : 1756460298241,
      "tn" : 1756460298241288616,
      "q" : "83",
      "p" : "0.01522",
      "s" : "sell",
      "i" : "NUM_USD",
      "m" : "4611686018429812827"
    }, {
      "d" : "1756460298241285161",
      "t" : 1756460298241,
      "tn" : 1756460298241285161,
      "q" : "83",
      "p" : "0.01523",
      "s" : "sell",
      "i" : "NUM_USD",
      "m" : "4611686018429812826"
    }, {
      "d" : "1756459247441167089",
      "t" : 1756459247441,
      "tn" : 1756459247441167088,
      "q" : "1065",
      "p" : "0.01524",
      "s" : "sell",
      "i" : "NUM_USD",
      "m" : "4611686018429812825"
    }, {
      "d" : "1756459247441167088",
      "t" : 1756459247441,
      "tn" : 1756459247441167088,
      "q" : "83",
      "p" : "0.01524",
      "s" : "sell",
      "i" : "NUM_USD",
      "m" : "4611686018429812825"
    }, {
      "d" : "1756459247441163803",
      "t" : 1756459247441,
      "tn" : 1756459247441163803,
      "q" : "82",
      "p" : "0.01525",
      "s" : "sell",
      "i" : "NUM_USD",
      "m" : "4611686018429812824"
    }, {
      "d" : "1756459247441161569",
      "t" : 1756459247441,
      "tn" : 1756459247441161569,
      "q" : "82",
      "p" : "0.01526",
      "s" : "sell",
      "i" : "NUM_USD",
      "m" : "4611686018429812823"
    }, {
      "d" : "1756459247441159130",
      "t" : 1756459247441,
      "tn" : 1756459247441159130,
      "q" : "82",
      "p" : "0.01527",
      "s" : "sell",
      "i" : "NUM_USD",
      "m" : "4611686018429812822"
    }, {
      "d" : "1756459247441156502",
      "t" : 1756459247441,
      "tn" : 1756459247441156502,
      "q" : "82",
      "p" : "0.01528",
      "s" : "sell",
      "i" : "NUM_USD",
      "m" : "4611686018429812821"
    }, {
      "d" : "1756459247441153783",
      "t" : 1756459247441,
      "tn" : 1756459247441153783,
      "q" : "82",
      "p" : "0.01529",
      "s" : "sell",
      "i" : "NUM_USD",
      "m" : "4611686018429812820"
    }, {
      "d" : "1756459247441150696",
      "t" : 1756459247441,
      "tn" : 1756459247441150696,
      "q" : "82",
      "p" : "0.01530",
      "s" : "sell",
      "i" : "NUM_USD",
      "m" : "4611686018429812819"
    }, {
      "d" : "1756457123946766454",
      "t" : 1756457123946,
      "tn" : 1756457123946766453,
      "q" : "672",
      "p" : "0.01525",
      "s" : "sell",
      "i" : "NUM_USD",
      "m" : "4611686018429812818"
    }, {
      "d" : "1756457123946766453",
      "t" : 1756457123946,
      "tn" : 1756457123946766453,
      "q" : "82",
      "p" : "0.01525",
      "s" : "sell",
      "i" : "NUM_USD",
      "m" : "4611686018429812818"
    }, {
      "d" : "1756457123946763674",
      "t" : 1756457123946,
      "tn" : 1756457123946763674,
      "q" : "82",
      "p" : "0.01526",
      "s" : "sell",
      "i" : "NUM_USD",
      "m" : "4611686018429812817"
    }, {
      "d" : "1756457123946761390",
      "t" : 1756457123946,
      "tn" : 1756457123946761390,
      "q" : "82",
      "p" : "0.01527",
      "s" : "sell",
      "i" : "NUM_USD",
      "m" : "4611686018429812816"
    }, {
      "d" : "1756457123946758561",
      "t" : 1756457123946,
      "tn" : 1756457123946758561,
      "q" : "82",
      "p" : "0.01528",
      "s" : "sell",
      "i" : "NUM_USD",
      "m" : "4611686018429812815"
    }, {
      "d" : "1756457115952537018",
      "t" : 1756457115952,
      "tn" : 1756457115952537018,
      "q" : "79",
      "p" : "0.01535",
      "s" : "buy",
      "i" : "NUM_USD",
      "m" : "4611686018429812814"
    }, {
      "d" : "1756457115952534982",
      "t" : 1756457115952,
      "tn" : 1756457115952534981,
      "q" : "1263",
      "p" : "0.01534",
      "s" : "buy",
      "i" : "NUM_USD",
      "m" : "4611686018429812813"
    }, {
      "d" : "1756457115952534981",
      "t" : 1756457115952,
      "tn" : 1756457115952534981,
      "q" : "82",
      "p" : "0.01534",
      "s" : "buy",
      "i" : "NUM_USD",
      "m" : "4611686018429812813"
    }, {
      "d" : "1756457115952530874",
      "t" : 1756457115952,
      "tn" : 1756457115952530874,
      "q" : "82",
      "p" : "0.01533",
      "s" : "buy",
      "i" : "NUM_USD",
      "m" : "4611686018429812812"
    }, {
      "d" : "1756457115952528608",
      "t" : 1756457115952,
      "tn" : 1756457115952528608,
      "q" : "82",
      "p" : "0.01532",
      "s" : "buy",
      "i" : "NUM_USD",
      "m" : "4611686018429812811"
    }, {
      "d" : "1756457115952526174",
      "t" : 1756457115952,
      "tn" : 1756457115952526174,
      "q" : "82",
      "p" : "0.01531",
      "s" : "buy",
      "i" : "NUM_USD",
      "m" : "4611686018429812810"
    }, {
      "d" : "1756457115952523658",
      "t" : 1756457115952,
      "tn" : 1756457115952523658,
      "q" : "82",
      "p" : "0.01530",
      "s" : "buy",
      "i" : "NUM_USD",
      "m" : "4611686018429812809"
    }, {
      "d" : "1756455569274467894",
      "t" : 1756455569274,
      "tn" : 1756455569274467893,
      "q" : "888",
      "p" : "0.01529",
      "s" : "buy",
      "i" : "NUM_USD",
      "m" : "4611686018429812808"
    }, {
      "d" : "1756455569274465173",
      "t" : 1756455569274,
      "tn" : 1756455569274465173,
      "q" : "82",
      "p" : "0.01528",
      "s" : "buy",
      "i" : "NUM_USD",
      "m" : "4611686018429812807"
    }, {
      "d" : "1756455569274463203",
      "t" : 1756455569274,
      "tn" : 1756455569274463203,
      "q" : "82",
      "p" : "0.01527",
      "s" : "buy",
      "i" : "NUM_USD",
      "m" : "4611686018429812806"
    }, {
      "d" : "1756455569274461539",
      "t" : 1756455569274,
      "tn" : 1756455569274461539,
      "q" : "82",
      "p" : "0.01526",
      "s" : "buy",
      "i" : "NUM_USD",
      "m" : "4611686018429812805"
    }, {
      "d" : "1756455569274459943",
      "t" : 1756455569274,
      "tn" : 1756455569274459943,
      "q" : "82",
      "p" : "0.01525",
      "s" : "buy",
      "i" : "NUM_USD",
      "m" : "4611686018429812804"
    }, {
      "d" : "1756455569274456156",
      "t" : 1756455569274,
      "tn" : 1756455569274456156,
      "q" : "83",
      "p" : "0.01524",
      "s" : "buy",
      "i" : "NUM_USD",
      "m" : "4611686018429812803"
    }, {
      "d" : "1756455569274453364",
      "t" : 1756455569274,
      "tn" : 1756455569274453364,
      "q" : "83",
      "p" : "0.01523",
      "s" : "buy",
      "i" : "NUM_USD",
      "m" : "4611686018429812802"
    }, {
      "d" : "1756455569274451539",
      "t" : 1756455569274,
      "tn" : 1756455569274451539,
      "q" : "83",
      "p" : "0.01522",
      "s" : "buy",
      "i" : "NUM_USD",
      "m" : "4611686018429812801"
    }, {
      "d" : "1756455569274448821",
      "t" : 1756455569274,
      "tn" : 1756455569274448821,
      "q" : "83",
      "p" : "0.01521",
      "s" : "buy",
      "i" : "NUM_USD",
      "m" : "4611686018429812800"
    }, {
      "d" : "1756455569274446593",
      "t" : 1756455569274,
      "tn" : 1756455569274446593,
      "q" : "83",
      "p" : "0.01520",
      "s" : "buy",
      "i" : "NUM_USD",
      "m" : "4611686018429812799"
    }, {
      "d" : "1756455569274444143",
      "t" : 1756455569274,
      "tn" : 1756455569274444143,
      "q" : "83",
      "p" : "0.01519",
      "s" : "buy",
      "i" : "NUM_USD",
      "m" : "4611686018429812798"
    }, {
      "d" : "1756455569274440714",
      "t" : 1756455569274,
      "tn" : 1756455569274440713,
      "q" : "83",
      "p" : "0.01518",
      "s" : "buy",
      "i" : "NUM_USD",
      "m" : "4611686018429812797"
    }, {
      "d" : "1756455569274440713",
      "t" : 1756455569274,
      "tn" : 1756455569274440713,
      "q" : "83",
      "p" : "0.01518",
      "s" : "buy",
      "i" : "NUM_USD",
      "m" : "4611686018429812797"
    }, {
      "d" : "1756455225691574593",
      "t" : 1756455225691,
      "tn" : 1756455225691574592,
      "q" : "1456",
      "p" : "0.01549",
      "s" : "buy",
      "i" : "NUM_USD",
      "m" : "4611686018429812796"
    }, {
      "d" : "1756455225691574592",
      "t" : 1756455225691,
      "tn" : 1756455225691574592,
      "q" : "81",
      "p" : "0.01549",
      "s" : "buy",
      "i" : "NUM_USD",
      "m" : "4611686018429812796"
    }, {
      "d" : "1756455225691571763",
      "t" : 1756455225691,
      "tn" : 1756455225691571763,
      "q" : "81",
      "p" : "0.01548",
      "s" : "buy",
      "i" : "NUM_USD",
      "m" : "4611686018429812795"
    }, {
      "d" : "1756455225691569563",
      "t" : 1756455225691,
      "tn" : 1756455225691569563,
      "q" : "81",
      "p" : "0.01547",
      "s" : "buy",
      "i" : "NUM_USD",
      "m" : "4611686018429812794"
    }, {
      "d" : "1756455225691567054",
      "t" : 1756455225691,
      "tn" : 1756455225691567054,
      "q" : "81",
      "p" : "0.01546",
      "s" : "buy",
      "i" : "NUM_USD",
      "m" : "4611686018429812793"
    }, {
      "d" : "1756455225691564848",
      "t" : 1756455225691,
      "tn" : 1756455225691564848,
      "q" : "81",
      "p" : "0.01545",
      "s" : "buy",
      "i" : "NUM_USD",
      "m" : "4611686018429812792"
    }, {
      "d" : "1756455225691562128",
      "t" : 1756455225691,
      "tn" : 1756455225691562128,
      "q" : "81",
      "p" : "0.01544",
      "s" : "buy",
      "i" : "NUM_USD",
      "m" : "4611686018429812791"
    }, {
      "d" : "1756455225661458999",
      "t" : 1756455225661,
      "tn" : 1756455225661458999,
      "q" : "1900",
      "p" : "0.01510",
      "s" : "sell",
      "i" : "NUM_USD",
      "m" : "4611686018429812790"
    }, {
      "d" : "1756455225661231720",
      "t" : 1756455225661,
      "tn" : 1756455225661231720,
      "q" : "1942",
      "p" : "0.01510",
      "s" : "sell",
      "i" : "NUM_USD",
      "m" : "4611686018429812789"
    }, {
      "d" : "1756455225639871110",
      "t" : 1756455225639,
      "tn" : 1756455225639871109,
      "q" : "3596",
      "p" : "0.01510",
      "s" : "sell",
      "i" : "NUM_USD",
      "m" : "4611686018429812788"
    }, {
      "d" : "1756455225639871109",
      "t" : 1756455225639,
      "tn" : 1756455225639871109,
      "q" : "83",
      "p" : "0.01510",
      "s" : "sell",
      "i" : "NUM_USD",
      "m" : "4611686018429812788"
    }, {
      "d" : "1756455225639867711",
      "t" : 1756455225639,
      "tn" : 1756455225639867711,
      "q" : "83",
      "p" : "0.01511",
      "s" : "sell",
      "i" : "NUM_USD",
      "m" : "4611686018429812787"
    }, {
      "d" : "1756455225639865378",
      "t" : 1756455225639,
      "tn" : 1756455225639865378,
      "q" : "83",
      "p" : "0.01512",
      "s" : "sell",
      "i" : "NUM_USD",
      "m" : "4611686018429812786"
    }, {
      "d" : "1756455225639862570",
      "t" : 1756455225639,
      "tn" : 1756455225639862569,
      "q" : "8335",
      "p" : "0.01513",
      "s" : "sell",
      "i" : "NUM_USD",
      "m" : "4611686018429812785"
    }, {
      "d" : "1756455225639862569",
      "t" : 1756455225639,
      "tn" : 1756455225639862569,
      "q" : "83",
      "p" : "0.01513",
      "s" : "sell",
      "i" : "NUM_USD",
      "m" : "4611686018429812785"
    }, {
      "d" : "1756455225639859000",
      "t" : 1756455225639,
      "tn" : 1756455225639859000,
      "q" : "83",
      "p" : "0.01514",
      "s" : "sell",
      "i" : "NUM_USD",
      "m" : "4611686018429812784"
    }, {
      "d" : "1756455225639856136",
      "t" : 1756455225639,
      "tn" : 1756455225639856136,
      "q" : "83",
      "p" : "0.01515",
      "s" : "sell",
      "i" : "NUM_USD",
      "m" : "4611686018429812783"
    }, {
      "d" : "1756455225639854088",
      "t" : 1756455225639,
      "tn" : 1756455225639854088,
      "q" : "83",
      "p" : "0.01516",
      "s" : "sell",
      "i" : "NUM_USD",
      "m" : "4611686018429812782"
    }, {
      "d" : "1756455225639850891",
      "t" : 1756455225639,
      "tn" : 1756455225639850891,
      "q" : "83",
      "p" : "0.01517",
      "s" : "sell",
      "i" : "NUM_USD",
      "m" : "4611686018429812781"
    }, {
      "d" : "1756455225639847624",
      "t" : 1756455225639,
      "tn" : 1756455225639847624,
      "q" : "650",
      "p" : "0.01518",
      "s" : "sell",
      "i" : "NUM_USD",
      "m" : "4611686018429812780"
    }, {
      "d" : "1756455220826681867",
      "t" : 1756455220826,
      "tn" : 1756455220826681866,
      "q" : "1904",
      "p" : "0.01518",
      "s" : "sell",
      "i" : "NUM_USD",
      "m" : "4611686018429812779"
    }, {
      "d" : "1756455220826681866",
      "t" : 1756455220826,
      "tn" : 1756455220826681866,
      "q" : "83",
      "p" : "0.01518",
      "s" : "sell",
      "i" : "NUM_USD",
      "m" : "4611686018429812779"
    }, {
      "d" : "1756455220826681131",
      "t" : 1756455220826,
      "tn" : 1756455220826681130,
      "q" : "5308",
      "p" : "0.01519",
      "s" : "sell",
      "i" : "NUM_USD",
      "m" : "4611686018429812778"
    }, {
      "d" : "1756455220826681130",
      "t" : 1756455220826,
      "tn" : 1756455220826681130,
      "q" : "83",
      "p" : "0.01519",
      "s" : "sell",
      "i" : "NUM_USD",
      "m" : "4611686018429812778"
    }, {
      "d" : "1756455220826675405",
      "t" : 1756455220826,
      "tn" : 1756455220826675405,
      "q" : "83",
      "p" : "0.01520",
      "s" : "sell",
      "i" : "NUM_USD",
      "m" : "4611686018429812777"
    }, {
      "d" : "1756455220826673053",
      "t" : 1756455220826,
      "tn" : 1756455220826673052,
      "q" : "5218",
      "p" : "0.01521",
      "s" : "sell",
      "i" : "NUM_USD",
      "m" : "4611686018429812776"
    }, {
      "d" : "1756455220826673052",
      "t" : 1756455220826,
      "tn" : 1756455220826673052,
      "q" : "83",
      "p" : "0.01521",
      "s" : "sell",
      "i" : "NUM_USD",
      "m" : "4611686018429812776"
    }, {
      "d" : "1756455220826668678",
      "t" : 1756455220826,
      "tn" : 1756455220826668678,
      "q" : "83",
      "p" : "0.01522",
      "s" : "sell",
      "i" : "NUM_USD",
      "m" : "4611686018429812775"
    }, {
      "d" : "1756455220826664152",
      "t" : 1756455220826,
      "tn" : 1756455220826664152,
      "q" : "83",
      "p" : "0.01523",
      "s" : "sell",
      "i" : "NUM_USD",
      "m" : "4611686018429812774"
    }, {
      "d" : "1756455220826661413",
      "t" : 1756455220826,
      "tn" : 1756455220826661413,
      "q" : "83",
      "p" : "0.01524",
      "s" : "sell",
      "i" : "NUM_USD",
      "m" : "4611686018429812773"
    }, {
      "d" : "1756455220826658785",
      "t" : 1756455220826,
      "tn" : 1756455220826658785,
      "q" : "82",
      "p" : "0.01525",
      "s" : "sell",
      "i" : "NUM_USD",
      "m" : "4611686018429812772"
    }, {
      "d" : "1756455220826656299",
      "t" : 1756455220826,
      "tn" : 1756455220826656299,
      "q" : "82",
      "p" : "0.01526",
      "s" : "sell",
      "i" : "NUM_USD",
      "m" : "4611686018429812771"
    }, {
      "d" : "1756455210092865547",
      "t" : 1756455210092,
      "tn" : 1756455210092865546,
      "q" : "2139",
      "p" : "0.01527",
      "s" : "sell",
      "i" : "NUM_USD",
      "m" : "4611686018429812770"
    }, {
      "d" : "1756455210092865546",
      "t" : 1756455210092,
      "tn" : 1756455210092865546,
      "q" : "82",
      "p" : "0.01527",
      "s" : "sell",
      "i" : "NUM_USD",
      "m" : "4611686018429812770"
    }, {
      "d" : "1756455210092862364",
      "t" : 1756455210092,
      "tn" : 1756455210092862364,
      "q" : "82",
      "p" : "0.01528",
      "s" : "sell",
      "i" : "NUM_USD",
      "m" : "4611686018429812769"
    }, {
      "d" : "1756455210092860424",
      "t" : 1756455210092,
      "tn" : 1756455210092860424,
      "q" : "82",
      "p" : "0.01529",
      "s" : "sell",
      "i" : "NUM_USD",
      "m" : "4611686018429812768"
    }, {
      "d" : "1756455210092857889",
      "t" : 1756455210092,
      "tn" : 1756455210092857889,
      "q" : "82",
      "p" : "0.01530",
      "s" : "sell",
      "i" : "NUM_USD",
      "m" : "4611686018429812767"
    }, {
      "d" : "1756455210092854784",
      "t" : 1756455210092,
      "tn" : 1756455210092854783,
      "q" : "82",
      "p" : "0.01531",
      "s" : "sell",
      "i" : "NUM_USD",
      "m" : "4611686018429812766"
    }, {
      "d" : "1756455210092854783",
      "t" : 1756455210092,
      "tn" : 1756455210092854783,
      "q" : "71",
      "p" : "0.01531",
      "s" : "sell",
      "i" : "NUM_USD",
      "m" : "4611686018429812766"
    }, {
      "d" : "1756455204341113086",
      "t" : 1756455204341,
      "tn" : 1756455204341113086,
      "q" : "983",
      "p" : "0.01531",
      "s" : "sell",
      "i" : "NUM_USD",
      "m" : "4611686018429812765"
    }, {
      "d" : "1756455204341111316",
      "t" : 1756455204341,
      "tn" : 1756455204341111316,
      "q" : "82",
      "p" : "0.01532",
      "s" : "sell",
      "i" : "NUM_USD",
      "m" : "4611686018429812764"
    }, {
      "d" : "1756455204341109288",
      "t" : 1756455204341,
      "tn" : 1756455204341109288,
      "q" : "82",
      "p" : "0.01533",
      "s" : "sell",
      "i" : "NUM_USD",
      "m" : "4611686018429812763"
    }, {
      "d" : "1756455204341106228",
      "t" : 1756455204341,
      "tn" : 1756455204341106228,
      "q" : "82",
      "p" : "0.01534",
      "s" : "sell",
      "i" : "NUM_USD",
      "m" : "4611686018429812762"
    }, {
      "d" : "1756455204341104185",
      "t" : 1756455204341,
      "tn" : 1756455204341104185,
      "q" : "82",
      "p" : "0.01535",
      "s" : "sell",
      "i" : "NUM_USD",
      "m" : "4611686018429812761"
    }, {
      "d" : "1756455204341100373",
      "t" : 1756455204341,
      "tn" : 1756455204341100373,
      "q" : "322",
      "p" : "0.01536",
      "s" : "sell",
      "i" : "NUM_USD",
      "m" : "4611686018429812760"
    }, {
      "d" : "1756455198430803799",
      "t" : 1756455198430,
      "tn" : 1756455198430803799,
      "q" : "900",
      "p" : "0.01536",
      "s" : "sell",
      "i" : "NUM_USD",
      "m" : "4611686018429812759"
    }, {
      "d" : "1756455198398310243",
      "t" : 1756455198398,
      "tn" : 1756455198398310242,
      "q" : "2030",
      "p" : "0.01536",
      "s" : "sell",
      "i" : "NUM_USD",
      "m" : "4611686018429812758"
    }, {
      "d" : "1756455198398310242",
      "t" : 1756455198398,
      "tn" : 1756455198398310242,
      "q" : "82",
      "p" : "0.01536",
      "s" : "sell",
      "i" : "NUM_USD",
      "m" : "4611686018429812758"
    }, {
      "d" : "1756455198398305565",
      "t" : 1756455198398,
      "tn" : 1756455198398305565,
      "q" : "82",
      "p" : "0.01537",
      "s" : "sell",
      "i" : "NUM_USD",
      "m" : "4611686018429812757"
    }, {
      "d" : "1756455198398303273",
      "t" : 1756455198398,
      "tn" : 1756455198398303273,
      "q" : "82",
      "p" : "0.01538",
      "s" : "sell",
      "i" : "NUM_USD",
      "m" : "4611686018429812756"
    }, {
      "d" : "1756455198398301037",
      "t" : 1756455198398,
      "tn" : 1756455198398301037,
      "q" : "82",
      "p" : "0.01539",
      "s" : "sell",
      "i" : "NUM_USD",
      "m" : "4611686018429812755"
    }, {
      "d" : "1756455198398298548",
      "t" : 1756455198398,
      "tn" : 1756455198398298548,
      "q" : "82",
      "p" : "0.01540",
      "s" : "sell",
      "i" : "NUM_USD",
      "m" : "4611686018429812754"
    }, {
      "d" : "1756455198398296039",
      "t" : 1756455198398,
      "tn" : 1756455198398296039,
      "q" : "82",
      "p" : "0.01541",
      "s" : "sell",
      "i" : "NUM_USD",
      "m" : "4611686018429812753"
    }, {
      "d" : "1756455198398292641",
      "t" : 1756455198398,
      "tn" : 1756455198398292641,
      "q" : "82",
      "p" : "0.01542",
      "s" : "sell",
      "i" : "NUM_USD",
      "m" : "4611686018429812752"
    }, {
      "d" : "1756455178692224506",
      "t" : 1756455178692,
      "tn" : 1756455178692224506,
      "q" : "2827",
      "p" : "0.01543",
      "s" : "buy",
      "i" : "NUM_USD",
      "m" : "4611686018429812751"
    }, {
      "d" : "1756455178690286915",
      "t" : 1756455178690,
      "tn" : 1756455178690286914,
      "q" : "408",
      "p" : "0.01543",
      "s" : "buy",
      "i" : "NUM_USD",
      "m" : "4611686018429812750"
    }, {
      "d" : "1756455178690286914",
      "t" : 1756455178690,
      "tn" : 1756455178690286914,
      "q" : "82",
      "p" : "0.01543",
      "s" : "buy",
      "i" : "NUM_USD",
      "m" : "4611686018429812750"
    }, {
      "d" : "1756455178690284909",
      "t" : 1756455178690,
      "tn" : 1756455178690284909,
      "q" : "82",
      "p" : "0.01542",
      "s" : "buy",
      "i" : "NUM_USD",
      "m" : "4611686018429812749"
    }, {
      "d" : "1756455178690282019",
      "t" : 1756455178690,
      "tn" : 1756455178690282019,
      "q" : "82",
      "p" : "0.01541",
      "s" : "buy",
      "i" : "NUM_USD",
      "m" : "4611686018429812748"
    }, {
      "d" : "1756455178690280076",
      "t" : 1756455178690,
      "tn" : 1756455178690280076,
      "q" : "82",
      "p" : "0.01540",
      "s" : "buy",
      "i" : "NUM_USD",
      "m" : "4611686018429812747"
    }, {
      "d" : "1756455178690277143",
      "t" : 1756455178690,
      "tn" : 1756455178690277143,
      "q" : "82",
      "p" : "0.01539",
      "s" : "buy",
      "i" : "NUM_USD",
      "m" : "4611686018429812746"
    }, {
      "d" : "1756455178690274003",
      "t" : 1756455178690,
      "tn" : 1756455178690274003,
      "q" : "82",
      "p" : "0.01538",
      "s" : "buy",
      "i" : "NUM_USD",
      "m" : "4611686018429812745"
    }, {
      "d" : "1756452067058156477",
      "t" : 1756452067058,
      "tn" : 1756452067058156477,
      "q" : "81",
      "p" : "0.01546",
      "s" : "buy",
      "i" : "NUM_USD",
      "m" : "4611686018429812744"
    }, {
      "d" : "1756452067058154395",
      "t" : 1756452067058,
      "tn" : 1756452067058154395,
      "q" : "81",
      "p" : "0.01545",
      "s" : "buy",
      "i" : "NUM_USD",
      "m" : "4611686018429812743"
    }, {
      "d" : "1756452067058151998",
      "t" : 1756452067058,
      "tn" : 1756452067058151998,
      "q" : "81",
      "p" : "0.01544",
      "s" : "buy",
      "i" : "NUM_USD",
      "m" : "4611686018429812742"
    }, {
      "d" : "1756452067058149601",
      "t" : 1756452067058,
      "tn" : 1756452067058149601,
      "q" : "82",
      "p" : "0.01543",
      "s" : "buy",
      "i" : "NUM_USD",
      "m" : "4611686018429812741"
    }, {
      "d" : "1756452067058147227",
      "t" : 1756452067058,
      "tn" : 1756452067058147227,
      "q" : "82",
      "p" : "0.01542",
      "s" : "buy",
      "i" : "NUM_USD",
      "m" : "4611686018429812740"
    }, {
      "d" : "1756452067042511464",
      "t" : 1756452067042,
      "tn" : 1756452067042511464,
      "q" : "252",
      "p" : "0.01531",
      "s" : "sell",
      "i" : "NUM_USD",
      "m" : "4611686018429812739"
    }, {
      "d" : "1756452067042509771",
      "t" : 1756452067042,
      "tn" : 1756452067042509771,
      "q" : "82",
      "p" : "0.01532",
      "s" : "sell",
      "i" : "NUM_USD",
      "m" : "4611686018429812738"
    }, {
      "d" : "1756452067042507363",
      "t" : 1756452067042,
      "tn" : 1756452067042507363,
      "q" : "82",
      "p" : "0.01533",
      "s" : "sell",
      "i" : "NUM_USD",
      "m" : "4611686018429812737"
    }, {
      "d" : "1756452067042504591",
      "t" : 1756452067042,
      "tn" : 1756452067042504591,
      "q" : "580",
      "p" : "0.01534",
      "s" : "sell",
      "i" : "NUM_USD",
      "m" : "4611686018429812736"
    }, {
      "d" : "1756452067029350638",
      "t" : 1756452067029,
      "tn" : 1756452067029350638,
      "q" : "1811",
      "p" : "0.01534",
      "s" : "sell",
      "i" : "NUM_USD",
      "m" : "4611686018429812735"
    }, {
      "d" : "1756452067007417860",
      "t" : 1756452067007,
      "tn" : 1756452067007417859,
      "q" : "1007",
      "p" : "0.01534",
      "s" : "sell",
      "i" : "NUM_USD",
      "m" : "4611686018429812734"
    }, {
      "d" : "1756452067007417859",
      "t" : 1756452067007,
      "tn" : 1756452067007417859,
      "q" : "82",
      "p" : "0.01534",
      "s" : "sell",
      "i" : "NUM_USD",
      "m" : "4611686018429812734"
    }, {
      "d" : "1756452067007415142",
      "t" : 1756452067007,
      "tn" : 1756452067007415142,
      "q" : "82",
      "p" : "0.01535",
      "s" : "sell",
      "i" : "NUM_USD",
      "m" : "4611686018429812733"
    }, {
      "d" : "1756452067007412936",
      "t" : 1756452067007,
      "tn" : 1756452067007412936,
      "q" : "82",
      "p" : "0.01536",
      "s" : "sell",
      "i" : "NUM_USD",
      "m" : "4611686018429812732"
    }, {
      "d" : "1756452067007410358",
      "t" : 1756452067007,
      "tn" : 1756452067007410357,
      "q" : "82",
      "p" : "0.01537",
      "s" : "sell",
      "i" : "NUM_USD",
      "m" : "4611686018429812731"
    }, {
      "d" : "1756452067007410357",
      "t" : 1756452067007,
      "tn" : 1756452067007410357,
      "q" : "565",
      "p" : "0.01537",
      "s" : "sell",
      "i" : "NUM_USD",
      "m" : "4611686018429812731"
    }, {
      "d" : "1756452066910134559",
      "t" : 1756452066910,
      "tn" : 1756452066910134559,
      "q" : "654",
      "p" : "0.01537",
      "s" : "sell",
      "i" : "NUM_USD",
      "m" : "4611686018429812730"
    }, {
      "d" : "1756452066910132695",
      "t" : 1756452066910,
      "tn" : 1756452066910132695,
      "q" : "82",
      "p" : "0.01538",
      "s" : "sell",
      "i" : "NUM_USD",
      "m" : "4611686018429812729"
    }, {
      "d" : "1756452066910130162",
      "t" : 1756452066910,
      "tn" : 1756452066910130162,
      "q" : "82",
      "p" : "0.01539",
      "s" : "sell",
      "i" : "NUM_USD",
      "m" : "4611686018429812728"
    }, {
      "d" : "1756452066910126751",
      "t" : 1756452066910,
      "tn" : 1756452066910126751,
      "q" : "82",
      "p" : "0.01540",
      "s" : "sell",
      "i" : "NUM_USD",
      "m" : "4611686018429812727"
    }, {
      "d" : "1756450212840957832",
      "t" : 1756450212840,
      "tn" : 1756450212840957832,
      "q" : "326",
      "p" : "0.01540",
      "s" : "sell",
      "i" : "NUM_USD",
      "m" : "4611686018429812726"
    }, {
      "d" : "1756450212840955512",
      "t" : 1756450212840,
      "tn" : 1756450212840955512,
      "q" : "82",
      "p" : "0.01541",
      "s" : "sell",
      "i" : "NUM_USD",
      "m" : "4611686018429812725"
    }, {
      "d" : "1756450212840953720",
      "t" : 1756450212840,
      "tn" : 1756450212840953720,
      "q" : "1215",
      "p" : "0.01542",
      "s" : "sell",
      "i" : "NUM_USD",
      "m" : "4611686018429812724"
    }, {
      "d" : "1756449692180260409",
      "t" : 1756449692180,
      "tn" : 1756449692180260409,
      "q" : "82",
      "p" : "0.01542",
      "s" : "buy",
      "i" : "NUM_USD",
      "m" : "4611686018429812723"
    }, {
      "d" : "1756448183106890538",
      "t" : 1756448183106,
      "tn" : 1756448183106890538,
      "q" : "972",
      "p" : "0.01540",
      "s" : "sell",
      "i" : "NUM_USD",
      "m" : "4611686018429812722"
    }, {
      "d" : "1756448183106888822",
      "t" : 1756448183106,
      "tn" : 1756448183106888822,
      "q" : "82",
      "p" : "0.01541",
      "s" : "sell",
      "i" : "NUM_USD",
      "m" : "4611686018429812721"
    } ]
  }
}