{
  "id" : -1,
  "method" : "public/get-trades",
  "code" : 0,
  "result" : {
    "data" : [ {
      "d" : "1756461644029085692",
      "t" : 1756461644029,
      "tn" : 1756461644029085692,
      "q" : "5.5",
      "p" : "0.7200",
      "s" : "sell",
      "i" : "NXPC_USD",
      "m" : "4611686018427530330"
    }, {
      "d" : "1756461623035991936",
      "t" : 1756461623035,
      "tn" : 1756461623035991936,
      "q" : "5.5",
      "p" : "0.7208",
      "s" : "sell",
      "i" : "NXPC_USD",
      "m" : "4611686018427530329"
    }, {
      "d" : "1756461619385019775",
      "t" : 1756461619385,
      "tn" : 1756461619385019775,
      "q" : "3.1",
      "p" : "0.7208",
      "s" : "sell",
      "i" : "NXPC_USD",
      "m" : "4611686018427530328"
    }, {
      "d" : "1756461469984952557",
      "t" : 1756461469984,
      "tn" : 1756461469984952557,
      "q" : "3.1",
      "p" : "0.7216",
      "s" : "buy",
      "i" : "NXPC_USD",
      "m" : "4611686018427530327"
    }, {
      "d" : "1756461026349995943",
      "t" : 1756461026349,
      "tn" : 1756461026349995943,
      "q" : "4.9",
      "p" : "0.7216",
      "s" : "sell",
      "i" : "NXPC_USD",
      "m" : "4611686018427530326"
    }, {
      "d" : "1756460838750226952",
      "t" : 1756460838750,
      "tn" : 1756460838750226952,
      "q" : "3.9",
      "p" : "0.7225",
      "s" : "buy",
      "i" : "NXPC_USD",
      "m" : "4611686018427530325"
    }, {
      "d" : "1756460767088120671",
      "t" : 1756460767088,
      "tn" : 1756460767088120671,
      "q" : "4.1",
      "p" : "0.7216",
      "s" : "buy",
      "i" : "NXPC_USD",
      "m" : "4611686018427530324"
    }, {
      "d" : "1756460736071991672",
      "t" : 1756460736071,
      "tn" : 1756460736071991672,
      "q" : "2.8",
      "p" : "0.7208",
      "s" : "buy",
      "i" : "NXPC_USD",
      "m" : "4611686018427530323"
    }, {
      "d" : "1756460719654936521",
      "t" : 1756460719654,
      "tn" : 1756460719654936521,
      "q" : "4.0",
      "p" : "0.7200",
      "s" : "buy",
      "i" : "NXPC_USD",
      "m" : "4611686018427530322"
    }, {
      "d" : "1756460456905029165",
      "t" : 1756460456905,
      "tn" : 1756460456905029165,
      "q" : "4.0",
      "p" : "0.7192",
      "s" : "buy",
      "i" : "NXPC_USD",
      "m" : "4611686018427530321"
    }, {
      "d" : "1756460139369984119",
      "t" : 1756460139369,
      "tn" : 1756460139369984119,
      "q" : "5.6",
      "p" : "0.7184",
      "s" : "sell",
      "i" : "NXPC_USD",
      "m" : "4611686018427530320"
    }, {
      "d" : "1756460092621506754",
      "t" : 1756460092621,
      "tn" : 1756460092621506754,
      "q" : "2.6",
      "p" : "0.7184",
      "s" : "sell",
      "i" : "NXPC_USD",
      "m" : "4611686018427530319"
    }, {
      "d" : "1756460082614935003",
      "t" : 1756460082614,
      "tn" : 1756460082614935003,
      "q" : "5.7",
      "p" : "0.7184",
      "s" : "sell",
      "i" : "NXPC_USD",
      "m" : "4611686018427530318"
    }, {
      "d" : "1756459507370165056",
      "t" : 1756459507370,
      "tn" : 1756459507370165056,
      "q" : "6.0",
      "p" : "0.7192",
      "s" : "sell",
      "i" : "NXPC_USD",
      "m" : "4611686018427530317"
    }, {
      "d" : "1756459207065017039",
      "t" : 1756459207065,
      "tn" : 1756459207065017039,
      "q" : "3.4",
      "p" : "0.7217",
      "s" : "buy",
      "i" : "NXPC_USD",
      "m" : "4611686018427530316"
    }, {
      "d" : "1756459183568100916",
      "t" : 1756459183568,
      "tn" : 1756459183568100915,
      "q" : "3.9",
      "p" : "0.7201",
      "s" : "buy",
      "i" : "NXPC_USD",
      "m" : "4611686018427530315"
    }, {
      "d" : "1756459183568100915",
      "t" : 1756459183568,
      "tn" : 1756459183568100915,
      "q" : "3.7",
      "p" : "0.7201",
      "s" : "buy",
      "i" : "NXPC_USD",
      "m" : "4611686018427530315"
    }, {
      "d" : "1756459165032004607",
      "t" : 1756459165032,
      "tn" : 1756459165032004607,
      "q" : "4.1",
      "p" : "0.7192",
      "s" : "buy",
      "i" : "NXPC_USD",
      "m" : "4611686018427530314"
    }, {
      "d" : "1756459001182966137",
      "t" : 1756459001182,
      "tn" : 1756459001182966137,
      "q" : "12.2",
      "p" : "0.7177",
      "s" : "buy",
      "i" : "NXPC_USD",
      "m" : "4611686018427530313"
    }, {
      "d" : "1756459001182964508",
      "t" : 1756459001182,
      "tn" : 1756459001182964508,
      "q" : "3.7",
      "p" : "0.7176",
      "s" : "buy",
      "i" : "NXPC_USD",
      "m" : "4611686018427530312"
    }, {
      "d" : "1756458824420011011",
      "t" : 1756458824420,
      "tn" : 1756458824420011011,
      "q" : "5.2",
      "p" : "0.7160",
      "s" : "sell",
      "i" : "NXPC_USD",
      "m" : "4611686018427530311"
    }, {
      "d" : "1756458758176993637",
      "t" : 1756458758176,
      "tn" : 1756458758176993637,
      "q" : "2.9",
      "p" : "0.7168",
      "s" : "buy",
      "i" : "NXPC_USD",
      "m" : "4611686018427530310"
    }, {
      "d" : "1756458756410975685",
      "t" : 1756458756410,
      "tn" : 1756458756410975685,
      "q" : "2.9",
      "p" : "0.7160",
      "s" : "buy",
      "i" : "NXPC_USD",
      "m" : "4611686018427530309"
    }, {
      "d" : "1756458697224056818",
      "t" : 1756458697224,
      "tn" : 1756458697224056818,
      "q" : "2.7",
      "p" : "0.7152",
      "s" : "buy",
      "i" : "NXPC_USD",
      "m" : "4611686018427530308"
    }, {
      "d" : "1756458666404105535",
      "t" : 1756458666404,
      "tn" : 1756458666404105535,
      "q" : "2.7",
      "p" : "0.7144",
      "s" : "buy",
      "i" : "NXPC_USD",
      "m" : "4611686018427530307"
    }, {
      "d" : "1756458663475949269",
      "t" : 1756458663475,
      "tn" : 1756458663475949269,
      "q" : "2.7",
      "p" : "0.7144",
      "s" : "buy",
      "i" : "NXPC_USD",
      "m" : "4611686018427530306"
    }, {
      "d" : "1756458380877121357",
      "t" : 1756458380877,
      "tn" : 1756458380877121357,
      "q" : "2.9",
      "p" : "0.7136",
      "s" : "sell",
      "i" : "NXPC_USD",
      "m" : "4611686018427530305"
    }, {
      "d" : "1756458272361016985",
      "t" : 1756458272361,
      "tn" : 1756458272361016984,
      "q" : "2.4",
      "p" : "0.7137",
      "s" : "buy",
      "i" : "NXPC_USD",
      "m" : "4611686018427530304"
    }, {
      "d" : "1756458272361016984",
      "t" : 1756458272361,
      "tn" : 1756458272361016984,
      "q" : "2.5",
      "p" : "0.7137",
      "s" : "buy",
      "i" : "NXPC_USD",
      "m" : "4611686018427530304"
    }, {
      "d" : "1756457793898762850",
      "t" : 1756457793898,
      "tn" : 1756457793898762850,
      "q" : "8.1",
      "p" : "0.7198",
      "s" : "buy",
      "i" : "NXPC_USD",
      "m" : "4611686018427530303"
    }, {
      "d" : "1756457200741446553",
      "t" : 1756457200741,
      "tn" : 1756457200741446553,
      "q" : "4.0",
      "p" : "0.7215",
      "s" : "buy",
      "i" : "NXPC_USD",
      "m" : "4611686018427530302"
    }, {
      "d" : "1756457036929514405",
      "t" : 1756457036929,
      "tn" : 1756457036929514405,
      "q" : "7.5",
      "p" : "0.7215",
      "s" : "buy",
      "i" : "NXPC_USD",
      "m" : "4611686018427530301"
    }, {
      "d" : "1756456940716975363",
      "t" : 1756456940716,
      "tn" : 1756456940716975363,
      "q" : "4.4",
      "p" : "0.7215",
      "s" : "buy",
      "i" : "NXPC_USD",
      "m" : "4611686018427530300"
    }, {
      "d" : "1756456809956442537",
      "t" : 1756456809956,
      "tn" : 1756456809956442537,
      "q" : "4.6",
      "p" : "0.7223",
      "s" : "buy",
      "i" : "NXPC_USD",
      "m" : "4611686018427530299"
    }, {
      "d" : "1756456804945963036",
      "t" : 1756456804945,
      "tn" : 1756456804945963036,
      "q" : "8.5",
      "p" : "0.7231",
      "s" : "buy",
      "i" : "NXPC_USD",
      "m" : "4611686018427530298"
    }, {
      "d" : "1756456798464734749",
      "t" : 1756456798464,
      "tn" : 1756456798464734749,
      "q" : "4.5",
      "p" : "0.7246",
      "s" : "buy",
      "i" : "NXPC_USD",
      "m" : "4611686018427530297"
    }, {
      "d" : "1756455803913449221",
      "t" : 1756455803913,
      "tn" : 1756455803913449221,
      "q" : "1.4",
      "p" : "0.7263",
      "s" : "buy",
      "i" : "NXPC_USD",
      "m" : "4611686018427530296"
    }, {
      "d" : "1756455633571591780",
      "t" : 1756455633571,
      "tn" : 1756455633571591780,
      "q" : "4.5",
      "p" : "0.7263",
      "s" : "buy",
      "i" : "NXPC_USD",
      "m" : "4611686018427530295"
    }, {
      "d" : "1756455628559610408",
      "t" : 1756455628559,
      "tn" : 1756455628559610408,
      "q" : "9.2",
      "p" : "0.7263",
      "s" : "buy",
      "i" : "NXPC_USD",
      "m" : "4611686018427530294"
    }, {
      "d" : "1756455049034815047",
      "t" : 1756455049034,
      "tn" : 1756455049034815047,
      "q" : "1.0",
      "p" : "0.7288",
      "s" : "sell",
      "i" : "NXPC_USD",
      "m" : "4611686018427530293"
    }, {
      "d" : "1756455049034813322",
      "t" : 1756455049034,
      "tn" : 1756455049034813322,
      "q" : "4.3",
      "p" : "0.7293",
      "s" : "sell",
      "i" : "NXPC_USD",
      "m" : "4611686018427530292"
    }, {
      "d" : "1756455049034810377",
      "t" : 1756455049034,
      "tn" : 1756455049034810377,
      "q" : "4.3",
      "p" : "0.7303",
      "s" : "sell",
      "i" : "NXPC_USD",
      "m" : "4611686018427530291"
    }, {
      "d" : "1756455049034808206",
      "t" : 1756455049034,
      "tn" : 1756455049034808206,
      "q" : "4.7",
      "p" : "0.7311",
      "s" : "sell",
      "i" : "NXPC_USD",
      "m" : "4611686018427530290"
    }, {
      "d" : "1756455049034805858",
      "t" : 1756455049034,
      "tn" : 1756455049034805858,
      "q" : "4.4",
      "p" : "0.7320",
      "s" : "sell",
      "i" : "NXPC_USD",
      "m" : "4611686018427530289"
    }, {
      "d" : "1756455049034804193",
      "t" : 1756455049034,
      "tn" : 1756455049034804193,
      "q" : "4.3",
      "p" : "0.7326",
      "s" : "sell",
      "i" : "NXPC_USD",
      "m" : "4611686018427530288"
    }, {
      "d" : "1756455049034803223",
      "t" : 1756455049034,
      "tn" : 1756455049034803223,
      "q" : "4.4",
      "p" : "0.7336",
      "s" : "sell",
      "i" : "NXPC_USD",
      "m" : "4611686018427530287"
    }, {
      "d" : "1756454448380507986",
      "t" : 1756454448380,
      "tn" : 1756454448380507986,
      "q" : "5.4",
      "p" : "0.7344",
      "s" : "buy",
      "i" : "NXPC_USD",
      "m" : "4611686018427530286"
    }, {
      "d" : "1756454139699782400",
      "t" : 1756454139699,
      "tn" : 1756454139699782400,
      "q" : "4.6",
      "p" : "0.7328",
      "s" : "sell",
      "i" : "NXPC_USD",
      "m" : "4611686018427530285"
    }, {
      "d" : "1756453728867728197",
      "t" : 1756453728867,
      "tn" : 1756453728867728197,
      "q" : "2.8",
      "p" : "0.7336",
      "s" : "buy",
      "i" : "NXPC_USD",
      "m" : "4611686018427530284"
    }, {
      "d" : "1756453718289743931",
      "t" : 1756453718289,
      "tn" : 1756453718289743931,
      "q" : "3.1",
      "p" : "0.7336",
      "s" : "buy",
      "i" : "NXPC_USD",
      "m" : "4611686018427530283"
    }, {
      "d" : "1756453264938186033",
      "t" : 1756453264938,
      "tn" : 1756453264938186033,
      "q" : "272.9",
      "p" : "0.7330",
      "s" : "sell",
      "i" : "NXPC_USD",
      "m" : "4611686018427530282"
    }, {
      "d" : "1756453264853120063",
      "t" : 1756453264853,
      "tn" : 1756453264853120063,
      "q" : "46.2",
      "p" : "0.7332",
      "s" : "sell",
      "i" : "NXPC_USD",
      "m" : "4611686018427530281"
    }, {
      "d" : "1756453264834354517",
      "t" : 1756453264834,
      "tn" : 1756453264834354517,
      "q" : "272.8",
      "p" : "0.7332",
      "s" : "sell",
      "i" : "NXPC_USD",
      "m" : "4611686018427530280"
    }, {
      "d" : "1756453264752184958",
      "t" : 1756453264752,
      "tn" : 1756453264752184958,
      "q" : "192.5",
      "p" : "0.7322",
      "s" : "sell",
      "i" : "NXPC_USD",
      "m" : "4611686018427530279"
    }, {
      "d" : "1756453264696722548",
      "t" : 1756453264696,
      "tn" : 1756453264696722548,
      "q" : "131.6",
      "p" : "0.7322",
      "s" : "sell",
      "i" : "NXPC_USD",
      "m" : "4611686018427530278"
    }, {
      "d" : "1756453264696721104",
      "t" : 1756453264696,
      "tn" : 1756453264696721104,
      "q" : "4.4",
      "p" : "0.7328",
      "s" : "sell",
      "i" : "NXPC_USD",
      "m" : "4611686018427530277"
    }, {
      "d" : "1756453264696719457",
      "t" : 1756453264696,
      "tn" : 1756453264696719457,
      "q" : "4.5",
      "p" : "0.7336",
      "s" : "sell",
      "i" : "NXPC_USD",
      "m" : "4611686018427530276"
    }, {
      "d" : "1756453264696716583",
      "t" : 1756453264696,
      "tn" : 1756453264696716583,
      "q" : "4.3",
      "p" : "0.7342",
      "s" : "sell",
      "i" : "NXPC_USD",
      "m" : "4611686018427530275"
    }, {
      "d" : "1756453264696714219",
      "t" : 1756453264696,
      "tn" : 1756453264696714219,
      "q" : "4.6",
      "p" : "0.7350",
      "s" : "sell",
      "i" : "NXPC_USD",
      "m" : "4611686018427530274"
    }, {
      "d" : "1756453264696711931",
      "t" : 1756453264696,
      "tn" : 1756453264696711931,
      "q" : "4.6",
      "p" : "0.7360",
      "s" : "sell",
      "i" : "NXPC_USD",
      "m" : "4611686018427530273"
    }, {
      "d" : "1756453264696709171",
      "t" : 1756453264696,
      "tn" : 1756453264696709171,
      "q" : "4.7",
      "p" : "0.7367",
      "s" : "sell",
      "i" : "NXPC_USD",
      "m" : "4611686018427530272"
    }, {
      "d" : "1756452499040413268",
      "t" : 1756452499040,
      "tn" : 1756452499040413268,
      "q" : "4.5",
      "p" : "0.7368",
      "s" : "buy",
      "i" : "NXPC_USD",
      "m" : "4611686018427530271"
    }, {
      "d" : "1756452490605355034",
      "t" : 1756452490605,
      "tn" : 1756452490605355033,
      "q" : "44.3",
      "p" : "0.7383",
      "s" : "sell",
      "i" : "NXPC_USD",
      "m" : "4611686018427530270"
    }, {
      "d" : "1756452490605355033",
      "t" : 1756452490605,
      "tn" : 1756452490605355033,
      "q" : "4.3",
      "p" : "0.7383",
      "s" : "sell",
      "i" : "NXPC_USD",
      "m" : "4611686018427530270"
    }, {
      "d" : "1756452490605351722",
      "t" : 1756452490605,
      "tn" : 1756452490605351722,
      "q" : "4.5",
      "p" : "0.7392",
      "s" : "sell",
      "i" : "NXPC_USD",
      "m" : "4611686018427530269"
    }, {
      "d" : "1756452490605349455",
      "t" : 1756452490605,
      "tn" : 1756452490605349455,
      "q" : "5.1",
      "p" : "0.7397",
      "s" : "sell",
      "i" : "NXPC_USD",
      "m" : "4611686018427530268"
    }, {
      "d" : "1756452490604061756",
      "t" : 1756452490604,
      "tn" : 1756452490604061756,
      "q" : "4.1",
      "p" : "0.7405",
      "s" : "sell",
      "i" : "NXPC_USD",
      "m" : "4611686018427530267"
    }, {
      "d" : "1756452490604059756",
      "t" : 1756452490604,
      "tn" : 1756452490604059756,
      "q" : "4.6",
      "p" : "0.7415",
      "s" : "sell",
      "i" : "NXPC_USD",
      "m" : "4611686018427530266"
    }, {
      "d" : "1756451953103581272",
      "t" : 1756451953103,
      "tn" : 1756451953103581272,
      "q" : "24.0",
      "p" : "0.7423",
      "s" : "buy",
      "i" : "NXPC_USD",
      "m" : "4611686018427530265"
    }, {
      "d" : "1756451707586875521",
      "t" : 1756451707586,
      "tn" : 1756451707586875521,
      "q" : "35.5",
      "p" : "0.7416",
      "s" : "sell",
      "i" : "NXPC_USD",
      "m" : "4611686018427530264"
    }, {
      "d" : "1756451707586875068",
      "t" : 1756451707586,
      "tn" : 1756451707586875068,
      "q" : "4.2",
      "p" : "0.7424",
      "s" : "sell",
      "i" : "NXPC_USD",
      "m" : "4611686018427530263"
    }, {
      "d" : "1756451707584825415",
      "t" : 1756451707584,
      "tn" : 1756451707584825415,
      "q" : "4.2",
      "p" : "0.7432",
      "s" : "sell",
      "i" : "NXPC_USD",
      "m" : "4611686018427530262"
    }, {
      "d" : "1756451707584823503",
      "t" : 1756451707584,
      "tn" : 1756451707584823503,
      "q" : "5.0",
      "p" : "0.7439",
      "s" : "sell",
      "i" : "NXPC_USD",
      "m" : "4611686018427530261"
    }, {
      "d" : "1756451707582618016",
      "t" : 1756451707582,
      "tn" : 1756451707582618016,
      "q" : "4.2",
      "p" : "0.7448",
      "s" : "sell",
      "i" : "NXPC_USD",
      "m" : "4611686018427530260"
    }, {
      "d" : "1756451707582615896",
      "t" : 1756451707582,
      "tn" : 1756451707582615896,
      "q" : "4.2",
      "p" : "0.7456",
      "s" : "sell",
      "i" : "NXPC_USD",
      "m" : "4611686018427530259"
    }, {
      "d" : "1756451707582615016",
      "t" : 1756451707582,
      "tn" : 1756451707582615016,
      "q" : "4.3",
      "p" : "0.7462",
      "s" : "sell",
      "i" : "NXPC_USD",
      "m" : "4611686018427530258"
    }, {
      "d" : "1756451481943629247",
      "t" : 1756451481943,
      "tn" : 1756451481943629247,
      "q" : "1.4",
      "p" : "0.7463",
      "s" : "buy",
      "i" : "NXPC_USD",
      "m" : "4611686018427530257"
    }, {
      "d" : "1756451467462300061",
      "t" : 1756451467462,
      "tn" : 1756451467462300061,
      "q" : "2.6",
      "p" : "0.7472",
      "s" : "sell",
      "i" : "NXPC_USD",
      "m" : "4611686018427530256"
    }, {
      "d" : "1756451403825422055",
      "t" : 1756451403825,
      "tn" : 1756451403825422055,
      "q" : "9.8",
      "p" : "0.7482",
      "s" : "sell",
      "i" : "NXPC_USD",
      "m" : "4611686018427530255"
    }, {
      "d" : "1756451252945047225",
      "t" : 1756451252945,
      "tn" : 1756451252945047225,
      "q" : "4.9",
      "p" : "0.7471",
      "s" : "buy",
      "i" : "NXPC_USD",
      "m" : "4611686018427530254"
    }, {
      "d" : "1756451241928682637",
      "t" : 1756451241928,
      "tn" : 1756451241928682637,
      "q" : "8.5",
      "p" : "0.7471",
      "s" : "buy",
      "i" : "NXPC_USD",
      "m" : "4611686018427530253"
    }, {
      "d" : "1756451228136373834",
      "t" : 1756451228136,
      "tn" : 1756451228136373834,
      "q" : "3.2",
      "p" : "0.7472",
      "s" : "sell",
      "i" : "NXPC_USD",
      "m" : "4611686018427530252"
    }, {
      "d" : "1756451223273845570",
      "t" : 1756451223273,
      "tn" : 1756451223273845569,
      "q" : "1.5",
      "p" : "0.7487",
      "s" : "sell",
      "i" : "NXPC_USD",
      "m" : "4611686018427530251"
    }, {
      "d" : "1756451223273845569",
      "t" : 1756451223273,
      "tn" : 1756451223273845569,
      "q" : "5.0",
      "p" : "0.7487",
      "s" : "sell",
      "i" : "NXPC_USD",
      "m" : "4611686018427530251"
    }, {
      "d" : "1756451017363772749",
      "t" : 1756451017363,
      "tn" : 1756451017363772748,
      "q" : "0.8",
      "p" : "0.7496",
      "s" : "sell",
      "i" : "NXPC_USD",
      "m" : "4611686018427530250"
    }, {
      "d" : "1756451017363772748",
      "t" : 1756451017363,
      "tn" : 1756451017363772748,
      "q" : "8.0",
      "p" : "0.7496",
      "s" : "sell",
      "i" : "NXPC_USD",
      "m" : "4611686018427530250"
    }, {
      "d" : "1756451017355967677",
      "t" : 1756451017355,
      "tn" : 1756451017355967677,
      "q" : "16.0",
      "p" : "0.7496",
      "s" : "sell",
      "i" : "NXPC_USD",
      "m" : "4611686018427530249"
    }, {
      "d" : "1756450950647263448",
      "t" : 1756450950647,
      "tn" : 1756450950647263448,
      "q" : "8.4",
      "p" : "0.7497",
      "s" : "sell",
      "i" : "NXPC_USD",
      "m" : "4611686018427530248"
    }, {
      "d" : "1756450899927589222",
      "t" : 1756450899927,
      "tn" : 1756450899927589222,
      "q" : "4.9",
      "p" : "0.7496",
      "s" : "buy",
      "i" : "NXPC_USD",
      "m" : "4611686018427530247"
    }, {
      "d" : "1756450899927587238",
      "t" : 1756450899927,
      "tn" : 1756450899927587238,
      "q" : "5.0",
      "p" : "0.7488",
      "s" : "buy",
      "i" : "NXPC_USD",
      "m" : "4611686018427530246"
    }, {
      "d" : "1756450758841620373",
      "t" : 1756450758841,
      "tn" : 1756450758841620373,
      "q" : "2.6",
      "p" : "0.7488",
      "s" : "buy",
      "i" : "NXPC_USD",
      "m" : "4611686018427530245"
    }, {
      "d" : "1756450345822962458",
      "t" : 1756450345822,
      "tn" : 1756450345822962458,
      "q" : "3.7",
      "p" : "0.7480",
      "s" : "buy",
      "i" : "NXPC_USD",
      "m" : "4611686018427530244"
    }, {
      "d" : "1756450116422798115",
      "t" : 1756450116422,
      "tn" : 1756450116422798115,
      "q" : "5.3",
      "p" : "0.7464",
      "s" : "sell",
      "i" : "NXPC_USD",
      "m" : "4611686018427530243"
    }, {
      "d" : "1756450084790882985",
      "t" : 1756450084790,
      "tn" : 1756450084790882985,
      "q" : "2.8",
      "p" : "0.7480",
      "s" : "buy",
      "i" : "NXPC_USD",
      "m" : "4611686018427530242"
    }, {
      "d" : "1756450078416390934",
      "t" : 1756450078416,
      "tn" : 1756450078416390934,
      "q" : "4.8",
      "p" : "0.7472",
      "s" : "buy",
      "i" : "NXPC_USD",
      "m" : "4611686018427530241"
    }, {
      "d" : "1756450077284817279",
      "t" : 1756450077284,
      "tn" : 1756450077284817279,
      "q" : "4.7",
      "p" : "0.7464",
      "s" : "buy",
      "i" : "NXPC_USD",
      "m" : "4611686018427530240"
    }, {
      "d" : "1756450075246756118",
      "t" : 1756450075246,
      "tn" : 1756450075246756118,
      "q" : "3.3",
      "p" : "0.7457",
      "s" : "buy",
      "i" : "NXPC_USD",
      "m" : "4611686018427530239"
    }, {
      "d" : "1756450052921828446",
      "t" : 1756450052921,
      "tn" : 1756450052921828446,
      "q" : "4.8",
      "p" : "0.7448",
      "s" : "buy",
      "i" : "NXPC_USD",
      "m" : "4611686018427530238"
    }, {
      "d" : "1756450018880688999",
      "t" : 1756450018880,
      "tn" : 1756450018880688999,
      "q" : "4.9",
      "p" : "0.7448",
      "s" : "sell",
      "i" : "NXPC_USD",
      "m" : "4611686018427530237"
    }, {
      "d" : "1756449989052505353",
      "t" : 1756449989052,
      "tn" : 1756449989052505352,
      "q" : "3.6",
      "p" : "0.7456",
      "s" : "sell",
      "i" : "NXPC_USD",
      "m" : "4611686018427530236"
    }, {
      "d" : "1756449989052505352",
      "t" : 1756449989052,
      "tn" : 1756449989052505352,
      "q" : "4.7",
      "p" : "0.7456",
      "s" : "sell",
      "i" : "NXPC_USD",
      "m" : "4611686018427530236"
    }, {
      "d" : "1756449937067866720",
      "t" : 1756449937067,
      "tn" : 1756449937067866720,
      "q" : "5.0",
      "p" : "0.7464",
      "s" : "buy",
      "i" : "NXPC_USD",
      "m" : "4611686018427530235"
    }, {
      "d" : "1756449927341949340",
      "t" : 1756449927341,
      "tn" : 1756449927341949340,
      "q" : "4.7",
      "p" : "0.7456",
      "s" : "sell",
      "i" : "NXPC_USD",
      "m" : "4611686018427530234"
    }, {
      "d" : "1756449926879958127",
      "t" : 1756449926879,
      "tn" : 1756449926879958127,
      "q" : "3.3",
      "p" : "0.7464",
      "s" : "sell",
      "i" : "NXPC_USD",
      "m" : "4611686018427530233"
    }, {
      "d" : "1756449906221922222",
      "t" : 1756449906221,
      "tn" : 1756449906221922222,
      "q" : "4.6",
      "p" : "0.7472",
      "s" : "buy",
      "i" : "NXPC_USD",
      "m" : "4611686018427530232"
    }, {
      "d" : "1756449876348110991",
      "t" : 1756449876348,
      "tn" : 1756449876348110991,
      "q" : "4.8",
      "p" : "0.7464",
      "s" : "buy",
      "i" : "NXPC_USD",
      "m" : "4611686018427530231"
    }, {
      "d" : "1756449796495744173",
      "t" : 1756449796495,
      "tn" : 1756449796495744173,
      "q" : "4.7",
      "p" : "0.7456",
      "s" : "buy",
      "i" : "NXPC_USD",
      "m" : "4611686018427530230"
    }, {
      "d" : "1756449781800674863",
      "t" : 1756449781800,
      "tn" : 1756449781800674863,
      "q" : "5.0",
      "p" : "0.7456",
      "s" : "sell",
      "i" : "NXPC_USD",
      "m" : "4611686018427530229"
    }, {
      "d" : "1756449781068243304",
      "t" : 1756449781068,
      "tn" : 1756449781068243304,
      "q" : "4.7",
      "p" : "0.7456",
      "s" : "sell",
      "i" : "NXPC_USD",
      "m" : "4611686018427530228"
    }, {
      "d" : "1756449765709010362",
      "t" : 1756449765709,
      "tn" : 1756449765709010362,
      "q" : "4.9",
      "p" : "0.7464",
      "s" : "buy",
      "i" : "NXPC_USD",
      "m" : "4611686018427530227"
    }, {
      "d" : "1756449762927033035",
      "t" : 1756449762927,
      "tn" : 1756449762927033035,
      "q" : "4.7",
      "p" : "0.7456",
      "s" : "buy",
      "i" : "NXPC_USD",
      "m" : "4611686018427530226"
    }, {
      "d" : "1756449756883854814",
      "t" : 1756449756883,
      "tn" : 1756449756883854814,
      "q" : "3.1",
      "p" : "0.7448",
      "s" : "buy",
      "i" : "NXPC_USD",
      "m" : "4611686018427530225"
    }, {
      "d" : "1756449754481092697",
      "t" : 1756449754481,
      "tn" : 1756449754481092697,
      "q" : "4.9",
      "p" : "0.7440",
      "s" : "buy",
      "i" : "NXPC_USD",
      "m" : "4611686018427530224"
    }, {
      "d" : "1756449753730180202",
      "t" : 1756449753730,
      "tn" : 1756449753730180202,
      "q" : "4.0",
      "p" : "0.7426",
      "s" : "buy",
      "i" : "NXPC_USD",
      "m" : "4611686018427530223"
    }, {
      "d" : "1756449753658753141",
      "t" : 1756449753658,
      "tn" : 1756449753658753141,
      "q" : "0.6",
      "p" : "0.7426",
      "s" : "buy",
      "i" : "NXPC_USD",
      "m" : "4611686018427530222"
    }, {
      "d" : "1756449753658751610",
      "t" : 1756449753658,
      "tn" : 1756449753658751609,
      "q" : "4.6",
      "p" : "0.7417",
      "s" : "buy",
      "i" : "NXPC_USD",
      "m" : "4611686018427530221"
    }, {
      "d" : "1756449753658751609",
      "t" : 1756449753658,
      "tn" : 1756449753658751609,
      "q" : "0.8",
      "p" : "0.7417",
      "s" : "buy",
      "i" : "NXPC_USD",
      "m" : "4611686018427530221"
    }, {
      "d" : "1756449752967895657",
      "t" : 1756449752967,
      "tn" : 1756449752967895657,
      "q" : "3.8",
      "p" : "0.7417",
      "s" : "buy",
      "i" : "NXPC_USD",
      "m" : "4611686018427530220"
    }, {
      "d" : "1756449738886798410",
      "t" : 1756449738886,
      "tn" : 1756449738886798410,
      "q" : "4.5",
      "p" : "0.7404",
      "s" : "buy",
      "i" : "NXPC_USD",
      "m" : "4611686018427530219"
    }, {
      "d" : "1756449716147563702",
      "t" : 1756449716147,
      "tn" : 1756449716147563702,
      "q" : "1.2",
      "p" : "0.7398",
      "s" : "sell",
      "i" : "NXPC_USD",
      "m" : "4611686018427530218"
    }, {
      "d" : "1756449716147563238",
      "t" : 1756449716147,
      "tn" : 1756449716147563238,
      "q" : "5.0",
      "p" : "0.7406",
      "s" : "sell",
      "i" : "NXPC_USD",
      "m" : "4611686018427530217"
    }, {
      "d" : "1756449716147559208",
      "t" : 1756449716147,
      "tn" : 1756449716147559208,
      "q" : "5.2",
      "p" : "0.7415",
      "s" : "sell",
      "i" : "NXPC_USD",
      "m" : "4611686018427530216"
    }, {
      "d" : "1756449716147556965",
      "t" : 1756449716147,
      "tn" : 1756449716147556965,
      "q" : "5.4",
      "p" : "0.7422",
      "s" : "sell",
      "i" : "NXPC_USD",
      "m" : "4611686018427530215"
    }, {
      "d" : "1756449716147554741",
      "t" : 1756449716147,
      "tn" : 1756449716147554741,
      "q" : "5.2",
      "p" : "0.7430",
      "s" : "sell",
      "i" : "NXPC_USD",
      "m" : "4611686018427530214"
    }, {
      "d" : "1756449716147551870",
      "t" : 1756449716147,
      "tn" : 1756449716147551870,
      "q" : "5.0",
      "p" : "0.7440",
      "s" : "sell",
      "i" : "NXPC_USD",
      "m" : "4611686018427530213"
    }, {
      "d" : "1756449708485835405",
      "t" : 1756449708485,
      "tn" : 1756449708485835405,
      "q" : "2.6",
      "p" : "0.7456",
      "s" : "sell",
      "i" : "NXPC_USD",
      "m" : "4611686018427530212"
    }, {
      "d" : "1756449702624521023",
      "t" : 1756449702624,
      "tn" : 1756449702624521023,
      "q" : "5.4",
      "p" : "0.7447",
      "s" : "buy",
      "i" : "NXPC_USD",
      "m" : "4611686018427530211"
    }, {
      "d" : "1756449700810859104",
      "t" : 1756449700810,
      "tn" : 1756449700810859104,
      "q" : "3.3",
      "p" : "0.7456",
      "s" : "sell",
      "i" : "NXPC_USD",
      "m" : "4611686018427530210"
    }, {
      "d" : "1756449675583742658",
      "t" : 1756449675583,
      "tn" : 1756449675583742658,
      "q" : "4.3",
      "p" : "0.7472",
      "s" : "buy",
      "i" : "NXPC_USD",
      "m" : "4611686018427530209"
    }, {
      "d" : "1756449620024930046",
      "t" : 1756449620024,
      "tn" : 1756449620024930046,
      "q" : "0.4",
      "p" : "0.7456",
      "s" : "sell",
      "i" : "NXPC_USD",
      "m" : "4611686018427530208"
    }, {
      "d" : "1756449620024928451",
      "t" : 1756449620024,
      "tn" : 1756449620024928451,
      "q" : "5.4",
      "p" : "0.7464",
      "s" : "sell",
      "i" : "NXPC_USD",
      "m" : "4611686018427530207"
    }, {
      "d" : "1756449620024926276",
      "t" : 1756449620024,
      "tn" : 1756449620024926276,
      "q" : "5.3",
      "p" : "0.7472",
      "s" : "sell",
      "i" : "NXPC_USD",
      "m" : "4611686018427530206"
    }, {
      "d" : "1756449620024924163",
      "t" : 1756449620024,
      "tn" : 1756449620024924163,
      "q" : "5.2",
      "p" : "0.7480",
      "s" : "sell",
      "i" : "NXPC_USD",
      "m" : "4611686018427530205"
    }, {
      "d" : "1756449620024921733",
      "t" : 1756449620024,
      "tn" : 1756449620024921733,
      "q" : "5.3",
      "p" : "0.7485",
      "s" : "sell",
      "i" : "NXPC_USD",
      "m" : "4611686018427530204"
    }, {
      "d" : "1756449620024919535",
      "t" : 1756449620024,
      "tn" : 1756449620024919535,
      "q" : "5.2",
      "p" : "0.7496",
      "s" : "sell",
      "i" : "NXPC_USD",
      "m" : "4611686018427530203"
    }, {
      "d" : "1756449602644896454",
      "t" : 1756449602644,
      "tn" : 1756449602644896454,
      "q" : "0.2",
      "p" : "0.7501",
      "s" : "sell",
      "i" : "NXPC_USD",
      "m" : "4611686018427530202"
    }, {
      "d" : "1756449602644894571",
      "t" : 1756449602644,
      "tn" : 1756449602644894571,
      "q" : "5.0",
      "p" : "0.7512",
      "s" : "sell",
      "i" : "NXPC_USD",
      "m" : "4611686018427530201"
    }, {
      "d" : "1756449602644892095",
      "t" : 1756449602644,
      "tn" : 1756449602644892095,
      "q" : "5.0",
      "p" : "0.7519",
      "s" : "sell",
      "i" : "NXPC_USD",
      "m" : "4611686018427530200"
    }, {
      "d" : "1756449602644889859",
      "t" : 1756449602644,
      "tn" : 1756449602644889859,
      "q" : "5.7",
      "p" : "0.7526",
      "s" : "sell",
      "i" : "NXPC_USD",
      "m" : "4611686018427530199"
    }, {
      "d" : "1756449602644887477",
      "t" : 1756449602644,
      "tn" : 1756449602644887477,
      "q" : "5.4",
      "p" : "0.7535",
      "s" : "sell",
      "i" : "NXPC_USD",
      "m" : "4611686018427530198"
    }, {
      "d" : "1756449602644884827",
      "t" : 1756449602644,
      "tn" : 1756449602644884827,
      "q" : "5.4",
      "p" : "0.7541",
      "s" : "sell",
      "i" : "NXPC_USD",
      "m" : "4611686018427530197"
    }, {
      "d" : "1756448157424614358",
      "t" : 1756448157424,
      "tn" : 1756448157424614358,
      "q" : "5.1",
      "p" : "0.7542",
      "s" : "buy",
      "i" : "NXPC_USD",
      "m" : "4611686018427530196"
    }, {
      "d" : "1756448067640932990",
      "t" : 1756448067640,
      "tn" : 1756448067640932990,
      "q" : "1.4",
      "p" : "0.7559",
      "s" : "sell",
      "i" : "NXPC_USD",
      "m" : "4611686018427530195"
    }, {
      "d" : "1756448067640931479",
      "t" : 1756448067640,
      "tn" : 1756448067640931479,
      "q" : "5.2",
      "p" : "0.7568",
      "s" : "sell",
      "i" : "NXPC_USD",
      "m" : "4611686018427530194"
    }, {
      "d" : "1756448067640928905",
      "t" : 1756448067640,
      "tn" : 1756448067640928905,
      "q" : "5.3",
      "p" : "0.7576",
      "s" : "sell",
      "i" : "NXPC_USD",
      "m" : "4611686018427530193"
    }, {
      "d" : "1756447821318955595",
      "t" : 1756447821318,
      "tn" : 1756447821318955595,
      "q" : "2.9",
      "p" : "0.7576",
      "s" : "sell",
      "i" : "NXPC_USD",
      "m" : "4611686018427530192"
    }, {
      "d" : "1756447800402710717",
      "t" : 1756447800402,
      "tn" : 1756447800402710717,
      "q" : "5.0",
      "p" : "0.7584",
      "s" : "sell",
      "i" : "NXPC_USD",
      "m" : "4611686018427530191"
    }, {
      "d" : "1756447794126221409",
      "t" : 1756447794126,
      "tn" : 1756447794126221409,
      "q" : "3.6",
      "p" : "0.7592",
      "s" : "sell",
      "i" : "NXPC_USD",
      "m" : "4611686018427530190"
    }, {
      "d" : "1756447355951705688",
      "t" : 1756447355951,
      "tn" : 1756447355951705688,
      "q" : "5.3",
      "p" : "0.7606",
      "s" : "buy",
      "i" : "NXPC_USD",
      "m" : "4611686018427530189"
    }, {
      "d" : "1756447277071795531",
      "t" : 1756447277071,
      "tn" : 1756447277071795531,
      "q" : "4.8",
      "p" : "0.7587",
      "s" : "buy",
      "i" : "NXPC_USD",
      "m" : "4611686018427530188"
    } ]
  }
}