{
  "id" : -1,
  "method" : "public/get-trades",
  "code" : 0,
  "result" : {
    "data" : [ {
      "d" : "1756459001182954058",
      "t" : 1756459001182,
      "tn" : 1756459001182954058,
      "q" : "13",
      "p" : "0.7181",
      "s" : "buy",
      "i" : "NXPCUSD-PERP",
      "m" : "4611686018427464698"
    }, {
      "d" : "1756459001182951632",
      "t" : 1756459001182,
      "tn" : 1756459001182951632,
      "q" : "1",
      "p" : "0.7178",
      "s" : "buy",
      "i" : "NXPCUSD-PERP",
      "m" : "4611686018427464697"
    }, {
      "d" : "1756458171041408524",
      "t" : 1756458171041,
      "tn" : 1756458171041408524,
      "q" : "14",
      "p" : "0.7110",
      "s" : "sell",
      "i" : "NXPCUSD-PERP",
      "m" : "4611686018427464696"
    }, {
      "d" : "1756458171041406354",
      "t" : 1756458171041,
      "tn" : 1756458171041406354,
      "q" : "1",
      "p" : "0.7112",
      "s" : "sell",
      "i" : "NXPCUSD-PERP",
      "m" : "4611686018427464695"
    }, {
      "d" : "1756453091966170837",
      "t" : 1756453091966,
      "tn" : 1756453091966170837,
      "q" : "13",
      "p" : "0.7345",
      "s" : "sell",
      "i" : "NXPCUSD-PERP",
      "m" : "4611686018427464694"
    }, {
      "d" : "1756453091966168634",
      "t" : 1756453091966,
      "tn" : 1756453091966168634,
      "q" : "1",
      "p" : "0.7346",
      "s" : "sell",
      "i" : "NXPCUSD-PERP",
      "m" : "4611686018427464693"
    }, {
      "d" : "1756452582000704183",
      "t" : 1756452582000,
      "tn" : 1756452582000704183,
      "q" : "67",
      "p" : "0.7350",
      "s" : "buy",
      "i" : "NXPCUSD-PERP",
      "m" : "4611686018427464692"
    }, {
      "d" : "1756452490602603483",
      "t" : 1756452490602,
      "tn" : 1756452490602603483,
      "q" : "67",
      "p" : "0.7374",
      "s" : "sell",
      "i" : "NXPCUSD-PERP",
      "m" : "4611686018427464691"
    }, {
      "d" : "1756452490597088909",
      "t" : 1756452490597,
      "tn" : 1756452490597088909,
      "q" : "13",
      "p" : "0.7375",
      "s" : "sell",
      "i" : "NXPCUSD-PERP",
      "m" : "4611686018427464690"
    }, {
      "d" : "1756452490597087313",
      "t" : 1756452490597,
      "tn" : 1756452490597087313,
      "q" : "1",
      "p" : "0.7376",
      "s" : "sell",
      "i" : "NXPCUSD-PERP",
      "m" : "4611686018427464689"
    }, {
      "d" : "1756451800279529324",
      "t" : 1756451800279,
      "tn" : 1756451800279529324,
      "q" : "67",
      "p" : "0.7426",
      "s" : "buy",
      "i" : "NXPCUSD-PERP",
      "m" : "4611686018427464688"
    }, {
      "d" : "1756451707580311615",
      "t" : 1756451707580,
      "tn" : 1756451707580311615,
      "q" : "67",
      "p" : "0.7410",
      "s" : "sell",
      "i" : "NXPCUSD-PERP",
      "m" : "4611686018427464687"
    }, {
      "d" : "1756449719620638885",
      "t" : 1756449719620,
      "tn" : 1756449719620638885,
      "q" : "79",
      "p" : "0.7367",
      "s" : "buy",
      "i" : "NXPCUSD-PERP",
      "m" : "4611686018427464686"
    }, {
      "d" : "1756449602254892672",
      "t" : 1756449602254,
      "tn" : 1756449602254892672,
      "q" : "79",
      "p" : "0.7505",
      "s" : "sell",
      "i" : "NXPCUSD-PERP",
      "m" : "4611686018427464685"
    }, {
      "d" : "1756448143484060213",
      "t" : 1756448143484,
      "tn" : 1756448143484060213,
      "q" : "13",
      "p" : "0.7533",
      "s" : "sell",
      "i" : "NXPCUSD-PERP",
      "m" : "4611686018427464684"
    }, {
      "d" : "1756448143484057963",
      "t" : 1756448143484,
      "tn" : 1756448143484057963,
      "q" : "1",
      "p" : "0.7535",
      "s" : "sell",
      "i" : "NXPCUSD-PERP",
      "m" : "4611686018427464683"
    }, {
      "d" : "1756448072058072425",
      "t" : 1756448072058,
      "tn" : 1756448072058072425,
      "q" : "1",
      "p" : "0.7548",
      "s" : "sell",
      "i" : "NXPCUSD-PERP",
      "m" : "4611686018427464682"
    }, {
      "d" : "1756443794264310210",
      "t" : 1756443794264,
      "tn" : 1756443794264310210,
      "q" : "13",
      "p" : "0.7592",
      "s" : "sell",
      "i" : "NXPCUSD-PERP",
      "m" : "4611686018427464681"
    }, {
      "d" : "1756443794264308429",
      "t" : 1756443794264,
      "tn" : 1756443794264308429,
      "q" : "1",
      "p" : "0.7594",
      "s" : "sell",
      "i" : "NXPCUSD-PERP",
      "m" : "4611686018427464680"
    }, {
      "d" : "1756443517885907603",
      "t" : 1756443517885,
      "tn" : 1756443517885907602,
      "q" : "13",
      "p" : "0.7622",
      "s" : "sell",
      "i" : "NXPCUSD-PERP",
      "m" : "4611686018427464679"
    }, {
      "d" : "1756443517885907602",
      "t" : 1756443517885,
      "tn" : 1756443517885907602,
      "q" : "1",
      "p" : "0.7622",
      "s" : "sell",
      "i" : "NXPCUSD-PERP",
      "m" : "4611686018427464679"
    }, {
      "d" : "1756442982945914064",
      "t" : 1756442982945,
      "tn" : 1756442982945914064,
      "q" : "13",
      "p" : "0.7645",
      "s" : "sell",
      "i" : "NXPCUSD-PERP",
      "m" : "4611686018427464678"
    }, {
      "d" : "1756442982945912338",
      "t" : 1756442982945,
      "tn" : 1756442982945912338,
      "q" : "1",
      "p" : "0.7646",
      "s" : "sell",
      "i" : "NXPCUSD-PERP",
      "m" : "4611686018427464677"
    }, {
      "d" : "1756442246875378794",
      "t" : 1756442246875,
      "tn" : 1756442246875378794,
      "q" : "55",
      "p" : "0.7614",
      "s" : "sell",
      "i" : "NXPCUSD-PERP",
      "m" : "4611686018427464676"
    }, {
      "d" : "1756442246874833198",
      "t" : 1756442246874,
      "tn" : 1756442246874833198,
      "q" : "65",
      "p" : "0.7616",
      "s" : "sell",
      "i" : "NXPCUSD-PERP",
      "m" : "4611686018427464675"
    }, {
      "d" : "1756442246865688576",
      "t" : 1756442246865,
      "tn" : 1756442246865688576,
      "q" : "13",
      "p" : "0.7639",
      "s" : "sell",
      "i" : "NXPCUSD-PERP",
      "m" : "4611686018427464674"
    }, {
      "d" : "1756442246865686561",
      "t" : 1756442246865,
      "tn" : 1756442246865686561,
      "q" : "1",
      "p" : "0.7640",
      "s" : "sell",
      "i" : "NXPCUSD-PERP",
      "m" : "4611686018427464673"
    }, {
      "d" : "1756442175871624014",
      "t" : 1756442175871,
      "tn" : 1756442175871624014,
      "q" : "71",
      "p" : "0.7605",
      "s" : "buy",
      "i" : "NXPCUSD-PERP",
      "m" : "4611686018427464672"
    }, {
      "d" : "1756442175871617282",
      "t" : 1756442175871,
      "tn" : 1756442175871617282,
      "q" : "355",
      "p" : "0.7605",
      "s" : "buy",
      "i" : "NXPCUSD-PERP",
      "m" : "4611686018427464671"
    }, {
      "d" : "1756442163614209734",
      "t" : 1756442163614,
      "tn" : 1756442163614209734,
      "q" : "118",
      "p" : "0.7605",
      "s" : "buy",
      "i" : "NXPCUSD-PERP",
      "m" : "4611686018427464670"
    }, {
      "d" : "1756442163526563693",
      "t" : 1756442163526,
      "tn" : 1756442163526563693,
      "q" : "157",
      "p" : "0.7605",
      "s" : "buy",
      "i" : "NXPCUSD-PERP",
      "m" : "4611686018427464669"
    }, {
      "d" : "1756442157287031857",
      "t" : 1756442157287,
      "tn" : 1756442157287031857,
      "q" : "13",
      "p" : "0.7606",
      "s" : "sell",
      "i" : "NXPCUSD-PERP",
      "m" : "4611686018427464668"
    }, {
      "d" : "1756442157287029209",
      "t" : 1756442157287,
      "tn" : 1756442157287029209,
      "q" : "1",
      "p" : "0.7608",
      "s" : "sell",
      "i" : "NXPCUSD-PERP",
      "m" : "4611686018427464667"
    }, {
      "d" : "1756442150613393635",
      "t" : 1756442150613,
      "tn" : 1756442150613393635,
      "q" : "70",
      "p" : "0.7601",
      "s" : "buy",
      "i" : "NXPCUSD-PERP",
      "m" : "4611686018427464666"
    }, {
      "d" : "1756442150608504091",
      "t" : 1756442150608,
      "tn" : 1756442150608504091,
      "q" : "158",
      "p" : "0.7601",
      "s" : "buy",
      "i" : "NXPCUSD-PERP",
      "m" : "4611686018427464665"
    }, {
      "d" : "1756442150605713887",
      "t" : 1756442150605,
      "tn" : 1756442150605713887,
      "q" : "197",
      "p" : "0.7601",
      "s" : "buy",
      "i" : "NXPCUSD-PERP",
      "m" : "4611686018427464664"
    }, {
      "d" : "1756441829976787962",
      "t" : 1756441829976,
      "tn" : 1756441829976787961,
      "q" : "13",
      "p" : "0.7585",
      "s" : "sell",
      "i" : "NXPCUSD-PERP",
      "m" : "4611686018427464663"
    }, {
      "d" : "1756441829976787961",
      "t" : 1756441829976,
      "tn" : 1756441829976787961,
      "q" : "1",
      "p" : "0.7585",
      "s" : "sell",
      "i" : "NXPCUSD-PERP",
      "m" : "4611686018427464663"
    }, {
      "d" : "1756439882658295102",
      "t" : 1756439882658,
      "tn" : 1756439882658295102,
      "q" : "1",
      "p" : "0.7536",
      "s" : "sell",
      "i" : "NXPCUSD-PERP",
      "m" : "4611686018427464662"
    }, {
      "d" : "1756438177736707519",
      "t" : 1756438177736,
      "tn" : 1756438177736707519,
      "q" : "104",
      "p" : "0.7482",
      "s" : "buy",
      "i" : "NXPCUSD-PERP",
      "m" : "4611686018427464661"
    }, {
      "d" : "1756438177718497022",
      "t" : 1756438177718,
      "tn" : 1756438177718497022,
      "q" : "1",
      "p" : "0.7482",
      "s" : "sell",
      "i" : "NXPCUSD-PERP",
      "m" : "4611686018427464660"
    }, {
      "d" : "1756438104460973333",
      "t" : 1756438104460,
      "tn" : 1756438104460973333,
      "q" : "53",
      "p" : "0.7477",
      "s" : "buy",
      "i" : "NXPCUSD-PERP",
      "m" : "4611686018427464659"
    }, {
      "d" : "1756438104459599902",
      "t" : 1756438104459,
      "tn" : 1756438104459599902,
      "q" : "72",
      "p" : "0.7477",
      "s" : "buy",
      "i" : "NXPCUSD-PERP",
      "m" : "4611686018427464658"
    }, {
      "d" : "1756438104458570151",
      "t" : 1756438104458,
      "tn" : 1756438104458570151,
      "q" : "33",
      "p" : "0.7477",
      "s" : "buy",
      "i" : "NXPCUSD-PERP",
      "m" : "4611686018427464657"
    }, {
      "d" : "1756438104453110469",
      "t" : 1756438104453,
      "tn" : 1756438104453110469,
      "q" : "53",
      "p" : "0.7472",
      "s" : "buy",
      "i" : "NXPCUSD-PERP",
      "m" : "4611686018427464656"
    }, {
      "d" : "1756438104453109014",
      "t" : 1756438104453,
      "tn" : 1756438104453109014,
      "q" : "13",
      "p" : "0.7470",
      "s" : "buy",
      "i" : "NXPCUSD-PERP",
      "m" : "4611686018427464655"
    }, {
      "d" : "1756438104452523340",
      "t" : 1756438104452,
      "tn" : 1756438104452523340,
      "q" : "1",
      "p" : "0.7467",
      "s" : "buy",
      "i" : "NXPCUSD-PERP",
      "m" : "4611686018427464654"
    }, {
      "d" : "1756437040068213437",
      "t" : 1756437040068,
      "tn" : 1756437040068213437,
      "q" : "1",
      "p" : "0.7418",
      "s" : "sell",
      "i" : "NXPCUSD-PERP",
      "m" : "4611686018427464653"
    }, {
      "d" : "1756437032809689606",
      "t" : 1756437032809,
      "tn" : 1756437032809689606,
      "q" : "13",
      "p" : "0.7436",
      "s" : "sell",
      "i" : "NXPCUSD-PERP",
      "m" : "4611686018427464652"
    }, {
      "d" : "1756437032809687238",
      "t" : 1756437032809,
      "tn" : 1756437032809687238,
      "q" : "1",
      "p" : "0.7437",
      "s" : "sell",
      "i" : "NXPCUSD-PERP",
      "m" : "4611686018427464651"
    }, {
      "d" : "1756436951961754097",
      "t" : 1756436951961,
      "tn" : 1756436951961754097,
      "q" : "13",
      "p" : "0.7447",
      "s" : "sell",
      "i" : "NXPCUSD-PERP",
      "m" : "4611686018427464650"
    }, {
      "d" : "1756436951961752035",
      "t" : 1756436951961,
      "tn" : 1756436951961752035,
      "q" : "1",
      "p" : "0.7448",
      "s" : "sell",
      "i" : "NXPCUSD-PERP",
      "m" : "4611686018427464649"
    }, {
      "d" : "1756436886931582704",
      "t" : 1756436886931,
      "tn" : 1756436886931582704,
      "q" : "13",
      "p" : "0.7449",
      "s" : "sell",
      "i" : "NXPCUSD-PERP",
      "m" : "4611686018427464648"
    }, {
      "d" : "1756436796470238997",
      "t" : 1756436796470,
      "tn" : 1756436796470238997,
      "q" : "54",
      "p" : "0.7434",
      "s" : "buy",
      "i" : "NXPCUSD-PERP",
      "m" : "4611686018427464647"
    }, {
      "d" : "1756436795291135512",
      "t" : 1756436795291,
      "tn" : 1756436795291135512,
      "q" : "146",
      "p" : "0.7430",
      "s" : "buy",
      "i" : "NXPCUSD-PERP",
      "m" : "4611686018427464646"
    }, {
      "d" : "1756436789348008947",
      "t" : 1756436789348,
      "tn" : 1756436789348008946,
      "q" : "13",
      "p" : "0.7434",
      "s" : "sell",
      "i" : "NXPCUSD-PERP",
      "m" : "4611686018427464645"
    }, {
      "d" : "1756436789348008946",
      "t" : 1756436789348,
      "tn" : 1756436789348008946,
      "q" : "67",
      "p" : "0.7434",
      "s" : "sell",
      "i" : "NXPCUSD-PERP",
      "m" : "4611686018427464645"
    }, {
      "d" : "1756436789348006248",
      "t" : 1756436789348,
      "tn" : 1756436789348006248,
      "q" : "1",
      "p" : "0.7435",
      "s" : "sell",
      "i" : "NXPCUSD-PERP",
      "m" : "4611686018427464644"
    }, {
      "d" : "1756436789348004093",
      "t" : 1756436789348,
      "tn" : 1756436789348004093,
      "q" : "67",
      "p" : "0.7436",
      "s" : "sell",
      "i" : "NXPCUSD-PERP",
      "m" : "4611686018427464643"
    }, {
      "d" : "1756436789347998979",
      "t" : 1756436789347,
      "tn" : 1756436789347998979,
      "q" : "67",
      "p" : "0.7438",
      "s" : "sell",
      "i" : "NXPCUSD-PERP",
      "m" : "4611686018427464642"
    }, {
      "d" : "1756436775872929818",
      "t" : 1756436775872,
      "tn" : 1756436775872929818,
      "q" : "13",
      "p" : "0.7451",
      "s" : "sell",
      "i" : "NXPCUSD-PERP",
      "m" : "4611686018427464641"
    }, {
      "d" : "1756436775872927872",
      "t" : 1756436775872,
      "tn" : 1756436775872927872,
      "q" : "1",
      "p" : "0.7453",
      "s" : "sell",
      "i" : "NXPCUSD-PERP",
      "m" : "4611686018427464640"
    }, {
      "d" : "1756436769040668427",
      "t" : 1756436769040,
      "tn" : 1756436769040668427,
      "q" : "13",
      "p" : "0.7481",
      "s" : "sell",
      "i" : "NXPCUSD-PERP",
      "m" : "4611686018427464639"
    }, {
      "d" : "1756436769040662834",
      "t" : 1756436769040,
      "tn" : 1756436769040662834,
      "q" : "1",
      "p" : "0.7482",
      "s" : "sell",
      "i" : "NXPCUSD-PERP",
      "m" : "4611686018427464638"
    }, {
      "d" : "1756436634928167639",
      "t" : 1756436634928,
      "tn" : 1756436634928167639,
      "q" : "1",
      "p" : "0.7482",
      "s" : "sell",
      "i" : "NXPCUSD-PERP",
      "m" : "4611686018427464637"
    }, {
      "d" : "1756436460429130323",
      "t" : 1756436460429,
      "tn" : 1756436460429130323,
      "q" : "65",
      "p" : "0.7518",
      "s" : "buy",
      "i" : "NXPCUSD-PERP",
      "m" : "4611686018427464636"
    }, {
      "d" : "1756436425099492978",
      "t" : 1756436425099,
      "tn" : 1756436425099492978,
      "q" : "66",
      "p" : "0.7508",
      "s" : "sell",
      "i" : "NXPCUSD-PERP",
      "m" : "4611686018427464635"
    }, {
      "d" : "1756436359938176417",
      "t" : 1756436359938,
      "tn" : 1756436359938176417,
      "q" : "1",
      "p" : "0.7536",
      "s" : "sell",
      "i" : "NXPCUSD-PERP",
      "m" : "4611686018427464634"
    }, {
      "d" : "1756435838292318763",
      "t" : 1756435838292,
      "tn" : 1756435838292318762,
      "q" : "13",
      "p" : "0.7546",
      "s" : "buy",
      "i" : "NXPCUSD-PERP",
      "m" : "4611686018427464633"
    }, {
      "d" : "1756435838292318762",
      "t" : 1756435838292,
      "tn" : 1756435838292318762,
      "q" : "90",
      "p" : "0.7546",
      "s" : "buy",
      "i" : "NXPCUSD-PERP",
      "m" : "4611686018427464633"
    }, {
      "d" : "1756435838291966256",
      "t" : 1756435838291,
      "tn" : 1756435838291966256,
      "q" : "1",
      "p" : "0.7543",
      "s" : "buy",
      "i" : "NXPCUSD-PERP",
      "m" : "4611686018427464632"
    }, {
      "d" : "1756435806589044265",
      "t" : 1756435806589,
      "tn" : 1756435806589044265,
      "q" : "13",
      "p" : "0.7557",
      "s" : "sell",
      "i" : "NXPCUSD-PERP",
      "m" : "4611686018427464631"
    }, {
      "d" : "1756435806589042163",
      "t" : 1756435806589,
      "tn" : 1756435806589042163,
      "q" : "1",
      "p" : "0.7558",
      "s" : "sell",
      "i" : "NXPCUSD-PERP",
      "m" : "4611686018427464630"
    }, {
      "d" : "1756435725168221830",
      "t" : 1756435725168,
      "tn" : 1756435725168221830,
      "q" : "1",
      "p" : "0.7578",
      "s" : "sell",
      "i" : "NXPCUSD-PERP",
      "m" : "4611686018427464629"
    }, {
      "d" : "1756434925725806688",
      "t" : 1756434925725,
      "tn" : 1756434925725806688,
      "q" : "13",
      "p" : "0.7620",
      "s" : "sell",
      "i" : "NXPCUSD-PERP",
      "m" : "4611686018427464628"
    }, {
      "d" : "1756434925725804673",
      "t" : 1756434925725,
      "tn" : 1756434925725804673,
      "q" : "1",
      "p" : "0.7621",
      "s" : "sell",
      "i" : "NXPCUSD-PERP",
      "m" : "4611686018427464627"
    }, {
      "d" : "1756434295177175658",
      "t" : 1756434295177,
      "tn" : 1756434295177175658,
      "q" : "203",
      "p" : "0.7590",
      "s" : "buy",
      "i" : "NXPCUSD-PERP",
      "m" : "4611686018427464626"
    }, {
      "d" : "1756434295080062337",
      "t" : 1756434295080,
      "tn" : 1756434295080062337,
      "q" : "65",
      "p" : "0.7578",
      "s" : "buy",
      "i" : "NXPCUSD-PERP",
      "m" : "4611686018427464625"
    }, {
      "d" : "1756434295080060473",
      "t" : 1756434295080,
      "tn" : 1756434295080060473,
      "q" : "131",
      "p" : "0.7576",
      "s" : "buy",
      "i" : "NXPCUSD-PERP",
      "m" : "4611686018427464624"
    }, {
      "d" : "1756434295078741914",
      "t" : 1756434295078,
      "tn" : 1756434295078741914,
      "q" : "1",
      "p" : "0.7569",
      "s" : "buy",
      "i" : "NXPCUSD-PERP",
      "m" : "4611686018427464623"
    }, {
      "d" : "1756433417388608352",
      "t" : 1756433417388,
      "tn" : 1756433417388608352,
      "q" : "128",
      "p" : "0.7754",
      "s" : "buy",
      "i" : "NXPCUSD-PERP",
      "m" : "4611686018427464622"
    }, {
      "d" : "1756433414535773354",
      "t" : 1756433414535,
      "tn" : 1756433414535773354,
      "q" : "1",
      "p" : "0.7714",
      "s" : "buy",
      "i" : "NXPCUSD-PERP",
      "m" : "4611686018427464621"
    }, {
      "d" : "1756433413383183449",
      "t" : 1756433413383,
      "tn" : 1756433413383183449,
      "q" : "12",
      "p" : "0.7704",
      "s" : "buy",
      "i" : "NXPCUSD-PERP",
      "m" : "4611686018427464620"
    }, {
      "d" : "1756433412509656344",
      "t" : 1756433412509,
      "tn" : 1756433412509656344,
      "q" : "12",
      "p" : "0.7716",
      "s" : "buy",
      "i" : "NXPCUSD-PERP",
      "m" : "4611686018427464619"
    }, {
      "d" : "1756433412509653269",
      "t" : 1756433412509,
      "tn" : 1756433412509653269,
      "q" : "1",
      "p" : "0.7713",
      "s" : "buy",
      "i" : "NXPCUSD-PERP",
      "m" : "4611686018427464618"
    }, {
      "d" : "1756433410162711559",
      "t" : 1756433410162,
      "tn" : 1756433410162711559,
      "q" : "12",
      "p" : "0.7750",
      "s" : "buy",
      "i" : "NXPCUSD-PERP",
      "m" : "4611686018427464617"
    }, {
      "d" : "1756433410162709903",
      "t" : 1756433410162,
      "tn" : 1756433410162709903,
      "q" : "1",
      "p" : "0.7747",
      "s" : "buy",
      "i" : "NXPCUSD-PERP",
      "m" : "4611686018427464616"
    }, {
      "d" : "1756433409847956977",
      "t" : 1756433409847,
      "tn" : 1756433409847956977,
      "q" : "12",
      "p" : "0.7741",
      "s" : "buy",
      "i" : "NXPCUSD-PERP",
      "m" : "4611686018427464615"
    }, {
      "d" : "1756433409847955614",
      "t" : 1756433409847,
      "tn" : 1756433409847955614,
      "q" : "1",
      "p" : "0.7738",
      "s" : "buy",
      "i" : "NXPCUSD-PERP",
      "m" : "4611686018427464614"
    }, {
      "d" : "1756433409522651098",
      "t" : 1756433409522,
      "tn" : 1756433409522651098,
      "q" : "12",
      "p" : "0.7736",
      "s" : "buy",
      "i" : "NXPCUSD-PERP",
      "m" : "4611686018427464613"
    }, {
      "d" : "1756433409372365462",
      "t" : 1756433409372,
      "tn" : 1756433409372365462,
      "q" : "12",
      "p" : "0.7737",
      "s" : "buy",
      "i" : "NXPCUSD-PERP",
      "m" : "4611686018427464612"
    }, {
      "d" : "1756433409312284888",
      "t" : 1756433409312,
      "tn" : 1756433409312284888,
      "q" : "12",
      "p" : "0.7748",
      "s" : "buy",
      "i" : "NXPCUSD-PERP",
      "m" : "4611686018427464611"
    }, {
      "d" : "1756433409312283376",
      "t" : 1756433409312,
      "tn" : 1756433409312283376,
      "q" : "1",
      "p" : "0.7742",
      "s" : "buy",
      "i" : "NXPCUSD-PERP",
      "m" : "4611686018427464610"
    }, {
      "d" : "1756433409171448928",
      "t" : 1756433409171,
      "tn" : 1756433409171448928,
      "q" : "12",
      "p" : "0.7752",
      "s" : "buy",
      "i" : "NXPCUSD-PERP",
      "m" : "4611686018427464609"
    }, {
      "d" : "1756433409171447345",
      "t" : 1756433409171,
      "tn" : 1756433409171447345,
      "q" : "1",
      "p" : "0.7749",
      "s" : "buy",
      "i" : "NXPCUSD-PERP",
      "m" : "4611686018427464608"
    }, {
      "d" : "1756433409111148059",
      "t" : 1756433409111,
      "tn" : 1756433409111148059,
      "q" : "12",
      "p" : "0.7753",
      "s" : "buy",
      "i" : "NXPCUSD-PERP",
      "m" : "4611686018427464607"
    }, {
      "d" : "1756433408910556496",
      "t" : 1756433408910,
      "tn" : 1756433408910556496,
      "q" : "64",
      "p" : "0.7766",
      "s" : "sell",
      "i" : "NXPCUSD-PERP",
      "m" : "4611686018427464606"
    }, {
      "d" : "1756433408815195007",
      "t" : 1756433408815,
      "tn" : 1756433408815195007,
      "q" : "64",
      "p" : "0.7776",
      "s" : "sell",
      "i" : "NXPCUSD-PERP",
      "m" : "4611686018427464605"
    }, {
      "d" : "1756433407560863799",
      "t" : 1756433407560,
      "tn" : 1756433407560863799,
      "q" : "12",
      "p" : "0.7761",
      "s" : "buy",
      "i" : "NXPCUSD-PERP",
      "m" : "4611686018427464604"
    }, {
      "d" : "1756433407392643579",
      "t" : 1756433407392,
      "tn" : 1756433407392643578,
      "q" : "12",
      "p" : "0.7759",
      "s" : "buy",
      "i" : "NXPCUSD-PERP",
      "m" : "4611686018427464603"
    }, {
      "d" : "1756433407392643578",
      "t" : 1756433407392,
      "tn" : 1756433407392643578,
      "q" : "1",
      "p" : "0.7759",
      "s" : "buy",
      "i" : "NXPCUSD-PERP",
      "m" : "4611686018427464603"
    }, {
      "d" : "1756433407167734153",
      "t" : 1756433407167,
      "tn" : 1756433407167734153,
      "q" : "12",
      "p" : "0.7766",
      "s" : "buy",
      "i" : "NXPCUSD-PERP",
      "m" : "4611686018427464602"
    }, {
      "d" : "1756433407167732766",
      "t" : 1756433407167,
      "tn" : 1756433407167732766,
      "q" : "1",
      "p" : "0.7764",
      "s" : "buy",
      "i" : "NXPCUSD-PERP",
      "m" : "4611686018427464601"
    }, {
      "d" : "1756433405913956948",
      "t" : 1756433405913,
      "tn" : 1756433405913956948,
      "q" : "64",
      "p" : "0.7788",
      "s" : "sell",
      "i" : "NXPCUSD-PERP",
      "m" : "4611686018427464600"
    }, {
      "d" : "1756433405043376392",
      "t" : 1756433405043,
      "tn" : 1756433405043376392,
      "q" : "12",
      "p" : "0.7794",
      "s" : "buy",
      "i" : "NXPCUSD-PERP",
      "m" : "4611686018427464599"
    }, {
      "d" : "1756433405043374623",
      "t" : 1756433405043,
      "tn" : 1756433405043374623,
      "q" : "1",
      "p" : "0.7792",
      "s" : "buy",
      "i" : "NXPCUSD-PERP",
      "m" : "4611686018427464598"
    }, {
      "d" : "1756433403859024304",
      "t" : 1756433403859,
      "tn" : 1756433403859024304,
      "q" : "12",
      "p" : "0.7801",
      "s" : "buy",
      "i" : "NXPCUSD-PERP",
      "m" : "4611686018427464597"
    }, {
      "d" : "1756433403859022469",
      "t" : 1756433403859,
      "tn" : 1756433403859022469,
      "q" : "1",
      "p" : "0.7799",
      "s" : "buy",
      "i" : "NXPCUSD-PERP",
      "m" : "4611686018427464596"
    }, {
      "d" : "1756433403442996851",
      "t" : 1756433403442,
      "tn" : 1756433403442996851,
      "q" : "12",
      "p" : "0.7800",
      "s" : "buy",
      "i" : "NXPCUSD-PERP",
      "m" : "4611686018427464595"
    }, {
      "d" : "1756433403442994807",
      "t" : 1756433403442,
      "tn" : 1756433403442994807,
      "q" : "1",
      "p" : "0.7798",
      "s" : "buy",
      "i" : "NXPCUSD-PERP",
      "m" : "4611686018427464594"
    }, {
      "d" : "1756433402400555205",
      "t" : 1756433402400,
      "tn" : 1756433402400555205,
      "q" : "12",
      "p" : "0.7793",
      "s" : "buy",
      "i" : "NXPCUSD-PERP",
      "m" : "4611686018427464593"
    }, {
      "d" : "1756433402400553636",
      "t" : 1756433402400,
      "tn" : 1756433402400553636,
      "q" : "1",
      "p" : "0.7791",
      "s" : "buy",
      "i" : "NXPCUSD-PERP",
      "m" : "4611686018427464592"
    }, {
      "d" : "1756433401706611990",
      "t" : 1756433401706,
      "tn" : 1756433401706611990,
      "q" : "12",
      "p" : "0.7794",
      "s" : "buy",
      "i" : "NXPCUSD-PERP",
      "m" : "4611686018427464591"
    }, {
      "d" : "1756433401706610114",
      "t" : 1756433401706,
      "tn" : 1756433401706610114,
      "q" : "1",
      "p" : "0.7792",
      "s" : "buy",
      "i" : "NXPCUSD-PERP",
      "m" : "4611686018427464590"
    }, {
      "d" : "1756433400336954583",
      "t" : 1756433400336,
      "tn" : 1756433400336954583,
      "q" : "12",
      "p" : "0.7799",
      "s" : "buy",
      "i" : "NXPCUSD-PERP",
      "m" : "4611686018427464589"
    }, {
      "d" : "1756433400336952903",
      "t" : 1756433400336,
      "tn" : 1756433400336952903,
      "q" : "1",
      "p" : "0.7797",
      "s" : "buy",
      "i" : "NXPCUSD-PERP",
      "m" : "4611686018427464588"
    }, {
      "d" : "1756433400302987183",
      "t" : 1756433400302,
      "tn" : 1756433400302987183,
      "q" : "64",
      "p" : "0.7790",
      "s" : "sell",
      "i" : "NXPCUSD-PERP",
      "m" : "4611686018427464587"
    }, {
      "d" : "1756433399132703654",
      "t" : 1756433399132,
      "tn" : 1756433399132703654,
      "q" : "12",
      "p" : "0.7788",
      "s" : "buy",
      "i" : "NXPCUSD-PERP",
      "m" : "4611686018427464586"
    }, {
      "d" : "1756433399132701704",
      "t" : 1756433399132,
      "tn" : 1756433399132701704,
      "q" : "1",
      "p" : "0.7786",
      "s" : "buy",
      "i" : "NXPCUSD-PERP",
      "m" : "4611686018427464585"
    }, {
      "d" : "1756433398618957989",
      "t" : 1756433398618,
      "tn" : 1756433398618957989,
      "q" : "12",
      "p" : "0.7784",
      "s" : "buy",
      "i" : "NXPCUSD-PERP",
      "m" : "4611686018427464584"
    }, {
      "d" : "1756433398618956496",
      "t" : 1756433398618,
      "tn" : 1756433398618956496,
      "q" : "1",
      "p" : "0.7782",
      "s" : "buy",
      "i" : "NXPCUSD-PERP",
      "m" : "4611686018427464583"
    }, {
      "d" : "1756433398484877236",
      "t" : 1756433398484,
      "tn" : 1756433398484877236,
      "q" : "12",
      "p" : "0.7779",
      "s" : "buy",
      "i" : "NXPCUSD-PERP",
      "m" : "4611686018427464582"
    }, {
      "d" : "1756433398484875745",
      "t" : 1756433398484,
      "tn" : 1756433398484875745,
      "q" : "1",
      "p" : "0.7777",
      "s" : "buy",
      "i" : "NXPCUSD-PERP",
      "m" : "4611686018427464581"
    }, {
      "d" : "1756433397481645092",
      "t" : 1756433397481,
      "tn" : 1756433397481645092,
      "q" : "12",
      "p" : "0.7788",
      "s" : "buy",
      "i" : "NXPCUSD-PERP",
      "m" : "4611686018427464580"
    }, {
      "d" : "1756433397481643039",
      "t" : 1756433397481,
      "tn" : 1756433397481643039,
      "q" : "1",
      "p" : "0.7786",
      "s" : "buy",
      "i" : "NXPCUSD-PERP",
      "m" : "4611686018427464579"
    }, {
      "d" : "1756433393843947851",
      "t" : 1756433393843,
      "tn" : 1756433393843947851,
      "q" : "12",
      "p" : "0.7781",
      "s" : "buy",
      "i" : "NXPCUSD-PERP",
      "m" : "4611686018427464578"
    }, {
      "d" : "1756433393843946280",
      "t" : 1756433393843,
      "tn" : 1756433393843946280,
      "q" : "1",
      "p" : "0.7779",
      "s" : "buy",
      "i" : "NXPCUSD-PERP",
      "m" : "4611686018427464577"
    }, {
      "d" : "1756433388331004366",
      "t" : 1756433388331,
      "tn" : 1756433388331004366,
      "q" : "160",
      "p" : "0.7767",
      "s" : "sell",
      "i" : "NXPCUSD-PERP",
      "m" : "4611686018427464576"
    }, {
      "d" : "1756433361094987967",
      "t" : 1756433361094,
      "tn" : 1756433361094987967,
      "q" : "51",
      "p" : "0.7790",
      "s" : "sell",
      "i" : "NXPCUSD-PERP",
      "m" : "4611686018427464575"
    }, {
      "d" : "1756433351678699021",
      "t" : 1756433351678,
      "tn" : 1756433351678699021,
      "q" : "159",
      "p" : "0.7816",
      "s" : "buy",
      "i" : "NXPCUSD-PERP",
      "m" : "4611686018427464574"
    }, {
      "d" : "1756433351667602423",
      "t" : 1756433351667,
      "tn" : 1756433351667602422,
      "q" : "1",
      "p" : "0.7807",
      "s" : "buy",
      "i" : "NXPCUSD-PERP",
      "m" : "4611686018427464573"
    }, {
      "d" : "1756433351667602422",
      "t" : 1756433351667,
      "tn" : 1756433351667602422,
      "q" : "12",
      "p" : "0.7807",
      "s" : "buy",
      "i" : "NXPCUSD-PERP",
      "m" : "4611686018427464573"
    }, {
      "d" : "1756433347233274214",
      "t" : 1756433347233,
      "tn" : 1756433347233274214,
      "q" : "12",
      "p" : "0.7804",
      "s" : "buy",
      "i" : "NXPCUSD-PERP",
      "m" : "4611686018427464572"
    }, {
      "d" : "1756433347233271883",
      "t" : 1756433347233,
      "tn" : 1756433347233271883,
      "q" : "1",
      "p" : "0.7803",
      "s" : "buy",
      "i" : "NXPCUSD-PERP",
      "m" : "4611686018427464571"
    }, {
      "d" : "1756433306285828503",
      "t" : 1756433306285,
      "tn" : 1756433306285828503,
      "q" : "1",
      "p" : "0.7736",
      "s" : "buy",
      "i" : "NXPCUSD-PERP",
      "m" : "4611686018427464570"
    }, {
      "d" : "1756433304542635279",
      "t" : 1756433304542,
      "tn" : 1756433304542635279,
      "q" : "267",
      "p" : "0.7797",
      "s" : "buy",
      "i" : "NXPCUSD-PERP",
      "m" : "4611686018427464569"
    }, {
      "d" : "1756433304542633860",
      "t" : 1756433304542,
      "tn" : 1756433304542633860,
      "q" : "122",
      "p" : "0.7796",
      "s" : "buy",
      "i" : "NXPCUSD-PERP",
      "m" : "4611686018427464568"
    }, {
      "d" : "1756433304542632177",
      "t" : 1756433304542,
      "tn" : 1756433304542632177,
      "q" : "13",
      "p" : "0.7795",
      "s" : "buy",
      "i" : "NXPCUSD-PERP",
      "m" : "4611686018427464567"
    }, {
      "d" : "1756433304542630421",
      "t" : 1756433304542,
      "tn" : 1756433304542630421,
      "q" : "58",
      "p" : "0.7788",
      "s" : "buy",
      "i" : "NXPCUSD-PERP",
      "m" : "4611686018427464566"
    }, {
      "d" : "1756433304542628847",
      "t" : 1756433304542,
      "tn" : 1756433304542628847,
      "q" : "12",
      "p" : "0.7772",
      "s" : "buy",
      "i" : "NXPCUSD-PERP",
      "m" : "4611686018427464565"
    }, {
      "d" : "1756433304542627314",
      "t" : 1756433304542,
      "tn" : 1756433304542627314,
      "q" : "1",
      "p" : "0.7769",
      "s" : "buy",
      "i" : "NXPCUSD-PERP",
      "m" : "4611686018427464564"
    }, {
      "d" : "1756433299294675531",
      "t" : 1756433299294,
      "tn" : 1756433299294675531,
      "q" : "12",
      "p" : "0.7872",
      "s" : "buy",
      "i" : "NXPCUSD-PERP",
      "m" : "4611686018427464563"
    }, {
      "d" : "1756433299294673702",
      "t" : 1756433299294,
      "tn" : 1756433299294673702,
      "q" : "1",
      "p" : "0.7871",
      "s" : "buy",
      "i" : "NXPCUSD-PERP",
      "m" : "4611686018427464562"
    }, {
      "d" : "1756433270133755558",
      "t" : 1756433270133,
      "tn" : 1756433270133755558,
      "q" : "26",
      "p" : "0.7856",
      "s" : "sell",
      "i" : "NXPCUSD-PERP",
      "m" : "4611686018427464561"
    }, {
      "d" : "1756433270130980726",
      "t" : 1756433270130,
      "tn" : 1756433270130980725,
      "q" : "126",
      "p" : "0.7862",
      "s" : "buy",
      "i" : "NXPCUSD-PERP",
      "m" : "4611686018427464560"
    }, {
      "d" : "1756433270130980725",
      "t" : 1756433270130,
      "tn" : 1756433270130980725,
      "q" : "12",
      "p" : "0.7862",
      "s" : "buy",
      "i" : "NXPCUSD-PERP",
      "m" : "4611686018427464560"
    }, {
      "d" : "1756433270130978545",
      "t" : 1756433270130,
      "tn" : 1756433270130978545,
      "q" : "1",
      "p" : "0.7860",
      "s" : "buy",
      "i" : "NXPCUSD-PERP",
      "m" : "4611686018427464559"
    }, {
      "d" : "1756433209782684680",
      "t" : 1756433209782,
      "tn" : 1756433209782684679,
      "q" : "12",
      "p" : "0.7766",
      "s" : "buy",
      "i" : "NXPCUSD-PERP",
      "m" : "4611686018427464558"
    }, {
      "d" : "1756433209782684679",
      "t" : 1756433209782,
      "tn" : 1756433209782684679,
      "q" : "109",
      "p" : "0.7766",
      "s" : "buy",
      "i" : "NXPCUSD-PERP",
      "m" : "4611686018427464558"
    }, {
      "d" : "1756433209782237612",
      "t" : 1756433209782,
      "tn" : 1756433209782237612,
      "q" : "1",
      "p" : "0.7763",
      "s" : "buy",
      "i" : "NXPCUSD-PERP",
      "m" : "4611686018427464557"
    } ]
  }
}