{
  "id" : -1,
  "method" : "public/get-trades",
  "code" : 0,
  "result" : {
    "data" : [ {
      "d" : "1756461696878649981",
      "t" : 1756461696878,
      "tn" : 1756461696878649981,
      "q" : "178",
      "p" : "0.011289",
      "s" : "sell",
      "i" : "OAS_USD",
      "m" : "4611686018428659349"
    }, {
      "d" : "1756461696878647976",
      "t" : 1756461696878,
      "tn" : 1756461696878647976,
      "q" : "178",
      "p" : "0.011294",
      "s" : "sell",
      "i" : "OAS_USD",
      "m" : "4611686018428659348"
    }, {
      "d" : "1756461696878645803",
      "t" : 1756461696878,
      "tn" : 1756461696878645803,
      "q" : "178",
      "p" : "0.011299",
      "s" : "sell",
      "i" : "OAS_USD",
      "m" : "4611686018428659347"
    }, {
      "d" : "1756461696878643363",
      "t" : 1756461696878,
      "tn" : 1756461696878643363,
      "q" : "177",
      "p" : "0.011304",
      "s" : "sell",
      "i" : "OAS_USD",
      "m" : "4611686018428659346"
    }, {
      "d" : "1756461268903501971",
      "t" : 1756461268903,
      "tn" : 1756461268903501971,
      "q" : "177",
      "p" : "0.011309",
      "s" : "sell",
      "i" : "OAS_USD",
      "m" : "4611686018428659345"
    }, {
      "d" : "1756461268903499930",
      "t" : 1756461268903,
      "tn" : 1756461268903499930,
      "q" : "177",
      "p" : "0.011314",
      "s" : "sell",
      "i" : "OAS_USD",
      "m" : "4611686018428659344"
    }, {
      "d" : "1756461268903497807",
      "t" : 1756461268903,
      "tn" : 1756461268903497807,
      "q" : "177",
      "p" : "0.011319",
      "s" : "sell",
      "i" : "OAS_USD",
      "m" : "4611686018428659343"
    }, {
      "d" : "1756461268903495377",
      "t" : 1756461268903,
      "tn" : 1756461268903495377,
      "q" : "177",
      "p" : "0.011324",
      "s" : "sell",
      "i" : "OAS_USD",
      "m" : "4611686018428659342"
    }, {
      "d" : "1756458215224200045",
      "t" : 1756458215224,
      "tn" : 1756458215224200045,
      "q" : "176",
      "p" : "0.011329",
      "s" : "sell",
      "i" : "OAS_USD",
      "m" : "4611686018428659341"
    }, {
      "d" : "1756458215224197749",
      "t" : 1756458215224,
      "tn" : 1756458215224197749,
      "q" : "177",
      "p" : "0.011334",
      "s" : "sell",
      "i" : "OAS_USD",
      "m" : "4611686018428659340"
    }, {
      "d" : "1756455775590357085",
      "t" : 1756455775590,
      "tn" : 1756455775590357085,
      "q" : "89",
      "p" : "0.011334",
      "s" : "sell",
      "i" : "OAS_USD",
      "m" : "4611686018428659339"
    }, {
      "d" : "1756455775590355500",
      "t" : 1756455775590,
      "tn" : 1756455775590355500,
      "q" : "177",
      "p" : "0.011339",
      "s" : "sell",
      "i" : "OAS_USD",
      "m" : "4611686018428659338"
    }, {
      "d" : "1756455775590352855",
      "t" : 1756455775590,
      "tn" : 1756455775590352855,
      "q" : "177",
      "p" : "0.011344",
      "s" : "sell",
      "i" : "OAS_USD",
      "m" : "4611686018428659337"
    }, {
      "d" : "1756455775590350555",
      "t" : 1756455775590,
      "tn" : 1756455775590350555,
      "q" : "177",
      "p" : "0.011349",
      "s" : "sell",
      "i" : "OAS_USD",
      "m" : "4611686018428659336"
    }, {
      "d" : "1756455775590347928",
      "t" : 1756455775590,
      "tn" : 1756455775590347928,
      "q" : "177",
      "p" : "0.011354",
      "s" : "sell",
      "i" : "OAS_USD",
      "m" : "4611686018428659335"
    }, {
      "d" : "1756455775590345471",
      "t" : 1756455775590,
      "tn" : 1756455775590345471,
      "q" : "177",
      "p" : "0.011359",
      "s" : "sell",
      "i" : "OAS_USD",
      "m" : "4611686018428659334"
    }, {
      "d" : "1756455775590343095",
      "t" : 1756455775590,
      "tn" : 1756455775590343095,
      "q" : "176",
      "p" : "0.011364",
      "s" : "sell",
      "i" : "OAS_USD",
      "m" : "4611686018428659333"
    }, {
      "d" : "1756455775590340901",
      "t" : 1756455775590,
      "tn" : 1756455775590340901,
      "q" : "176",
      "p" : "0.011369",
      "s" : "sell",
      "i" : "OAS_USD",
      "m" : "4611686018428659332"
    }, {
      "d" : "1756455775590338763",
      "t" : 1756455775590,
      "tn" : 1756455775590338763,
      "q" : "176",
      "p" : "0.011374",
      "s" : "sell",
      "i" : "OAS_USD",
      "m" : "4611686018428659331"
    }, {
      "d" : "1756455775590336738",
      "t" : 1756455775590,
      "tn" : 1756455775590336738,
      "q" : "176",
      "p" : "0.011378",
      "s" : "sell",
      "i" : "OAS_USD",
      "m" : "4611686018428659330"
    }, {
      "d" : "1756455775590334653",
      "t" : 1756455775590,
      "tn" : 1756455775590334653,
      "q" : "176",
      "p" : "0.011382",
      "s" : "sell",
      "i" : "OAS_USD",
      "m" : "4611686018428659329"
    }, {
      "d" : "1756455775590332293",
      "t" : 1756455775590,
      "tn" : 1756455775590332293,
      "q" : "176",
      "p" : "0.011386",
      "s" : "sell",
      "i" : "OAS_USD",
      "m" : "4611686018428659328"
    }, {
      "d" : "1756455775590329970",
      "t" : 1756455775590,
      "tn" : 1756455775590329970,
      "q" : "176",
      "p" : "0.011390",
      "s" : "sell",
      "i" : "OAS_USD",
      "m" : "4611686018428659327"
    }, {
      "d" : "1756454772453705656",
      "t" : 1756454772453,
      "tn" : 1756454772453705656,
      "q" : "176",
      "p" : "0.011394",
      "s" : "sell",
      "i" : "OAS_USD",
      "m" : "4611686018428659326"
    }, {
      "d" : "1756454772453703387",
      "t" : 1756454772453,
      "tn" : 1756454772453703387,
      "q" : "176",
      "p" : "0.011398",
      "s" : "sell",
      "i" : "OAS_USD",
      "m" : "4611686018428659325"
    }, {
      "d" : "1756454772453701713",
      "t" : 1756454772453,
      "tn" : 1756454772453701713,
      "q" : "176",
      "p" : "0.011402",
      "s" : "sell",
      "i" : "OAS_USD",
      "m" : "4611686018428659324"
    }, {
      "d" : "1756454772453698653",
      "t" : 1756454772453,
      "tn" : 1756454772453698653,
      "q" : "176",
      "p" : "0.011406",
      "s" : "sell",
      "i" : "OAS_USD",
      "m" : "4611686018428659323"
    }, {
      "d" : "1756452944909830099",
      "t" : 1756452944909,
      "tn" : 1756452944909830099,
      "q" : "176",
      "p" : "0.011410",
      "s" : "sell",
      "i" : "OAS_USD",
      "m" : "4611686018428659322"
    }, {
      "d" : "1756452944909828097",
      "t" : 1756452944909,
      "tn" : 1756452944909828097,
      "q" : "176",
      "p" : "0.011414",
      "s" : "sell",
      "i" : "OAS_USD",
      "m" : "4611686018428659321"
    }, {
      "d" : "1756452944909826087",
      "t" : 1756452944909,
      "tn" : 1756452944909826087,
      "q" : "176",
      "p" : "0.011418",
      "s" : "sell",
      "i" : "OAS_USD",
      "m" : "4611686018428659320"
    }, {
      "d" : "1756452944909824308",
      "t" : 1756452944909,
      "tn" : 1756452944909824308,
      "q" : "176",
      "p" : "0.011422",
      "s" : "sell",
      "i" : "OAS_USD",
      "m" : "4611686018428659319"
    }, {
      "d" : "1756452333852143887",
      "t" : 1756452333852,
      "tn" : 1756452333852143887,
      "q" : "176",
      "p" : "0.011427",
      "s" : "sell",
      "i" : "OAS_USD",
      "m" : "4611686018428659318"
    }, {
      "d" : "1756452333852141124",
      "t" : 1756452333852,
      "tn" : 1756452333852141124,
      "q" : "175",
      "p" : "0.011431",
      "s" : "sell",
      "i" : "OAS_USD",
      "m" : "4611686018428659317"
    }, {
      "d" : "1756452333852139304",
      "t" : 1756452333852,
      "tn" : 1756452333852139304,
      "q" : "175",
      "p" : "0.011435",
      "s" : "sell",
      "i" : "OAS_USD",
      "m" : "4611686018428659316"
    }, {
      "d" : "1756452333852136885",
      "t" : 1756452333852,
      "tn" : 1756452333852136885,
      "q" : "175",
      "p" : "0.011439",
      "s" : "sell",
      "i" : "OAS_USD",
      "m" : "4611686018428659315"
    }, {
      "d" : "1756452016698361357",
      "t" : 1756452016698,
      "tn" : 1756452016698361357,
      "q" : "175",
      "p" : "0.011443",
      "s" : "sell",
      "i" : "OAS_USD",
      "m" : "4611686018428659314"
    }, {
      "d" : "1756452016698359168",
      "t" : 1756452016698,
      "tn" : 1756452016698359168,
      "q" : "175",
      "p" : "0.011447",
      "s" : "sell",
      "i" : "OAS_USD",
      "m" : "4611686018428659313"
    }, {
      "d" : "1756452016698357412",
      "t" : 1756452016698,
      "tn" : 1756452016698357412,
      "q" : "175",
      "p" : "0.011451",
      "s" : "sell",
      "i" : "OAS_USD",
      "m" : "4611686018428659312"
    }, {
      "d" : "1756452016698355118",
      "t" : 1756452016698,
      "tn" : 1756452016698355118,
      "q" : "175",
      "p" : "0.011455",
      "s" : "sell",
      "i" : "OAS_USD",
      "m" : "4611686018428659311"
    }, {
      "d" : "1756451839730606960",
      "t" : 1756451839730,
      "tn" : 1756451839730606960,
      "q" : "175",
      "p" : "0.011459",
      "s" : "sell",
      "i" : "OAS_USD",
      "m" : "4611686018428659310"
    }, {
      "d" : "1756451839730605153",
      "t" : 1756451839730,
      "tn" : 1756451839730605153,
      "q" : "175",
      "p" : "0.011463",
      "s" : "sell",
      "i" : "OAS_USD",
      "m" : "4611686018428659309"
    }, {
      "d" : "1756451839730603075",
      "t" : 1756451839730,
      "tn" : 1756451839730603075,
      "q" : "175",
      "p" : "0.011467",
      "s" : "sell",
      "i" : "OAS_USD",
      "m" : "4611686018428659308"
    }, {
      "d" : "1756451839730600937",
      "t" : 1756451839730,
      "tn" : 1756451839730600937,
      "q" : "175",
      "p" : "0.011471",
      "s" : "sell",
      "i" : "OAS_USD",
      "m" : "4611686018428659307"
    }, {
      "d" : "1756451837949276571",
      "t" : 1756451837949,
      "tn" : 1756451837949276571,
      "q" : "175",
      "p" : "0.011475",
      "s" : "sell",
      "i" : "OAS_USD",
      "m" : "4611686018428659306"
    }, {
      "d" : "1756451837949274095",
      "t" : 1756451837949,
      "tn" : 1756451837949274095,
      "q" : "175",
      "p" : "0.011480",
      "s" : "sell",
      "i" : "OAS_USD",
      "m" : "4611686018428659305"
    }, {
      "d" : "1756451837949272244",
      "t" : 1756451837949,
      "tn" : 1756451837949272244,
      "q" : "175",
      "p" : "0.011485",
      "s" : "sell",
      "i" : "OAS_USD",
      "m" : "4611686018428659304"
    }, {
      "d" : "1756451837949270129",
      "t" : 1756451837949,
      "tn" : 1756451837949270129,
      "q" : "175",
      "p" : "0.011490",
      "s" : "sell",
      "i" : "OAS_USD",
      "m" : "4611686018428659303"
    }, {
      "d" : "1756451760646935664",
      "t" : 1756451760646,
      "tn" : 1756451760646935664,
      "q" : "174",
      "p" : "0.011495",
      "s" : "sell",
      "i" : "OAS_USD",
      "m" : "4611686018428659302"
    }, {
      "d" : "1756451760646935090",
      "t" : 1756451760646,
      "tn" : 1756451760646935090,
      "q" : "174",
      "p" : "0.011500",
      "s" : "sell",
      "i" : "OAS_USD",
      "m" : "4611686018428659301"
    }, {
      "d" : "1756451760646931205",
      "t" : 1756451760646,
      "tn" : 1756451760646931205,
      "q" : "174",
      "p" : "0.011505",
      "s" : "sell",
      "i" : "OAS_USD",
      "m" : "4611686018428659300"
    }, {
      "d" : "1756451760646929418",
      "t" : 1756451760646,
      "tn" : 1756451760646929418,
      "q" : "174",
      "p" : "0.011510",
      "s" : "sell",
      "i" : "OAS_USD",
      "m" : "4611686018428659299"
    }, {
      "d" : "1756451760646927505",
      "t" : 1756451760646,
      "tn" : 1756451760646927505,
      "q" : "174",
      "p" : "0.011515",
      "s" : "sell",
      "i" : "OAS_USD",
      "m" : "4611686018428659298"
    }, {
      "d" : "1756451760646924985",
      "t" : 1756451760646,
      "tn" : 1756451760646924985,
      "q" : "174",
      "p" : "0.011520",
      "s" : "sell",
      "i" : "OAS_USD",
      "m" : "4611686018428659297"
    }, {
      "d" : "1756450286819279611",
      "t" : 1756450286819,
      "tn" : 1756450286819279611,
      "q" : "173",
      "p" : "0.011525",
      "s" : "sell",
      "i" : "OAS_USD",
      "m" : "4611686018428659296"
    }, {
      "d" : "1756450286819278139",
      "t" : 1756450286819,
      "tn" : 1756450286819278139,
      "q" : "174",
      "p" : "0.011530",
      "s" : "sell",
      "i" : "OAS_USD",
      "m" : "4611686018428659295"
    }, {
      "d" : "1756450286819276173",
      "t" : 1756450286819,
      "tn" : 1756450286819276173,
      "q" : "174",
      "p" : "0.011535",
      "s" : "sell",
      "i" : "OAS_USD",
      "m" : "4611686018428659294"
    }, {
      "d" : "1756450286819273564",
      "t" : 1756450286819,
      "tn" : 1756450286819273564,
      "q" : "174",
      "p" : "0.011540",
      "s" : "sell",
      "i" : "OAS_USD",
      "m" : "4611686018428659293"
    }, {
      "d" : "1756450257500954864",
      "t" : 1756450257500,
      "tn" : 1756450257500954864,
      "q" : "173",
      "p" : "0.011545",
      "s" : "sell",
      "i" : "OAS_USD",
      "m" : "4611686018428659292"
    }, {
      "d" : "1756450257500954381",
      "t" : 1756450257500,
      "tn" : 1756450257500954381,
      "q" : "174",
      "p" : "0.011550",
      "s" : "sell",
      "i" : "OAS_USD",
      "m" : "4611686018428659291"
    }, {
      "d" : "1756450257500953863",
      "t" : 1756450257500,
      "tn" : 1756450257500953863,
      "q" : "174",
      "p" : "0.011555",
      "s" : "sell",
      "i" : "OAS_USD",
      "m" : "4611686018428659290"
    }, {
      "d" : "1756450257500944262",
      "t" : 1756450257500,
      "tn" : 1756450257500944262,
      "q" : "174",
      "p" : "0.011560",
      "s" : "sell",
      "i" : "OAS_USD",
      "m" : "4611686018428659289"
    }, {
      "d" : "1756430840976513009",
      "t" : 1756430840976,
      "tn" : 1756430840976513009,
      "q" : "173",
      "p" : "0.011565",
      "s" : "sell",
      "i" : "OAS_USD",
      "m" : "4611686018428659288"
    }, {
      "d" : "1756430840976510920",
      "t" : 1756430840976,
      "tn" : 1756430840976510920,
      "q" : "173",
      "p" : "0.011570",
      "s" : "sell",
      "i" : "OAS_USD",
      "m" : "4611686018428659287"
    }, {
      "d" : "1756430840976509128",
      "t" : 1756430840976,
      "tn" : 1756430840976509128,
      "q" : "173",
      "p" : "0.011575",
      "s" : "sell",
      "i" : "OAS_USD",
      "m" : "4611686018428659286"
    }, {
      "d" : "1756430840976506976",
      "t" : 1756430840976,
      "tn" : 1756430840976506976,
      "q" : "173",
      "p" : "0.011580",
      "s" : "sell",
      "i" : "OAS_USD",
      "m" : "4611686018428659285"
    }, {
      "d" : "1756420253538945345",
      "t" : 1756420253538,
      "tn" : 1756420253538945345,
      "q" : "173",
      "p" : "0.011585",
      "s" : "sell",
      "i" : "OAS_USD",
      "m" : "4611686018428659284"
    }, {
      "d" : "1756420253538942973",
      "t" : 1756420253538,
      "tn" : 1756420253538942973,
      "q" : "173",
      "p" : "0.011590",
      "s" : "sell",
      "i" : "OAS_USD",
      "m" : "4611686018428659283"
    }, {
      "d" : "1756420253538941288",
      "t" : 1756420253538,
      "tn" : 1756420253538941288,
      "q" : "173",
      "p" : "0.011595",
      "s" : "sell",
      "i" : "OAS_USD",
      "m" : "4611686018428659282"
    }, {
      "d" : "1756420253538938873",
      "t" : 1756420253538,
      "tn" : 1756420253538938873,
      "q" : "173",
      "p" : "0.011600",
      "s" : "sell",
      "i" : "OAS_USD",
      "m" : "4611686018428659281"
    }, {
      "d" : "1756420046061908205",
      "t" : 1756420046061,
      "tn" : 1756420046061908205,
      "q" : "173",
      "p" : "0.011605",
      "s" : "sell",
      "i" : "OAS_USD",
      "m" : "4611686018428659280"
    }, {
      "d" : "1756420046061905912",
      "t" : 1756420046061,
      "tn" : 1756420046061905912,
      "q" : "173",
      "p" : "0.011610",
      "s" : "sell",
      "i" : "OAS_USD",
      "m" : "4611686018428659279"
    }, {
      "d" : "1756420046061903945",
      "t" : 1756420046061,
      "tn" : 1756420046061903945,
      "q" : "173",
      "p" : "0.011614",
      "s" : "sell",
      "i" : "OAS_USD",
      "m" : "4611686018428659278"
    }, {
      "d" : "1756420046061901558",
      "t" : 1756420046061,
      "tn" : 1756420046061901558,
      "q" : "173",
      "p" : "0.011618",
      "s" : "sell",
      "i" : "OAS_USD",
      "m" : "4611686018428659277"
    }, {
      "d" : "1756419588289560987",
      "t" : 1756419588289,
      "tn" : 1756419588289560987,
      "q" : "173",
      "p" : "0.011622",
      "s" : "sell",
      "i" : "OAS_USD",
      "m" : "4611686018428659276"
    }, {
      "d" : "1756419588289558990",
      "t" : 1756419588289,
      "tn" : 1756419588289558990,
      "q" : "173",
      "p" : "0.011626",
      "s" : "sell",
      "i" : "OAS_USD",
      "m" : "4611686018428659275"
    }, {
      "d" : "1756419588289557203",
      "t" : 1756419588289,
      "tn" : 1756419588289557203,
      "q" : "172",
      "p" : "0.011631",
      "s" : "sell",
      "i" : "OAS_USD",
      "m" : "4611686018428659274"
    }, {
      "d" : "1756419588289554719",
      "t" : 1756419588289,
      "tn" : 1756419588289554719,
      "q" : "172",
      "p" : "0.011635",
      "s" : "sell",
      "i" : "OAS_USD",
      "m" : "4611686018428659273"
    }, {
      "d" : "1756419222437681430",
      "t" : 1756419222437,
      "tn" : 1756419222437681430,
      "q" : "172",
      "p" : "0.011639",
      "s" : "sell",
      "i" : "OAS_USD",
      "m" : "4611686018428659272"
    }, {
      "d" : "1756419222437679457",
      "t" : 1756419222437,
      "tn" : 1756419222437679457,
      "q" : "172",
      "p" : "0.011643",
      "s" : "sell",
      "i" : "OAS_USD",
      "m" : "4611686018428659271"
    }, {
      "d" : "1756419222437677266",
      "t" : 1756419222437,
      "tn" : 1756419222437677266,
      "q" : "172",
      "p" : "0.011647",
      "s" : "sell",
      "i" : "OAS_USD",
      "m" : "4611686018428659270"
    }, {
      "d" : "1756419222437674727",
      "t" : 1756419222437,
      "tn" : 1756419222437674727,
      "q" : "172",
      "p" : "0.011651",
      "s" : "sell",
      "i" : "OAS_USD",
      "m" : "4611686018428659269"
    }, {
      "d" : "1756419210126406899",
      "t" : 1756419210126,
      "tn" : 1756419210126406899,
      "q" : "172",
      "p" : "0.011656",
      "s" : "sell",
      "i" : "OAS_USD",
      "m" : "4611686018428659268"
    }, {
      "d" : "1756419210126404168",
      "t" : 1756419210126,
      "tn" : 1756419210126404168,
      "q" : "172",
      "p" : "0.011660",
      "s" : "sell",
      "i" : "OAS_USD",
      "m" : "4611686018428659267"
    }, {
      "d" : "1756419210126402203",
      "t" : 1756419210126,
      "tn" : 1756419210126402203,
      "q" : "172",
      "p" : "0.011664",
      "s" : "sell",
      "i" : "OAS_USD",
      "m" : "4611686018428659266"
    }, {
      "d" : "1756419210126399874",
      "t" : 1756419210126,
      "tn" : 1756419210126399874,
      "q" : "172",
      "p" : "0.011668",
      "s" : "sell",
      "i" : "OAS_USD",
      "m" : "4611686018428659265"
    }, {
      "d" : "1756419177089252832",
      "t" : 1756419177089,
      "tn" : 1756419177089252832,
      "q" : "172",
      "p" : "0.011672",
      "s" : "sell",
      "i" : "OAS_USD",
      "m" : "4611686018428659264"
    }, {
      "d" : "1756419177089250852",
      "t" : 1756419177089,
      "tn" : 1756419177089250852,
      "q" : "172",
      "p" : "0.011676",
      "s" : "sell",
      "i" : "OAS_USD",
      "m" : "4611686018428659263"
    }, {
      "d" : "1756419177089248943",
      "t" : 1756419177089,
      "tn" : 1756419177089248943,
      "q" : "172",
      "p" : "0.011681",
      "s" : "sell",
      "i" : "OAS_USD",
      "m" : "4611686018428659262"
    }, {
      "d" : "1756419177089246817",
      "t" : 1756419177089,
      "tn" : 1756419177089246817,
      "q" : "172",
      "p" : "0.011685",
      "s" : "sell",
      "i" : "OAS_USD",
      "m" : "4611686018428659261"
    }, {
      "d" : "1756418710562767919",
      "t" : 1756418710562,
      "tn" : 1756418710562767919,
      "q" : "172",
      "p" : "0.011689",
      "s" : "sell",
      "i" : "OAS_USD",
      "m" : "4611686018428659260"
    }, {
      "d" : "1756418710562764932",
      "t" : 1756418710562,
      "tn" : 1756418710562764932,
      "q" : "172",
      "p" : "0.011693",
      "s" : "sell",
      "i" : "OAS_USD",
      "m" : "4611686018428659259"
    }, {
      "d" : "1756418710562762893",
      "t" : 1756418710562,
      "tn" : 1756418710562762893,
      "q" : "171",
      "p" : "0.011697",
      "s" : "sell",
      "i" : "OAS_USD",
      "m" : "4611686018428659258"
    }, {
      "d" : "1756418710562760496",
      "t" : 1756418710562,
      "tn" : 1756418710562760496,
      "q" : "171",
      "p" : "0.011701",
      "s" : "sell",
      "i" : "OAS_USD",
      "m" : "4611686018428659257"
    }, {
      "d" : "1756418708564685846",
      "t" : 1756418708564,
      "tn" : 1756418708564685846,
      "q" : "171",
      "p" : "0.011705",
      "s" : "sell",
      "i" : "OAS_USD",
      "m" : "4611686018428659256"
    }, {
      "d" : "1756418708564683931",
      "t" : 1756418708564,
      "tn" : 1756418708564683931,
      "q" : "171",
      "p" : "0.011710",
      "s" : "sell",
      "i" : "OAS_USD",
      "m" : "4611686018428659255"
    }, {
      "d" : "1756418708564680841",
      "t" : 1756418708564,
      "tn" : 1756418708564680841,
      "q" : "171",
      "p" : "0.011715",
      "s" : "sell",
      "i" : "OAS_USD",
      "m" : "4611686018428659254"
    }, {
      "d" : "1756418708564679225",
      "t" : 1756418708564,
      "tn" : 1756418708564679225,
      "q" : "171",
      "p" : "0.011720",
      "s" : "sell",
      "i" : "OAS_USD",
      "m" : "4611686018428659253"
    }, {
      "d" : "1756418708564677292",
      "t" : 1756418708564,
      "tn" : 1756418708564677292,
      "q" : "171",
      "p" : "0.011725",
      "s" : "sell",
      "i" : "OAS_USD",
      "m" : "4611686018428659252"
    }, {
      "d" : "1756418708564675376",
      "t" : 1756418708564,
      "tn" : 1756418708564675376,
      "q" : "171",
      "p" : "0.011730",
      "s" : "sell",
      "i" : "OAS_USD",
      "m" : "4611686018428659251"
    }, {
      "d" : "1756418648423136856",
      "t" : 1756418648423,
      "tn" : 1756418648423136856,
      "q" : "171",
      "p" : "0.011735",
      "s" : "sell",
      "i" : "OAS_USD",
      "m" : "4611686018428659250"
    }, {
      "d" : "1756418648423134630",
      "t" : 1756418648423,
      "tn" : 1756418648423134630,
      "q" : "171",
      "p" : "0.011740",
      "s" : "sell",
      "i" : "OAS_USD",
      "m" : "4611686018428659249"
    }, {
      "d" : "1756418648423132929",
      "t" : 1756418648423,
      "tn" : 1756418648423132929,
      "q" : "171",
      "p" : "0.011745",
      "s" : "sell",
      "i" : "OAS_USD",
      "m" : "4611686018428659248"
    }, {
      "d" : "1756418648423130629",
      "t" : 1756418648423,
      "tn" : 1756418648423130629,
      "q" : "171",
      "p" : "0.011750",
      "s" : "sell",
      "i" : "OAS_USD",
      "m" : "4611686018428659247"
    }, {
      "d" : "1756418646568928987",
      "t" : 1756418646568,
      "tn" : 1756418646568928987,
      "q" : "171",
      "p" : "0.011755",
      "s" : "sell",
      "i" : "OAS_USD",
      "m" : "4611686018428659246"
    }, {
      "d" : "1756418646568926860",
      "t" : 1756418646568,
      "tn" : 1756418646568926860,
      "q" : "171",
      "p" : "0.011760",
      "s" : "sell",
      "i" : "OAS_USD",
      "m" : "4611686018428659245"
    }, {
      "d" : "1756418646568925081",
      "t" : 1756418646568,
      "tn" : 1756418646568925081,
      "q" : "170",
      "p" : "0.011765",
      "s" : "sell",
      "i" : "OAS_USD",
      "m" : "4611686018428659244"
    }, {
      "d" : "1756418646568922689",
      "t" : 1756418646568,
      "tn" : 1756418646568922689,
      "q" : "170",
      "p" : "0.011770",
      "s" : "sell",
      "i" : "OAS_USD",
      "m" : "4611686018428659243"
    }, {
      "d" : "1756418644561288836",
      "t" : 1756418644561,
      "tn" : 1756418644561288836,
      "q" : "170",
      "p" : "0.011775",
      "s" : "sell",
      "i" : "OAS_USD",
      "m" : "4611686018428659242"
    }, {
      "d" : "1756418644561286618",
      "t" : 1756418644561,
      "tn" : 1756418644561286618,
      "q" : "170",
      "p" : "0.011780",
      "s" : "sell",
      "i" : "OAS_USD",
      "m" : "4611686018428659241"
    }, {
      "d" : "1756418644561285150",
      "t" : 1756418644561,
      "tn" : 1756418644561285150,
      "q" : "170",
      "p" : "0.011785",
      "s" : "sell",
      "i" : "OAS_USD",
      "m" : "4611686018428659240"
    }, {
      "d" : "1756418644561282393",
      "t" : 1756418644561,
      "tn" : 1756418644561282393,
      "q" : "170",
      "p" : "0.011790",
      "s" : "sell",
      "i" : "OAS_USD",
      "m" : "4611686018428659239"
    }, {
      "d" : "1756418644561280603",
      "t" : 1756418644561,
      "tn" : 1756418644561280603,
      "q" : "170",
      "p" : "0.011795",
      "s" : "sell",
      "i" : "OAS_USD",
      "m" : "4611686018428659238"
    }, {
      "d" : "1756418644561278463",
      "t" : 1756418644561,
      "tn" : 1756418644561278463,
      "q" : "170",
      "p" : "0.011800",
      "s" : "sell",
      "i" : "OAS_USD",
      "m" : "4611686018428659237"
    }, {
      "d" : "1756418609121643153",
      "t" : 1756418609121,
      "tn" : 1756418609121643153,
      "q" : "169",
      "p" : "0.011805",
      "s" : "sell",
      "i" : "OAS_USD",
      "m" : "4611686018428659236"
    }, {
      "d" : "1756418609121641357",
      "t" : 1756418609121,
      "tn" : 1756418609121641357,
      "q" : "170",
      "p" : "0.011810",
      "s" : "sell",
      "i" : "OAS_USD",
      "m" : "4611686018428659235"
    }, {
      "d" : "1756418609121639287",
      "t" : 1756418609121,
      "tn" : 1756418609121639287,
      "q" : "1",
      "p" : "0.011815",
      "s" : "sell",
      "i" : "OAS_USD",
      "m" : "4611686018428659234"
    }, {
      "d" : "1756418605836955767",
      "t" : 1756418605836,
      "tn" : 1756418605836955767,
      "q" : "169",
      "p" : "0.011815",
      "s" : "sell",
      "i" : "OAS_USD",
      "m" : "4611686018428659233"
    }, {
      "d" : "1756418605836953925",
      "t" : 1756418605836,
      "tn" : 1756418605836953925,
      "q" : "170",
      "p" : "0.011820",
      "s" : "sell",
      "i" : "OAS_USD",
      "m" : "4611686018428659232"
    }, {
      "d" : "1756418605836953073",
      "t" : 1756418605836,
      "tn" : 1756418605836953073,
      "q" : "170",
      "p" : "0.011825",
      "s" : "sell",
      "i" : "OAS_USD",
      "m" : "4611686018428659231"
    }, {
      "d" : "1756418605836948278",
      "t" : 1756418605836,
      "tn" : 1756418605836948278,
      "q" : "3",
      "p" : "0.011830",
      "s" : "sell",
      "i" : "OAS_USD",
      "m" : "4611686018428659230"
    }, {
      "d" : "1756418603396010262",
      "t" : 1756418603396,
      "tn" : 1756418603396010262,
      "q" : "167",
      "p" : "0.011830",
      "s" : "sell",
      "i" : "OAS_USD",
      "m" : "4611686018428659229"
    }, {
      "d" : "1756418603396008609",
      "t" : 1756418603396,
      "tn" : 1756418603396008609,
      "q" : "169",
      "p" : "0.011835",
      "s" : "sell",
      "i" : "OAS_USD",
      "m" : "4611686018428659228"
    }, {
      "d" : "1756418603396006900",
      "t" : 1756418603396,
      "tn" : 1756418603396006900,
      "q" : "169",
      "p" : "0.011840",
      "s" : "sell",
      "i" : "OAS_USD",
      "m" : "4611686018428659227"
    }, {
      "d" : "1756418603396005325",
      "t" : 1756418603396,
      "tn" : 1756418603396005325,
      "q" : "169",
      "p" : "0.011845",
      "s" : "sell",
      "i" : "OAS_USD",
      "m" : "4611686018428659226"
    }, {
      "d" : "1756418603396001815",
      "t" : 1756418603396,
      "tn" : 1756418603396001815,
      "q" : "169",
      "p" : "0.011850",
      "s" : "sell",
      "i" : "OAS_USD",
      "m" : "4611686018428659225"
    }, {
      "d" : "1756418603395999792",
      "t" : 1756418603395,
      "tn" : 1756418603395999792,
      "q" : "169",
      "p" : "0.011855",
      "s" : "sell",
      "i" : "OAS_USD",
      "m" : "4611686018428659224"
    }, {
      "d" : "1756418603395998014",
      "t" : 1756418603395,
      "tn" : 1756418603395998014,
      "q" : "169",
      "p" : "0.011859",
      "s" : "sell",
      "i" : "OAS_USD",
      "m" : "4611686018428659223"
    }, {
      "d" : "1756418603395996060",
      "t" : 1756418603395,
      "tn" : 1756418603395996060,
      "q" : "169",
      "p" : "0.011864",
      "s" : "sell",
      "i" : "OAS_USD",
      "m" : "4611686018428659222"
    }, {
      "d" : "1756418603395993342",
      "t" : 1756418603395,
      "tn" : 1756418603395993342,
      "q" : "169",
      "p" : "0.011868",
      "s" : "sell",
      "i" : "OAS_USD",
      "m" : "4611686018428659221"
    }, {
      "d" : "1756418603395991041",
      "t" : 1756418603395,
      "tn" : 1756418603395991041,
      "q" : "169",
      "p" : "0.011872",
      "s" : "sell",
      "i" : "OAS_USD",
      "m" : "4611686018428659220"
    }, {
      "d" : "1756418603395988390",
      "t" : 1756418603395,
      "tn" : 1756418603395988390,
      "q" : "3",
      "p" : "0.011876",
      "s" : "sell",
      "i" : "OAS_USD",
      "m" : "4611686018428659219"
    }, {
      "d" : "1756418602203880083",
      "t" : 1756418602203,
      "tn" : 1756418602203880083,
      "q" : "166",
      "p" : "0.011876",
      "s" : "sell",
      "i" : "OAS_USD",
      "m" : "4611686018428659218"
    }, {
      "d" : "1756418602203878383",
      "t" : 1756418602203,
      "tn" : 1756418602203878383,
      "q" : "169",
      "p" : "0.011880",
      "s" : "sell",
      "i" : "OAS_USD",
      "m" : "4611686018428659217"
    }, {
      "d" : "1756418602203877075",
      "t" : 1756418602203,
      "tn" : 1756418602203877075,
      "q" : "169",
      "p" : "0.011885",
      "s" : "sell",
      "i" : "OAS_USD",
      "m" : "4611686018428659216"
    }, {
      "d" : "1756418602203875289",
      "t" : 1756418602203,
      "tn" : 1756418602203875289,
      "q" : "169",
      "p" : "0.011890",
      "s" : "sell",
      "i" : "OAS_USD",
      "m" : "4611686018428659215"
    }, {
      "d" : "1756418602203873310",
      "t" : 1756418602203,
      "tn" : 1756418602203873310,
      "q" : "169",
      "p" : "0.011894",
      "s" : "sell",
      "i" : "OAS_USD",
      "m" : "4611686018428659214"
    }, {
      "d" : "1756418602203871024",
      "t" : 1756418602203,
      "tn" : 1756418602203871024,
      "q" : "169",
      "p" : "0.011898",
      "s" : "sell",
      "i" : "OAS_USD",
      "m" : "4611686018428659213"
    }, {
      "d" : "1756418602203869042",
      "t" : 1756418602203,
      "tn" : 1756418602203869042,
      "q" : "169",
      "p" : "0.011902",
      "s" : "sell",
      "i" : "OAS_USD",
      "m" : "4611686018428659212"
    }, {
      "d" : "1756418602203866577",
      "t" : 1756418602203,
      "tn" : 1756418602203866577,
      "q" : "168",
      "p" : "0.011906",
      "s" : "sell",
      "i" : "OAS_USD",
      "m" : "4611686018428659211"
    }, {
      "d" : "1756418602203863949",
      "t" : 1756418602203,
      "tn" : 1756418602203863949,
      "q" : "168",
      "p" : "0.011910",
      "s" : "sell",
      "i" : "OAS_USD",
      "m" : "4611686018428659210"
    }, {
      "d" : "1756418602203861104",
      "t" : 1756418602203,
      "tn" : 1756418602203861104,
      "q" : "168",
      "p" : "0.011915",
      "s" : "sell",
      "i" : "OAS_USD",
      "m" : "4611686018428659209"
    }, {
      "d" : "1756418589751775217",
      "t" : 1756418589751,
      "tn" : 1756418589751775217,
      "q" : "166",
      "p" : "0.011919",
      "s" : "sell",
      "i" : "OAS_USD",
      "m" : "4611686018428659208"
    }, {
      "d" : "1756418589751772842",
      "t" : 1756418589751,
      "tn" : 1756418589751772842,
      "q" : "168",
      "p" : "0.011923",
      "s" : "sell",
      "i" : "OAS_USD",
      "m" : "4611686018428659207"
    }, {
      "d" : "1756418589751770760",
      "t" : 1756418589751,
      "tn" : 1756418589751770760,
      "q" : "168",
      "p" : "0.011927",
      "s" : "sell",
      "i" : "OAS_USD",
      "m" : "4611686018428659206"
    }, {
      "d" : "1756418589751768808",
      "t" : 1756418589751,
      "tn" : 1756418589751768808,
      "q" : "168",
      "p" : "0.011931",
      "s" : "sell",
      "i" : "OAS_USD",
      "m" : "4611686018428659205"
    }, {
      "d" : "1756418589751765883",
      "t" : 1756418589751,
      "tn" : 1756418589751765883,
      "q" : "168",
      "p" : "0.011936",
      "s" : "sell",
      "i" : "OAS_USD",
      "m" : "4611686018428659204"
    }, {
      "d" : "1756418589751762986",
      "t" : 1756418589751,
      "tn" : 1756418589751762986,
      "q" : "168",
      "p" : "0.011940",
      "s" : "sell",
      "i" : "OAS_USD",
      "m" : "4611686018428659203"
    }, {
      "d" : "1756418589751760055",
      "t" : 1756418589751,
      "tn" : 1756418589751760055,
      "q" : "2",
      "p" : "0.011945",
      "s" : "sell",
      "i" : "OAS_USD",
      "m" : "4611686018428659202"
    }, {
      "d" : "1756418586850439962",
      "t" : 1756418586850,
      "tn" : 1756418586850439962,
      "q" : "166",
      "p" : "0.011945",
      "s" : "sell",
      "i" : "OAS_USD",
      "m" : "4611686018428659201"
    }, {
      "d" : "1756418586850439329",
      "t" : 1756418586850,
      "tn" : 1756418586850439329,
      "q" : "168",
      "p" : "0.011950",
      "s" : "sell",
      "i" : "OAS_USD",
      "m" : "4611686018428659200"
    } ]
  }
}