{
  "id" : -1,
  "method" : "public/get-trades",
  "code" : 0,
  "result" : {
    "data" : [ {
      "d" : "1756460422106771828",
      "t" : 1756460422106,
      "tn" : 1756460422106771828,
      "q" : "412",
      "p" : "0.06287",
      "s" : "buy",
      "i" : "OGN_USD",
      "m" : "4611686018430033676"
    }, {
      "d" : "1756459092839060132",
      "t" : 1756459092839,
      "tn" : 1756459092839060132,
      "q" : "242",
      "p" : "0.06273",
      "s" : "buy",
      "i" : "OGN_USD",
      "m" : "4611686018430033675"
    }, {
      "d" : "1756459089505068766",
      "t" : 1756459089505,
      "tn" : 1756459089505068766,
      "q" : "1269",
      "p" : "0.06275",
      "s" : "buy",
      "i" : "OGN_USD",
      "m" : "4611686018430033674"
    }, {
      "d" : "1756457869840016913",
      "t" : 1756457869840,
      "tn" : 1756457869840016913,
      "q" : "1600",
      "p" : "0.06248",
      "s" : "sell",
      "i" : "OGN_USD",
      "m" : "4611686018430033673"
    }, {
      "d" : "1756457869840014506",
      "t" : 1756457869840,
      "tn" : 1756457869840014506,
      "q" : "400",
      "p" : "0.06249",
      "s" : "sell",
      "i" : "OGN_USD",
      "m" : "4611686018430033672"
    }, {
      "d" : "1756457867240535258",
      "t" : 1756457867240,
      "tn" : 1756457867240535258,
      "q" : "89",
      "p" : "0.06248",
      "s" : "sell",
      "i" : "OGN_USD",
      "m" : "4611686018430033671"
    }, {
      "d" : "1756457867240533529",
      "t" : 1756457867240,
      "tn" : 1756457867240533529,
      "q" : "94",
      "p" : "0.06257",
      "s" : "sell",
      "i" : "OGN_USD",
      "m" : "4611686018430033670"
    }, {
      "d" : "1756457867240530273",
      "t" : 1756457867240,
      "tn" : 1756457867240530273,
      "q" : "147",
      "p" : "0.06258",
      "s" : "sell",
      "i" : "OGN_USD",
      "m" : "4611686018430033669"
    }, {
      "d" : "1756457867227621797",
      "t" : 1756457867227,
      "tn" : 1756457867227621797,
      "q" : "330",
      "p" : "0.06258",
      "s" : "sell",
      "i" : "OGN_USD",
      "m" : "4611686018430033668"
    }, {
      "d" : "1756457867226511043",
      "t" : 1756457867226,
      "tn" : 1756457867226511043,
      "q" : "324",
      "p" : "0.06258",
      "s" : "sell",
      "i" : "OGN_USD",
      "m" : "4611686018430033667"
    }, {
      "d" : "1756457296218536067",
      "t" : 1756457296218,
      "tn" : 1756457296218536067,
      "q" : "127",
      "p" : "0.06316",
      "s" : "buy",
      "i" : "OGN_USD",
      "m" : "4611686018430033666"
    }, {
      "d" : "1756455714248842496",
      "t" : 1756455714248,
      "tn" : 1756455714248842496,
      "q" : "1230",
      "p" : "0.06323",
      "s" : "sell",
      "i" : "OGN_USD",
      "m" : "4611686018430033665"
    }, {
      "d" : "1756455714248832871",
      "t" : 1756455714248,
      "tn" : 1756455714248832871,
      "q" : "3100",
      "p" : "0.06323",
      "s" : "sell",
      "i" : "OGN_USD",
      "m" : "4611686018430033664"
    }, {
      "d" : "1756455714242258620",
      "t" : 1756455714242,
      "tn" : 1756455714242258620,
      "q" : "700",
      "p" : "0.06323",
      "s" : "sell",
      "i" : "OGN_USD",
      "m" : "4611686018430033663"
    }, {
      "d" : "1756455714242251317",
      "t" : 1756455714242,
      "tn" : 1756455714242251317,
      "q" : "420",
      "p" : "0.06323",
      "s" : "sell",
      "i" : "OGN_USD",
      "m" : "4611686018430033662"
    }, {
      "d" : "1756455714240796175",
      "t" : 1756455714240,
      "tn" : 1756455714240796175,
      "q" : "9000",
      "p" : "0.06323",
      "s" : "sell",
      "i" : "OGN_USD",
      "m" : "4611686018430033661"
    }, {
      "d" : "1756455714239844950",
      "t" : 1756455714239,
      "tn" : 1756455714239844950,
      "q" : "4094",
      "p" : "0.06323",
      "s" : "sell",
      "i" : "OGN_USD",
      "m" : "4611686018430033660"
    }, {
      "d" : "1756455714237859730",
      "t" : 1756455714237,
      "tn" : 1756455714237859730,
      "q" : "4094",
      "p" : "0.06323",
      "s" : "sell",
      "i" : "OGN_USD",
      "m" : "4611686018430033659"
    }, {
      "d" : "1756455714225746660",
      "t" : 1756455714225,
      "tn" : 1756455714225746660,
      "q" : "3183",
      "p" : "0.06323",
      "s" : "sell",
      "i" : "OGN_USD",
      "m" : "4611686018430033658"
    }, {
      "d" : "1756455714221845880",
      "t" : 1756455714221,
      "tn" : 1756455714221845880,
      "q" : "3182",
      "p" : "0.06323",
      "s" : "buy",
      "i" : "OGN_USD",
      "m" : "4611686018430033657"
    }, {
      "d" : "1756453407510298132",
      "t" : 1756453407510,
      "tn" : 1756453407510298132,
      "q" : "152",
      "p" : "0.06294",
      "s" : "sell",
      "i" : "OGN_USD",
      "m" : "4611686018430033656"
    }, {
      "d" : "1756450974574703311",
      "t" : 1756450974574,
      "tn" : 1756450974574703311,
      "q" : "92",
      "p" : "0.06407",
      "s" : "sell",
      "i" : "OGN_USD",
      "m" : "4611686018430033655"
    }, {
      "d" : "1756446504672089536",
      "t" : 1756446504672,
      "tn" : 1756446504672089536,
      "q" : "789",
      "p" : "0.06498",
      "s" : "buy",
      "i" : "OGN_USD",
      "m" : "4611686018430033654"
    }, {
      "d" : "1756446504561985933",
      "t" : 1756446504561,
      "tn" : 1756446504561985933,
      "q" : "789",
      "p" : "0.06499",
      "s" : "buy",
      "i" : "OGN_USD",
      "m" : "4611686018430033653"
    }, {
      "d" : "1756446504536064298",
      "t" : 1756446504536,
      "tn" : 1756446504536064298,
      "q" : "133",
      "p" : "0.06500",
      "s" : "buy",
      "i" : "OGN_USD",
      "m" : "4611686018430033652"
    }, {
      "d" : "1756444765399469349",
      "t" : 1756444765399,
      "tn" : 1756444765399469349,
      "q" : "352",
      "p" : "0.06496",
      "s" : "sell",
      "i" : "OGN_USD",
      "m" : "4611686018430033651"
    }, {
      "d" : "1756444765398926731",
      "t" : 1756444765398,
      "tn" : 1756444765398926731,
      "q" : "410",
      "p" : "0.06496",
      "s" : "sell",
      "i" : "OGN_USD",
      "m" : "4611686018430033650"
    }, {
      "d" : "1756444765397608764",
      "t" : 1756444765397,
      "tn" : 1756444765397608764,
      "q" : "1000",
      "p" : "0.06496",
      "s" : "sell",
      "i" : "OGN_USD",
      "m" : "4611686018430033649"
    }, {
      "d" : "1756444765396604911",
      "t" : 1756444765396,
      "tn" : 1756444765396604911,
      "q" : "316",
      "p" : "0.06496",
      "s" : "sell",
      "i" : "OGN_USD",
      "m" : "4611686018430033648"
    }, {
      "d" : "1756444765393874121",
      "t" : 1756444765393,
      "tn" : 1756444765393874121,
      "q" : "1000",
      "p" : "0.06496",
      "s" : "sell",
      "i" : "OGN_USD",
      "m" : "4611686018430033647"
    }, {
      "d" : "1756444592836432465",
      "t" : 1756444592836,
      "tn" : 1756444592836432465,
      "q" : "592",
      "p" : "0.06497",
      "s" : "sell",
      "i" : "OGN_USD",
      "m" : "4611686018430033646"
    }, {
      "d" : "1756444592771897766",
      "t" : 1756444592771,
      "tn" : 1756444592771897766,
      "q" : "2326",
      "p" : "0.06496",
      "s" : "sell",
      "i" : "OGN_USD",
      "m" : "4611686018430033645"
    }, {
      "d" : "1756444592771895721",
      "t" : 1756444592771,
      "tn" : 1756444592771895721,
      "q" : "6381",
      "p" : "0.06498",
      "s" : "sell",
      "i" : "OGN_USD",
      "m" : "4611686018430033644"
    }, {
      "d" : "1756444592771892653",
      "t" : 1756444592771,
      "tn" : 1756444592771892653,
      "q" : "1272",
      "p" : "0.06499",
      "s" : "sell",
      "i" : "OGN_USD",
      "m" : "4611686018430033643"
    }, {
      "d" : "1756441984205699518",
      "t" : 1756441984205,
      "tn" : 1756441984205699518,
      "q" : "394",
      "p" : "0.06544",
      "s" : "buy",
      "i" : "OGN_USD",
      "m" : "4611686018430033642"
    }, {
      "d" : "1756441984126241222",
      "t" : 1756441984126,
      "tn" : 1756441984126241222,
      "q" : "1008",
      "p" : "0.06545",
      "s" : "buy",
      "i" : "OGN_USD",
      "m" : "4611686018430033641"
    }, {
      "d" : "1756441984126238988",
      "t" : 1756441984126,
      "tn" : 1756441984126238987,
      "q" : "789",
      "p" : "0.06544",
      "s" : "buy",
      "i" : "OGN_USD",
      "m" : "4611686018430033640"
    }, {
      "d" : "1756441984126238987",
      "t" : 1756441984126,
      "tn" : 1756441984126238987,
      "q" : "3820",
      "p" : "0.06544",
      "s" : "buy",
      "i" : "OGN_USD",
      "m" : "4611686018430033640"
    }, {
      "d" : "1756441658481177733",
      "t" : 1756441658481,
      "tn" : 1756441658481177733,
      "q" : "844",
      "p" : "0.06527",
      "s" : "buy",
      "i" : "OGN_USD",
      "m" : "4611686018430033639"
    }, {
      "d" : "1756441658474918546",
      "t" : 1756441658474,
      "tn" : 1756441658474918546,
      "q" : "1361",
      "p" : "0.06527",
      "s" : "sell",
      "i" : "OGN_USD",
      "m" : "4611686018430033638"
    }, {
      "d" : "1756441658474915207",
      "t" : 1756441658474,
      "tn" : 1756441658474915207,
      "q" : "915",
      "p" : "0.06528",
      "s" : "sell",
      "i" : "OGN_USD",
      "m" : "4611686018430033637"
    }, {
      "d" : "1756439707886376716",
      "t" : 1756439707886,
      "tn" : 1756439707886376716,
      "q" : "216",
      "p" : "0.06556",
      "s" : "buy",
      "i" : "OGN_USD",
      "m" : "4611686018430033636"
    }, {
      "d" : "1756439707810106768",
      "t" : 1756439707810,
      "tn" : 1756439707810106767,
      "q" : "929",
      "p" : "0.06557",
      "s" : "buy",
      "i" : "OGN_USD",
      "m" : "4611686018430033635"
    }, {
      "d" : "1756439707810106767",
      "t" : 1756439707810,
      "tn" : 1756439707810106767,
      "q" : "432",
      "p" : "0.06557",
      "s" : "buy",
      "i" : "OGN_USD",
      "m" : "4611686018430033635"
    }, {
      "d" : "1756439468713319891",
      "t" : 1756439468713,
      "tn" : 1756439468713319891,
      "q" : "2083",
      "p" : "0.06518",
      "s" : "buy",
      "i" : "OGN_USD",
      "m" : "4611686018430033634"
    }, {
      "d" : "1756439468709273417",
      "t" : 1756439468709,
      "tn" : 1756439468709273417,
      "q" : "1052",
      "p" : "0.06518",
      "s" : "sell",
      "i" : "OGN_USD",
      "m" : "4611686018430033633"
    }, {
      "d" : "1756438353125988560",
      "t" : 1756438353125,
      "tn" : 1756438353125988560,
      "q" : "72",
      "p" : "0.06525",
      "s" : "buy",
      "i" : "OGN_USD",
      "m" : "4611686018430033632"
    }, {
      "d" : "1756438353120839223",
      "t" : 1756438353120,
      "tn" : 1756438353120839223,
      "q" : "3065",
      "p" : "0.06525",
      "s" : "sell",
      "i" : "OGN_USD",
      "m" : "4611686018430033631"
    }, {
      "d" : "1756432694415672280",
      "t" : 1756432694415,
      "tn" : 1756432694415672280,
      "q" : "1643",
      "p" : "0.06517",
      "s" : "buy",
      "i" : "OGN_USD",
      "m" : "4611686018430033630"
    }, {
      "d" : "1756431544720903980",
      "t" : 1756431544720,
      "tn" : 1756431544720903980,
      "q" : "176",
      "p" : "0.06482",
      "s" : "sell",
      "i" : "OGN_USD",
      "m" : "4611686018430033629"
    }, {
      "d" : "1756430603268214309",
      "t" : 1756430603268,
      "tn" : 1756430603268214309,
      "q" : "2227",
      "p" : "0.06477",
      "s" : "sell",
      "i" : "OGN_USD",
      "m" : "4611686018430033628"
    }, {
      "d" : "1756430505542103750",
      "t" : 1756430505542,
      "tn" : 1756430505542103750,
      "q" : "2776",
      "p" : "0.06484",
      "s" : "sell",
      "i" : "OGN_USD",
      "m" : "4611686018430033627"
    }, {
      "d" : "1756430162001779984",
      "t" : 1756430162001,
      "tn" : 1756430162001779984,
      "q" : "775",
      "p" : "0.06567",
      "s" : "sell",
      "i" : "OGN_USD",
      "m" : "4611686018430033626"
    }, {
      "d" : "1756430161997208215",
      "t" : 1756430161997,
      "tn" : 1756430161997208215,
      "q" : "865",
      "p" : "0.06567",
      "s" : "buy",
      "i" : "OGN_USD",
      "m" : "4611686018430033625"
    }, {
      "d" : "1756429698363976295",
      "t" : 1756429698363,
      "tn" : 1756429698363976295,
      "q" : "985",
      "p" : "0.06563",
      "s" : "sell",
      "i" : "OGN_USD",
      "m" : "4611686018430033624"
    }, {
      "d" : "1756429698357108867",
      "t" : 1756429698357,
      "tn" : 1756429698357108867,
      "q" : "972",
      "p" : "0.06563",
      "s" : "buy",
      "i" : "OGN_USD",
      "m" : "4611686018430033623"
    }, {
      "d" : "1756429491667151412",
      "t" : 1756429491667,
      "tn" : 1756429491667151412,
      "q" : "250",
      "p" : "0.06544",
      "s" : "buy",
      "i" : "OGN_USD",
      "m" : "4611686018430033622"
    }, {
      "d" : "1756429491667149727",
      "t" : 1756429491667,
      "tn" : 1756429491667149727,
      "q" : "509",
      "p" : "0.06542",
      "s" : "buy",
      "i" : "OGN_USD",
      "m" : "4611686018430033621"
    }, {
      "d" : "1756429491662321381",
      "t" : 1756429491662,
      "tn" : 1756429491662321381,
      "q" : "3560",
      "p" : "0.06541",
      "s" : "buy",
      "i" : "OGN_USD",
      "m" : "4611686018430033620"
    }, {
      "d" : "1756428244754261602",
      "t" : 1756428244754,
      "tn" : 1756428244754261602,
      "q" : "4691",
      "p" : "0.06552",
      "s" : "buy",
      "i" : "OGN_USD",
      "m" : "4611686018430033619"
    }, {
      "d" : "1756426915536888759",
      "t" : 1756426915536,
      "tn" : 1756426915536888759,
      "q" : "1473",
      "p" : "0.06616",
      "s" : "buy",
      "i" : "OGN_USD",
      "m" : "4611686018430033618"
    }, {
      "d" : "1756426068832814943",
      "t" : 1756426068832,
      "tn" : 1756426068832814943,
      "q" : "3095",
      "p" : "0.06593",
      "s" : "buy",
      "i" : "OGN_USD",
      "m" : "4611686018430033617"
    }, {
      "d" : "1756426068828388445",
      "t" : 1756426068828,
      "tn" : 1756426068828388445,
      "q" : "450",
      "p" : "0.06594",
      "s" : "sell",
      "i" : "OGN_USD",
      "m" : "4611686018430033616"
    }, {
      "d" : "1756426068828386897",
      "t" : 1756426068828,
      "tn" : 1756426068828386897,
      "q" : "3032",
      "p" : "0.06595",
      "s" : "sell",
      "i" : "OGN_USD",
      "m" : "4611686018430033615"
    }, {
      "d" : "1756425977740499279",
      "t" : 1756425977740,
      "tn" : 1756425977740499279,
      "q" : "69",
      "p" : "0.06578",
      "s" : "sell",
      "i" : "OGN_USD",
      "m" : "4611686018430033614"
    }, {
      "d" : "1756424632342010782",
      "t" : 1756424632342,
      "tn" : 1756424632342010782,
      "q" : "2972",
      "p" : "0.06578",
      "s" : "sell",
      "i" : "OGN_USD",
      "m" : "4611686018430033613"
    }, {
      "d" : "1756424613185856534",
      "t" : 1756424613185,
      "tn" : 1756424613185856534,
      "q" : "570",
      "p" : "0.06619",
      "s" : "sell",
      "i" : "OGN_USD",
      "m" : "4611686018430033612"
    }, {
      "d" : "1756424613141422274",
      "t" : 1756424613141,
      "tn" : 1756424613141422274,
      "q" : "904",
      "p" : "0.06618",
      "s" : "sell",
      "i" : "OGN_USD",
      "m" : "4611686018430033611"
    }, {
      "d" : "1756424613141420385",
      "t" : 1756424613141,
      "tn" : 1756424613141420385,
      "q" : "1469",
      "p" : "0.06619",
      "s" : "sell",
      "i" : "OGN_USD",
      "m" : "4611686018430033610"
    }, {
      "d" : "1756423870545698111",
      "t" : 1756423870545,
      "tn" : 1756423870545698111,
      "q" : "52",
      "p" : "0.06687",
      "s" : "sell",
      "i" : "OGN_USD",
      "m" : "4611686018430033609"
    }, {
      "d" : "1756423870542127074",
      "t" : 1756423870542,
      "tn" : 1756423870542127074,
      "q" : "310",
      "p" : "0.06687",
      "s" : "buy",
      "i" : "OGN_USD",
      "m" : "4611686018430033608"
    }, {
      "d" : "1756423731025924469",
      "t" : 1756423731025,
      "tn" : 1756423731025924469,
      "q" : "187",
      "p" : "0.06661",
      "s" : "buy",
      "i" : "OGN_USD",
      "m" : "4611686018430033607"
    }, {
      "d" : "1756422377722076240",
      "t" : 1756422377722,
      "tn" : 1756422377722076240,
      "q" : "107",
      "p" : "0.06611",
      "s" : "sell",
      "i" : "OGN_USD",
      "m" : "4611686018430033606"
    }, {
      "d" : "1756422331204896683",
      "t" : 1756422331204,
      "tn" : 1756422331204896683,
      "q" : "390",
      "p" : "0.06614",
      "s" : "sell",
      "i" : "OGN_USD",
      "m" : "4611686018430033605"
    }, {
      "d" : "1756422033779294937",
      "t" : 1756422033779,
      "tn" : 1756422033779294937,
      "q" : "3767",
      "p" : "0.06661",
      "s" : "buy",
      "i" : "OGN_USD",
      "m" : "4611686018430033604"
    }, {
      "d" : "1756422033779293470",
      "t" : 1756422033779,
      "tn" : 1756422033779293470,
      "q" : "3731",
      "p" : "0.06660",
      "s" : "buy",
      "i" : "OGN_USD",
      "m" : "4611686018430033603"
    }, {
      "d" : "1756421902413891297",
      "t" : 1756421902413,
      "tn" : 1756421902413891297,
      "q" : "3862",
      "p" : "0.06686",
      "s" : "buy",
      "i" : "OGN_USD",
      "m" : "4611686018430033602"
    }, {
      "d" : "1756421902413889488",
      "t" : 1756421902413,
      "tn" : 1756421902413889488,
      "q" : "3610",
      "p" : "0.06685",
      "s" : "buy",
      "i" : "OGN_USD",
      "m" : "4611686018430033601"
    }, {
      "d" : "1756421142444184078",
      "t" : 1756421142444,
      "tn" : 1756421142444184078,
      "q" : "1298",
      "p" : "0.06646",
      "s" : "sell",
      "i" : "OGN_USD",
      "m" : "4611686018430033600"
    }, {
      "d" : "1756419692025989193",
      "t" : 1756419692025,
      "tn" : 1756419692025989193,
      "q" : "1001",
      "p" : "0.06688",
      "s" : "buy",
      "i" : "OGN_USD",
      "m" : "4611686018430033599"
    }, {
      "d" : "1756418572043163206",
      "t" : 1756418572043,
      "tn" : 1756418572043163206,
      "q" : "419",
      "p" : "0.06629",
      "s" : "sell",
      "i" : "OGN_USD",
      "m" : "4611686018430033598"
    }, {
      "d" : "1756416971273198833",
      "t" : 1756416971273,
      "tn" : 1756416971273198833,
      "q" : "1032",
      "p" : "0.06605",
      "s" : "sell",
      "i" : "OGN_USD",
      "m" : "4611686018430033597"
    }, {
      "d" : "1756415554459696008",
      "t" : 1756415554459,
      "tn" : 1756415554459696008,
      "q" : "295",
      "p" : "0.06591",
      "s" : "buy",
      "i" : "OGN_USD",
      "m" : "4611686018430033596"
    }, {
      "d" : "1756414892514037316",
      "t" : 1756414892514,
      "tn" : 1756414892514037316,
      "q" : "504",
      "p" : "0.06582",
      "s" : "buy",
      "i" : "OGN_USD",
      "m" : "4611686018430033595"
    }, {
      "d" : "1756412847959434497",
      "t" : 1756412847959,
      "tn" : 1756412847959434497,
      "q" : "206",
      "p" : "0.06545",
      "s" : "sell",
      "i" : "OGN_USD",
      "m" : "4611686018430033594"
    }, {
      "d" : "1756411932911988724",
      "t" : 1756411932911,
      "tn" : 1756411932911988724,
      "q" : "1893",
      "p" : "0.06505",
      "s" : "buy",
      "i" : "OGN_USD",
      "m" : "4611686018430033593"
    }, {
      "d" : "1756410182849171792",
      "t" : 1756410182849,
      "tn" : 1756410182849171792,
      "q" : "90",
      "p" : "0.06555",
      "s" : "sell",
      "i" : "OGN_USD",
      "m" : "4611686018430033592"
    }, {
      "d" : "1756409604308684560",
      "t" : 1756409604308,
      "tn" : 1756409604308684560,
      "q" : "499",
      "p" : "0.06558",
      "s" : "sell",
      "i" : "OGN_USD",
      "m" : "4611686018430033591"
    }, {
      "d" : "1756406467554024597",
      "t" : 1756406467554,
      "tn" : 1756406467554024597,
      "q" : "3003",
      "p" : "0.06659",
      "s" : "buy",
      "i" : "OGN_USD",
      "m" : "4611686018430033590"
    }, {
      "d" : "1756405522746028070",
      "t" : 1756405522746,
      "tn" : 1756405522746028070,
      "q" : "31",
      "p" : "0.06568",
      "s" : "buy",
      "i" : "OGN_USD",
      "m" : "4611686018430033589"
    }, {
      "d" : "1756405522741243065",
      "t" : 1756405522741,
      "tn" : 1756405522741243065,
      "q" : "492",
      "p" : "0.06568",
      "s" : "sell",
      "i" : "OGN_USD",
      "m" : "4611686018430033588"
    }, {
      "d" : "1756402995631342700",
      "t" : 1756402995631,
      "tn" : 1756402995631342700,
      "q" : "436",
      "p" : "0.06615",
      "s" : "sell",
      "i" : "OGN_USD",
      "m" : "4611686018430033587"
    }, {
      "d" : "1756400822709100912",
      "t" : 1756400822709,
      "tn" : 1756400822709100912,
      "q" : "233",
      "p" : "0.06604",
      "s" : "buy",
      "i" : "OGN_USD",
      "m" : "4611686018430033586"
    }, {
      "d" : "1756400822478625544",
      "t" : 1756400822478,
      "tn" : 1756400822478625544,
      "q" : "233",
      "p" : "0.06604",
      "s" : "buy",
      "i" : "OGN_USD",
      "m" : "4611686018430033585"
    }, {
      "d" : "1756400822202166008",
      "t" : 1756400822202,
      "tn" : 1756400822202166008,
      "q" : "465",
      "p" : "0.06604",
      "s" : "buy",
      "i" : "OGN_USD",
      "m" : "4611686018430033584"
    }, {
      "d" : "1756400822111961651",
      "t" : 1756400822111,
      "tn" : 1756400822111961651,
      "q" : "433",
      "p" : "0.06605",
      "s" : "buy",
      "i" : "OGN_USD",
      "m" : "4611686018430033583"
    }, {
      "d" : "1756400773385378899",
      "t" : 1756400773385,
      "tn" : 1756400773385378899,
      "q" : "3169",
      "p" : "0.06564",
      "s" : "sell",
      "i" : "OGN_USD",
      "m" : "4611686018430033582"
    }, {
      "d" : "1756400452471782470",
      "t" : 1756400452471,
      "tn" : 1756400452471782470,
      "q" : "619",
      "p" : "0.06562",
      "s" : "sell",
      "i" : "OGN_USD",
      "m" : "4611686018430033581"
    }, {
      "d" : "1756399972681698821",
      "t" : 1756399972681,
      "tn" : 1756399972681698821,
      "q" : "142",
      "p" : "0.06626",
      "s" : "sell",
      "i" : "OGN_USD",
      "m" : "4611686018430033580"
    }, {
      "d" : "1756399972681696591",
      "t" : 1756399972681,
      "tn" : 1756399972681696591,
      "q" : "3017",
      "p" : "0.06627",
      "s" : "sell",
      "i" : "OGN_USD",
      "m" : "4611686018430033579"
    }, {
      "d" : "1756399654815869390",
      "t" : 1756399654815,
      "tn" : 1756399654815869390,
      "q" : "2500",
      "p" : "0.06645",
      "s" : "sell",
      "i" : "OGN_USD",
      "m" : "4611686018430033578"
    }, {
      "d" : "1756399654815867388",
      "t" : 1756399654815,
      "tn" : 1756399654815867388,
      "q" : "679",
      "p" : "0.06646",
      "s" : "sell",
      "i" : "OGN_USD",
      "m" : "4611686018430033577"
    }, {
      "d" : "1756399533820457836",
      "t" : 1756399533820,
      "tn" : 1756399533820457836,
      "q" : "837",
      "p" : "0.06642",
      "s" : "sell",
      "i" : "OGN_USD",
      "m" : "4611686018430033576"
    }, {
      "d" : "1756398931860470200",
      "t" : 1756398931860,
      "tn" : 1756398931860470200,
      "q" : "379",
      "p" : "0.06613",
      "s" : "sell",
      "i" : "OGN_USD",
      "m" : "4611686018430033575"
    }, {
      "d" : "1756396888110036608",
      "t" : 1756396888110,
      "tn" : 1756396888110036608,
      "q" : "706",
      "p" : "0.06620",
      "s" : "buy",
      "i" : "OGN_USD",
      "m" : "4611686018430033574"
    }, {
      "d" : "1756396888110034745",
      "t" : 1756396888110,
      "tn" : 1756396888110034745,
      "q" : "647",
      "p" : "0.06614",
      "s" : "buy",
      "i" : "OGN_USD",
      "m" : "4611686018430033573"
    }, {
      "d" : "1756396888110032475",
      "t" : 1756396888110,
      "tn" : 1756396888110032475,
      "q" : "647",
      "p" : "0.06612",
      "s" : "buy",
      "i" : "OGN_USD",
      "m" : "4611686018430033572"
    }, {
      "d" : "1756396814279656497",
      "t" : 1756396814279,
      "tn" : 1756396814279656497,
      "q" : "1167",
      "p" : "0.06607",
      "s" : "buy",
      "i" : "OGN_USD",
      "m" : "4611686018430033571"
    }, {
      "d" : "1756396074319255228",
      "t" : 1756396074319,
      "tn" : 1756396074319255228,
      "q" : "545",
      "p" : "0.06596",
      "s" : "sell",
      "i" : "OGN_USD",
      "m" : "4611686018430033570"
    }, {
      "d" : "1756395815848444270",
      "t" : 1756395815848,
      "tn" : 1756395815848444270,
      "q" : "240",
      "p" : "0.06637",
      "s" : "buy",
      "i" : "OGN_USD",
      "m" : "4611686018430033569"
    }, {
      "d" : "1756394778473840208",
      "t" : 1756394778473,
      "tn" : 1756394778473840208,
      "q" : "135",
      "p" : "0.06586",
      "s" : "sell",
      "i" : "OGN_USD",
      "m" : "4611686018430033568"
    }, {
      "d" : "1756394392682324201",
      "t" : 1756394392682,
      "tn" : 1756394392682324201,
      "q" : "114",
      "p" : "0.06618",
      "s" : "sell",
      "i" : "OGN_USD",
      "m" : "4611686018430033567"
    }, {
      "d" : "1756393481681196345",
      "t" : 1756393481681,
      "tn" : 1756393481681196345,
      "q" : "859",
      "p" : "0.06637",
      "s" : "buy",
      "i" : "OGN_USD",
      "m" : "4611686018430033566"
    }, {
      "d" : "1756393452367233931",
      "t" : 1756393452367,
      "tn" : 1756393452367233931,
      "q" : "1790",
      "p" : "0.06628",
      "s" : "buy",
      "i" : "OGN_USD",
      "m" : "4611686018430033565"
    }, {
      "d" : "1756393441210036451",
      "t" : 1756393441210,
      "tn" : 1756393441210036451,
      "q" : "779",
      "p" : "0.06628",
      "s" : "sell",
      "i" : "OGN_USD",
      "m" : "4611686018430033564"
    }, {
      "d" : "1756393441210034591",
      "t" : 1756393441210,
      "tn" : 1756393441210034591,
      "q" : "3017",
      "p" : "0.06629",
      "s" : "sell",
      "i" : "OGN_USD",
      "m" : "4611686018430033563"
    }, {
      "d" : "1756393353609371802",
      "t" : 1756393353609,
      "tn" : 1756393353609371802,
      "q" : "531",
      "p" : "0.06645",
      "s" : "buy",
      "i" : "OGN_USD",
      "m" : "4611686018430033562"
    }, {
      "d" : "1756393353609370257",
      "t" : 1756393353609,
      "tn" : 1756393353609370257,
      "q" : "1469",
      "p" : "0.06643",
      "s" : "buy",
      "i" : "OGN_USD",
      "m" : "4611686018430033561"
    }, {
      "d" : "1756393322855892851",
      "t" : 1756393322855,
      "tn" : 1756393322855892851,
      "q" : "1500",
      "p" : "0.06654",
      "s" : "buy",
      "i" : "OGN_USD",
      "m" : "4611686018430033560"
    }, {
      "d" : "1756392846068976738",
      "t" : 1756392846068,
      "tn" : 1756392846068976738,
      "q" : "2800",
      "p" : "0.06609",
      "s" : "sell",
      "i" : "OGN_USD",
      "m" : "4611686018430033559"
    }, {
      "d" : "1756392846068974613",
      "t" : 1756392846068,
      "tn" : 1756392846068974613,
      "q" : "270",
      "p" : "0.06616",
      "s" : "sell",
      "i" : "OGN_USD",
      "m" : "4611686018430033558"
    }, {
      "d" : "1756392476424058768",
      "t" : 1756392476424,
      "tn" : 1756392476424058768,
      "q" : "2221",
      "p" : "0.06647",
      "s" : "buy",
      "i" : "OGN_USD",
      "m" : "4611686018430033557"
    }, {
      "d" : "1756392210410244285",
      "t" : 1756392210410,
      "tn" : 1756392210410244285,
      "q" : "248",
      "p" : "0.06617",
      "s" : "buy",
      "i" : "OGN_USD",
      "m" : "4611686018430033556"
    }, {
      "d" : "1756392147105868521",
      "t" : 1756392147105,
      "tn" : 1756392147105868521,
      "q" : "1001",
      "p" : "0.06632",
      "s" : "buy",
      "i" : "OGN_USD",
      "m" : "4611686018430033555"
    }, {
      "d" : "1756391992059405697",
      "t" : 1756391992059,
      "tn" : 1756391992059405697,
      "q" : "2000",
      "p" : "0.06623",
      "s" : "buy",
      "i" : "OGN_USD",
      "m" : "4611686018430033554"
    }, {
      "d" : "1756391989652019340",
      "t" : 1756391989652,
      "tn" : 1756391989652019340,
      "q" : "3126",
      "p" : "0.06590",
      "s" : "buy",
      "i" : "OGN_USD",
      "m" : "4611686018430033553"
    }, {
      "d" : "1756391976869367962",
      "t" : 1756391976869,
      "tn" : 1756391976869367962,
      "q" : "2000",
      "p" : "0.06635",
      "s" : "buy",
      "i" : "OGN_USD",
      "m" : "4611686018430033552"
    }, {
      "d" : "1756391875511536688",
      "t" : 1756391875511,
      "tn" : 1756391875511536688,
      "q" : "268",
      "p" : "0.06574",
      "s" : "sell",
      "i" : "OGN_USD",
      "m" : "4611686018430033551"
    }, {
      "d" : "1756391577205596063",
      "t" : 1756391577205,
      "tn" : 1756391577205596063,
      "q" : "139",
      "p" : "0.06619",
      "s" : "buy",
      "i" : "OGN_USD",
      "m" : "4611686018430033550"
    }, {
      "d" : "1756391497651295009",
      "t" : 1756391497651,
      "tn" : 1756391497651295009,
      "q" : "537",
      "p" : "0.06615",
      "s" : "sell",
      "i" : "OGN_USD",
      "m" : "4611686018430033549"
    }, {
      "d" : "1756391497531227310",
      "t" : 1756391497531,
      "tn" : 1756391497531227310,
      "q" : "2360",
      "p" : "0.06614",
      "s" : "sell",
      "i" : "OGN_USD",
      "m" : "4611686018430033548"
    }, {
      "d" : "1756391497531224705",
      "t" : 1756391497531,
      "tn" : 1756391497531224705,
      "q" : "1074",
      "p" : "0.06615",
      "s" : "sell",
      "i" : "OGN_USD",
      "m" : "4611686018430033547"
    }, {
      "d" : "1756391016504645505",
      "t" : 1756391016504,
      "tn" : 1756391016504645505,
      "q" : "1655",
      "p" : "0.06630",
      "s" : "buy",
      "i" : "OGN_USD",
      "m" : "4611686018430033546"
    }, {
      "d" : "1756391001843365042",
      "t" : 1756391001843,
      "tn" : 1756391001843365035,
      "q" : "89",
      "p" : "0.06647",
      "s" : "sell",
      "i" : "OGN_USD",
      "m" : "4611686018430033545"
    }, {
      "d" : "1756391001843365041",
      "t" : 1756391001843,
      "tn" : 1756391001843365035,
      "q" : "89",
      "p" : "0.06647",
      "s" : "sell",
      "i" : "OGN_USD",
      "m" : "4611686018430033545"
    }, {
      "d" : "1756391001843365040",
      "t" : 1756391001843,
      "tn" : 1756391001843365035,
      "q" : "89",
      "p" : "0.06647",
      "s" : "sell",
      "i" : "OGN_USD",
      "m" : "4611686018430033545"
    }, {
      "d" : "1756391001843365039",
      "t" : 1756391001843,
      "tn" : 1756391001843365035,
      "q" : "89",
      "p" : "0.06647",
      "s" : "sell",
      "i" : "OGN_USD",
      "m" : "4611686018430033545"
    }, {
      "d" : "1756391001843365038",
      "t" : 1756391001843,
      "tn" : 1756391001843365035,
      "q" : "89",
      "p" : "0.06647",
      "s" : "sell",
      "i" : "OGN_USD",
      "m" : "4611686018430033545"
    }, {
      "d" : "1756391001843365037",
      "t" : 1756391001843,
      "tn" : 1756391001843365035,
      "q" : "89",
      "p" : "0.06647",
      "s" : "sell",
      "i" : "OGN_USD",
      "m" : "4611686018430033545"
    }, {
      "d" : "1756391001843365036",
      "t" : 1756391001843,
      "tn" : 1756391001843365035,
      "q" : "89",
      "p" : "0.06647",
      "s" : "sell",
      "i" : "OGN_USD",
      "m" : "4611686018430033545"
    }, {
      "d" : "1756391001843365035",
      "t" : 1756391001843,
      "tn" : 1756391001843365035,
      "q" : "89",
      "p" : "0.06647",
      "s" : "sell",
      "i" : "OGN_USD",
      "m" : "4611686018430033545"
    }, {
      "d" : "1756391001843354247",
      "t" : 1756391001843,
      "tn" : 1756391001843354247,
      "q" : "679",
      "p" : "0.06648",
      "s" : "sell",
      "i" : "OGN_USD",
      "m" : "4611686018430033544"
    }, {
      "d" : "1756389789079192748",
      "t" : 1756389789079,
      "tn" : 1756389789079192748,
      "q" : "945",
      "p" : "0.06647",
      "s" : "buy",
      "i" : "OGN_USD",
      "m" : "4611686018430033543"
    }, {
      "d" : "1756389789079190770",
      "t" : 1756389789079,
      "tn" : 1756389789079190770,
      "q" : "1055",
      "p" : "0.06645",
      "s" : "buy",
      "i" : "OGN_USD",
      "m" : "4611686018430033542"
    }, {
      "d" : "1756389664521798982",
      "t" : 1756389664521,
      "tn" : 1756389664521798982,
      "q" : "3076",
      "p" : "0.06630",
      "s" : "buy",
      "i" : "OGN_USD",
      "m" : "4611686018430033541"
    }, {
      "d" : "1756389371547471628",
      "t" : 1756389371547,
      "tn" : 1756389371547471628,
      "q" : "557",
      "p" : "0.06599",
      "s" : "buy",
      "i" : "OGN_USD",
      "m" : "4611686018430033540"
    }, {
      "d" : "1756389371541931459",
      "t" : 1756389371541,
      "tn" : 1756389371541931459,
      "q" : "1091",
      "p" : "0.06599",
      "s" : "sell",
      "i" : "OGN_USD",
      "m" : "4611686018430033539"
    }, {
      "d" : "1756389371541928904",
      "t" : 1756389371541,
      "tn" : 1756389371541928904,
      "q" : "828",
      "p" : "0.06601",
      "s" : "sell",
      "i" : "OGN_USD",
      "m" : "4611686018430033538"
    }, {
      "d" : "1756389371541925969",
      "t" : 1756389371541,
      "tn" : 1756389371541925969,
      "q" : "658",
      "p" : "0.06602",
      "s" : "sell",
      "i" : "OGN_USD",
      "m" : "4611686018430033537"
    }, {
      "d" : "1756388879845245185",
      "t" : 1756388879845,
      "tn" : 1756388879845245185,
      "q" : "127",
      "p" : "0.06620",
      "s" : "sell",
      "i" : "OGN_USD",
      "m" : "4611686018430033536"
    } ]
  }
}