{
  "id" : -1,
  "method" : "public/get-trades",
  "code" : 0,
  "result" : {
    "data" : [ {
      "d" : "1756460330464561181",
      "t" : 1756460330464,
      "tn" : 1756460330464561181,
      "q" : "740",
      "p" : "0.006201",
      "s" : "sell",
      "i" : "OLE_USD",
      "m" : "4611686018429143776"
    }, {
      "d" : "1756458941473813794",
      "t" : 1756458941473,
      "tn" : 1756458941473813794,
      "q" : "420",
      "p" : "0.006202",
      "s" : "sell",
      "i" : "OLE_USD",
      "m" : "4611686018429143775"
    }, {
      "d" : "1756458788489107963",
      "t" : 1756458788489,
      "tn" : 1756458788489107963,
      "q" : "420",
      "p" : "0.006340",
      "s" : "buy",
      "i" : "OLE_USD",
      "m" : "4611686018429143774"
    }, {
      "d" : "1756456542968151820",
      "t" : 1756456542968,
      "tn" : 1756456542968151820,
      "q" : "250",
      "p" : "0.006137",
      "s" : "sell",
      "i" : "OLE_USD",
      "m" : "4611686018429143773"
    }, {
      "d" : "1756454403151699492",
      "t" : 1756454403151,
      "tn" : 1756454403151699492,
      "q" : "700",
      "p" : "0.006346",
      "s" : "buy",
      "i" : "OLE_USD",
      "m" : "4611686018429143772"
    }, {
      "d" : "1756449847182016535",
      "t" : 1756449847182,
      "tn" : 1756449847182016535,
      "q" : "250",
      "p" : "0.006242",
      "s" : "buy",
      "i" : "OLE_USD",
      "m" : "4611686018429143771"
    }, {
      "d" : "1756442897395239939",
      "t" : 1756442897395,
      "tn" : 1756442897395239939,
      "q" : "16770",
      "p" : "0.006205",
      "s" : "sell",
      "i" : "OLE_USD",
      "m" : "4611686018429143770"
    }, {
      "d" : "1756442887519925713",
      "t" : 1756442887519,
      "tn" : 1756442887519925713,
      "q" : "4340",
      "p" : "0.006207",
      "s" : "sell",
      "i" : "OLE_USD",
      "m" : "4611686018429143769"
    }, {
      "d" : "1756442733339665436",
      "t" : 1756442733339,
      "tn" : 1756442733339665436,
      "q" : "8340",
      "p" : "0.006208",
      "s" : "sell",
      "i" : "OLE_USD",
      "m" : "4611686018429143768"
    }, {
      "d" : "1756437086678258764",
      "t" : 1756437086678,
      "tn" : 1756437086678258764,
      "q" : "7020",
      "p" : "0.006346",
      "s" : "buy",
      "i" : "OLE_USD",
      "m" : "4611686018429143767"
    }, {
      "d" : "1756435026915064126",
      "t" : 1756435026915,
      "tn" : 1756435026915064126,
      "q" : "990",
      "p" : "0.006332",
      "s" : "buy",
      "i" : "OLE_USD",
      "m" : "4611686018429143766"
    }, {
      "d" : "1756431136959820930",
      "t" : 1756431136959,
      "tn" : 1756431136959820930,
      "q" : "170",
      "p" : "0.006346",
      "s" : "buy",
      "i" : "OLE_USD",
      "m" : "4611686018429143765"
    }, {
      "d" : "1756427209120500184",
      "t" : 1756427209120,
      "tn" : 1756427209120500184,
      "q" : "10100",
      "p" : "0.006206",
      "s" : "sell",
      "i" : "OLE_USD",
      "m" : "4611686018429143764"
    }, {
      "d" : "1756418963549475889",
      "t" : 1756418963549,
      "tn" : 1756418963549475889,
      "q" : "160",
      "p" : "0.006316",
      "s" : "buy",
      "i" : "OLE_USD",
      "m" : "4611686018429143763"
    }, {
      "d" : "1756415893062294893",
      "t" : 1756415893062,
      "tn" : 1756415893062294893,
      "q" : "180",
      "p" : "0.006179",
      "s" : "sell",
      "i" : "OLE_USD",
      "m" : "4611686018429143762"
    }, {
      "d" : "1756410757472814941",
      "t" : 1756410757472,
      "tn" : 1756410757472814941,
      "q" : "2070",
      "p" : "0.006178",
      "s" : "sell",
      "i" : "OLE_USD",
      "m" : "4611686018429143761"
    }, {
      "d" : "1756407392306276651",
      "t" : 1756407392306,
      "tn" : 1756407392306276651,
      "q" : "890",
      "p" : "0.006249",
      "s" : "buy",
      "i" : "OLE_USD",
      "m" : "4611686018429143760"
    }, {
      "d" : "1756404969438396576",
      "t" : 1756404969438,
      "tn" : 1756404969438396576,
      "q" : "580",
      "p" : "0.006178",
      "s" : "sell",
      "i" : "OLE_USD",
      "m" : "4611686018429143759"
    }, {
      "d" : "1756403796924848678",
      "t" : 1756403796924,
      "tn" : 1756403796924848678,
      "q" : "50110",
      "p" : "0.006232",
      "s" : "sell",
      "i" : "OLE_USD",
      "m" : "4611686018429143758"
    }, {
      "d" : "1756403793573867611",
      "t" : 1756403793573,
      "tn" : 1756403793573867611,
      "q" : "31500",
      "p" : "0.006233",
      "s" : "sell",
      "i" : "OLE_USD",
      "m" : "4611686018429143757"
    }, {
      "d" : "1756403790128025329",
      "t" : 1756403790128,
      "tn" : 1756403790128025329,
      "q" : "5960",
      "p" : "0.006237",
      "s" : "sell",
      "i" : "OLE_USD",
      "m" : "4611686018429143756"
    }, {
      "d" : "1756401310165112462",
      "t" : 1756401310165,
      "tn" : 1756401310165112462,
      "q" : "10500",
      "p" : "0.006240",
      "s" : "sell",
      "i" : "OLE_USD",
      "m" : "4611686018429143755"
    }, {
      "d" : "1756401306535903389",
      "t" : 1756401306535,
      "tn" : 1756401306535903389,
      "q" : "24030",
      "p" : "0.006240",
      "s" : "sell",
      "i" : "OLE_USD",
      "m" : "4611686018429143754"
    }, {
      "d" : "1756401303433904105",
      "t" : 1756401303433,
      "tn" : 1756401303433904105,
      "q" : "9930",
      "p" : "0.006254",
      "s" : "sell",
      "i" : "OLE_USD",
      "m" : "4611686018429143753"
    }, {
      "d" : "1756401145292594513",
      "t" : 1756401145292,
      "tn" : 1756401145292594513,
      "q" : "1010",
      "p" : "0.006244",
      "s" : "sell",
      "i" : "OLE_USD",
      "m" : "4611686018429143752"
    }, {
      "d" : "1756400939392087969",
      "t" : 1756400939392,
      "tn" : 1756400939392087969,
      "q" : "20130",
      "p" : "0.006319",
      "s" : "buy",
      "i" : "OLE_USD",
      "m" : "4611686018429143751"
    }, {
      "d" : "1756400844048671383",
      "t" : 1756400844048,
      "tn" : 1756400844048671383,
      "q" : "26050",
      "p" : "0.006319",
      "s" : "buy",
      "i" : "OLE_USD",
      "m" : "4611686018429143750"
    }, {
      "d" : "1756400785366331719",
      "t" : 1756400785366,
      "tn" : 1756400785366331719,
      "q" : "2300",
      "p" : "0.006319",
      "s" : "buy",
      "i" : "OLE_USD",
      "m" : "4611686018429143749"
    }, {
      "d" : "1756400776959008936",
      "t" : 1756400776959,
      "tn" : 1756400776959008936,
      "q" : "12030",
      "p" : "0.006318",
      "s" : "buy",
      "i" : "OLE_USD",
      "m" : "4611686018429143748"
    }, {
      "d" : "1756400626422273787",
      "t" : 1756400626422,
      "tn" : 1756400626422273787,
      "q" : "1010",
      "p" : "0.006318",
      "s" : "buy",
      "i" : "OLE_USD",
      "m" : "4611686018429143747"
    }, {
      "d" : "1756398026048214803",
      "t" : 1756398026048,
      "tn" : 1756398026048214803,
      "q" : "1380",
      "p" : "0.006193",
      "s" : "buy",
      "i" : "OLE_USD",
      "m" : "4611686018429143746"
    }, {
      "d" : "1756397977015133615",
      "t" : 1756397977015,
      "tn" : 1756397977015133615,
      "q" : "170",
      "p" : "0.006069",
      "s" : "sell",
      "i" : "OLE_USD",
      "m" : "4611686018429143745"
    }, {
      "d" : "1756396680268565801",
      "t" : 1756396680268,
      "tn" : 1756396680268565801,
      "q" : "220",
      "p" : "0.006192",
      "s" : "buy",
      "i" : "OLE_USD",
      "m" : "4611686018429143744"
    }, {
      "d" : "1756395433844513573",
      "t" : 1756395433844,
      "tn" : 1756395433844513573,
      "q" : "4500",
      "p" : "0.006071",
      "s" : "sell",
      "i" : "OLE_USD",
      "m" : "4611686018429143743"
    }, {
      "d" : "1756392455747881899",
      "t" : 1756392455747,
      "tn" : 1756392455747881899,
      "q" : "1050",
      "p" : "0.006124",
      "s" : "buy",
      "i" : "OLE_USD",
      "m" : "4611686018429143742"
    }, {
      "d" : "1756391501737310900",
      "t" : 1756391501737,
      "tn" : 1756391501737310900,
      "q" : "24540",
      "p" : "0.006110",
      "s" : "sell",
      "i" : "OLE_USD",
      "m" : "4611686018429143741"
    }, {
      "d" : "1756389431352813049",
      "t" : 1756389431352,
      "tn" : 1756389431352813049,
      "q" : "5000",
      "p" : "0.006110",
      "s" : "sell",
      "i" : "OLE_USD",
      "m" : "4611686018429143740"
    }, {
      "d" : "1756389431327781238",
      "t" : 1756389431327,
      "tn" : 1756389431327781238,
      "q" : "10000",
      "p" : "0.006110",
      "s" : "sell",
      "i" : "OLE_USD",
      "m" : "4611686018429143739"
    }, {
      "d" : "1756386854588202930",
      "t" : 1756386854588,
      "tn" : 1756386854588202930,
      "q" : "1960",
      "p" : "0.006159",
      "s" : "buy",
      "i" : "OLE_USD",
      "m" : "4611686018429143738"
    }, {
      "d" : "1756383532177874605",
      "t" : 1756383532177,
      "tn" : 1756383532177874605,
      "q" : "390",
      "p" : "0.006159",
      "s" : "buy",
      "i" : "OLE_USD",
      "m" : "4611686018429143737"
    }, {
      "d" : "1756383528949471174",
      "t" : 1756383528949,
      "tn" : 1756383528949471174,
      "q" : "1160",
      "p" : "0.006158",
      "s" : "buy",
      "i" : "OLE_USD",
      "m" : "4611686018429143736"
    }, {
      "d" : "1756382679451835627",
      "t" : 1756382679451,
      "tn" : 1756382679451835627,
      "q" : "5100",
      "p" : "0.006199",
      "s" : "buy",
      "i" : "OLE_USD",
      "m" : "4611686018429143735"
    }, {
      "d" : "1756382001357442770",
      "t" : 1756382001357,
      "tn" : 1756382001357442770,
      "q" : "1120",
      "p" : "0.006115",
      "s" : "sell",
      "i" : "OLE_USD",
      "m" : "4611686018429143734"
    }, {
      "d" : "1756378559638112681",
      "t" : 1756378559638,
      "tn" : 1756378559638112681,
      "q" : "2500",
      "p" : "0.006169",
      "s" : "sell",
      "i" : "OLE_USD",
      "m" : "4611686018429143733"
    }, {
      "d" : "1756378556423406145",
      "t" : 1756378556423,
      "tn" : 1756378556423406145,
      "q" : "2640",
      "p" : "0.006167",
      "s" : "sell",
      "i" : "OLE_USD",
      "m" : "4611686018429143732"
    }, {
      "d" : "1756377578899532853",
      "t" : 1756377578899,
      "tn" : 1756377578899532853,
      "q" : "18650",
      "p" : "0.006143",
      "s" : "buy",
      "i" : "OLE_USD",
      "m" : "4611686018429143731"
    }, {
      "d" : "1756377575708811093",
      "t" : 1756377575708,
      "tn" : 1756377575708811093,
      "q" : "46300",
      "p" : "0.006142",
      "s" : "buy",
      "i" : "OLE_USD",
      "m" : "4611686018429143730"
    }, {
      "d" : "1756377572511962882",
      "t" : 1756377572511,
      "tn" : 1756377572511962882,
      "q" : "10100",
      "p" : "0.006141",
      "s" : "buy",
      "i" : "OLE_USD",
      "m" : "4611686018429143729"
    }, {
      "d" : "1756376312685566224",
      "t" : 1756376312685,
      "tn" : 1756376312685566224,
      "q" : "44450",
      "p" : "0.006109",
      "s" : "sell",
      "i" : "OLE_USD",
      "m" : "4611686018429143728"
    }, {
      "d" : "1756375626756095294",
      "t" : 1756375626756,
      "tn" : 1756375626756095294,
      "q" : "16300",
      "p" : "0.006112",
      "s" : "sell",
      "i" : "OLE_USD",
      "m" : "4611686018429143727"
    }, {
      "d" : "1756375622379689140",
      "t" : 1756375622379,
      "tn" : 1756375622379689140,
      "q" : "5480",
      "p" : "0.006124",
      "s" : "sell",
      "i" : "OLE_USD",
      "m" : "4611686018429143726"
    } ]
  }
}