{
  "id" : -1,
  "method" : "public/get-trades",
  "code" : 0,
  "result" : {
    "data" : [ {
      "d" : "1756456525687830192",
      "t" : 1756456525687,
      "tn" : 1756456525687830192,
      "q" : "5.22",
      "p" : "0.2221",
      "s" : "buy",
      "i" : "OM_USD",
      "m" : "4611686018427408646"
    }, {
      "d" : "1756456295684149103",
      "t" : 1756456295684,
      "tn" : 1756456295684149103,
      "q" : "5.22",
      "p" : "0.2222",
      "s" : "buy",
      "i" : "OM_USD",
      "m" : "4611686018427408645"
    }, {
      "d" : "1756455845420404706",
      "t" : 1756455845420,
      "tn" : 1756455845420404706,
      "q" : "5.22",
      "p" : "0.2219",
      "s" : "buy",
      "i" : "OM_USD",
      "m" : "4611686018427408644"
    }, {
      "d" : "1756449526937202840",
      "t" : 1756449526937,
      "tn" : 1756449526937202840,
      "q" : "5.22",
      "p" : "0.2280",
      "s" : "buy",
      "i" : "OM_USD",
      "m" : "4611686018427408643"
    }, {
      "d" : "1756443813463464086",
      "t" : 1756443813463,
      "tn" : 1756443813463464086,
      "q" : "5.22",
      "p" : "0.2296",
      "s" : "buy",
      "i" : "OM_USD",
      "m" : "4611686018427408642"
    }, {
      "d" : "1756443813455401239",
      "t" : 1756443813455,
      "tn" : 1756443813455401239,
      "q" : "5.22",
      "p" : "0.2296",
      "s" : "buy",
      "i" : "OM_USD",
      "m" : "4611686018427408641"
    }, {
      "d" : "1756434570467303116",
      "t" : 1756434570467,
      "tn" : 1756434570467303116,
      "q" : "5.22",
      "p" : "0.2312",
      "s" : "buy",
      "i" : "OM_USD",
      "m" : "4611686018427408640"
    }, {
      "d" : "1756429274611543065",
      "t" : 1756429274611,
      "tn" : 1756429274611543065,
      "q" : "5.22",
      "p" : "0.2329",
      "s" : "buy",
      "i" : "OM_USD",
      "m" : "4611686018427408639"
    }, {
      "d" : "1756428685539277935",
      "t" : 1756428685539,
      "tn" : 1756428685539277935,
      "q" : "5.22",
      "p" : "0.2324",
      "s" : "buy",
      "i" : "OM_USD",
      "m" : "4611686018427408638"
    }, {
      "d" : "1756427661756845683",
      "t" : 1756427661756,
      "tn" : 1756427661756845683,
      "q" : "5.22",
      "p" : "0.2359",
      "s" : "buy",
      "i" : "OM_USD",
      "m" : "4611686018427408637"
    }, {
      "d" : "1756427209080078302",
      "t" : 1756427209080,
      "tn" : 1756427209080078302,
      "q" : "5.22",
      "p" : "0.2364",
      "s" : "buy",
      "i" : "OM_USD",
      "m" : "4611686018427408636"
    }, {
      "d" : "1756426340490547483",
      "t" : 1756426340490,
      "tn" : 1756426340490547483,
      "q" : "5.22",
      "p" : "0.2356",
      "s" : "buy",
      "i" : "OM_USD",
      "m" : "4611686018427408635"
    }, {
      "d" : "1756426205966806279",
      "t" : 1756426205966,
      "tn" : 1756426205966806279,
      "q" : "5.22",
      "p" : "0.2353",
      "s" : "buy",
      "i" : "OM_USD",
      "m" : "4611686018427408634"
    }, {
      "d" : "1756426173199945897",
      "t" : 1756426173199,
      "tn" : 1756426173199945897,
      "q" : "5.22",
      "p" : "0.2346",
      "s" : "buy",
      "i" : "OM_USD",
      "m" : "4611686018427408633"
    }, {
      "d" : "1756426089536629607",
      "t" : 1756426089536,
      "tn" : 1756426089536629607,
      "q" : "5.22",
      "p" : "0.2352",
      "s" : "buy",
      "i" : "OM_USD",
      "m" : "4611686018427408632"
    }, {
      "d" : "1756425998365190523",
      "t" : 1756425998365,
      "tn" : 1756425998365190523,
      "q" : "5.22",
      "p" : "0.2348",
      "s" : "buy",
      "i" : "OM_USD",
      "m" : "4611686018427408631"
    }, {
      "d" : "1756425997137571047",
      "t" : 1756425997137,
      "tn" : 1756425997137571047,
      "q" : "5.22",
      "p" : "0.2346",
      "s" : "buy",
      "i" : "OM_USD",
      "m" : "4611686018427408630"
    }, {
      "d" : "1756425965308871164",
      "t" : 1756425965308,
      "tn" : 1756425965308871164,
      "q" : "5.22",
      "p" : "0.2346",
      "s" : "buy",
      "i" : "OM_USD",
      "m" : "4611686018427408629"
    }, {
      "d" : "1756425954008887966",
      "t" : 1756425954008,
      "tn" : 1756425954008887966,
      "q" : "5.22",
      "p" : "0.2347",
      "s" : "buy",
      "i" : "OM_USD",
      "m" : "4611686018427408628"
    }, {
      "d" : "1756425945956516402",
      "t" : 1756425945956,
      "tn" : 1756425945956516402,
      "q" : "5.22",
      "p" : "0.2341",
      "s" : "buy",
      "i" : "OM_USD",
      "m" : "4611686018427408627"
    }, {
      "d" : "1756425932881774077",
      "t" : 1756425932881,
      "tn" : 1756425932881774077,
      "q" : "5.22",
      "p" : "0.2337",
      "s" : "buy",
      "i" : "OM_USD",
      "m" : "4611686018427408626"
    }, {
      "d" : "1756406594466836562",
      "t" : 1756406594466,
      "tn" : 1756406594466836562,
      "q" : "5.22",
      "p" : "0.2322",
      "s" : "buy",
      "i" : "OM_USD",
      "m" : "4611686018427408625"
    }, {
      "d" : "1756401121309119040",
      "t" : 1756401121309,
      "tn" : 1756401121309119040,
      "q" : "5.22",
      "p" : "0.2299",
      "s" : "buy",
      "i" : "OM_USD",
      "m" : "4611686018427408624"
    }, {
      "d" : "1756401076964990414",
      "t" : 1756401076964,
      "tn" : 1756401076964990414,
      "q" : "5.22",
      "p" : "0.2291",
      "s" : "buy",
      "i" : "OM_USD",
      "m" : "4611686018427408623"
    }, {
      "d" : "1756400487531173619",
      "t" : 1756400487531,
      "tn" : 1756400487531173619,
      "q" : "5.22",
      "p" : "0.2295",
      "s" : "buy",
      "i" : "OM_USD",
      "m" : "4611686018427408622"
    }, {
      "d" : "1756393101744396284",
      "t" : 1756393101744,
      "tn" : 1756393101744396284,
      "q" : "5.22",
      "p" : "0.2346",
      "s" : "buy",
      "i" : "OM_USD",
      "m" : "4611686018427408621"
    }, {
      "d" : "1756393086896720410",
      "t" : 1756393086896,
      "tn" : 1756393086896720410,
      "q" : "5.22",
      "p" : "0.2344",
      "s" : "buy",
      "i" : "OM_USD",
      "m" : "4611686018427408620"
    }, {
      "d" : "1756393070143393401",
      "t" : 1756393070143,
      "tn" : 1756393070143393401,
      "q" : "5.22",
      "p" : "0.2347",
      "s" : "buy",
      "i" : "OM_USD",
      "m" : "4611686018427408619"
    }, {
      "d" : "1756393057832077812",
      "t" : 1756393057832,
      "tn" : 1756393057832077812,
      "q" : "5.22",
      "p" : "0.2347",
      "s" : "buy",
      "i" : "OM_USD",
      "m" : "4611686018427408618"
    }, {
      "d" : "1756393049800017370",
      "t" : 1756393049800,
      "tn" : 1756393049800017370,
      "q" : "5.22",
      "p" : "0.2347",
      "s" : "buy",
      "i" : "OM_USD",
      "m" : "4611686018427408617"
    }, {
      "d" : "1756393040928004324",
      "t" : 1756393040928,
      "tn" : 1756393040928004324,
      "q" : "5.22",
      "p" : "0.2347",
      "s" : "buy",
      "i" : "OM_USD",
      "m" : "4611686018427408616"
    }, {
      "d" : "1756393028054276689",
      "t" : 1756393028054,
      "tn" : 1756393028054276689,
      "q" : "5.22",
      "p" : "0.2348",
      "s" : "buy",
      "i" : "OM_USD",
      "m" : "4611686018427408615"
    }, {
      "d" : "1756392968148001230",
      "t" : 1756392968148,
      "tn" : 1756392968148001230,
      "q" : "5.22",
      "p" : "0.2347",
      "s" : "buy",
      "i" : "OM_USD",
      "m" : "4611686018427408614"
    }, {
      "d" : "1756392940437775134",
      "t" : 1756392940437,
      "tn" : 1756392940437775134,
      "q" : "5.22",
      "p" : "0.2346",
      "s" : "buy",
      "i" : "OM_USD",
      "m" : "4611686018427408613"
    }, {
      "d" : "1756392053777452158",
      "t" : 1756392053777,
      "tn" : 1756392053777452158,
      "q" : "4.50",
      "p" : "0.2342",
      "s" : "buy",
      "i" : "OM_USD",
      "m" : "4611686018427408612"
    }, {
      "d" : "1756391119360950176",
      "t" : 1756391119360,
      "tn" : 1756391119360950176,
      "q" : "94.78",
      "p" : "0.2342",
      "s" : "buy",
      "i" : "OM_USD",
      "m" : "4611686018427408611"
    }, {
      "d" : "1756391119360948091",
      "t" : 1756391119360,
      "tn" : 1756391119360948091,
      "q" : "5.22",
      "p" : "0.2338",
      "s" : "buy",
      "i" : "OM_USD",
      "m" : "4611686018427408610"
    }, {
      "d" : "1756390963503467275",
      "t" : 1756390963503,
      "tn" : 1756390963503467275,
      "q" : "213.72",
      "p" : "0.2340",
      "s" : "sell",
      "i" : "OM_USD",
      "m" : "4611686018427408609"
    }, {
      "d" : "1756390068562592991",
      "t" : 1756390068562,
      "tn" : 1756390068562592991,
      "q" : "1278.00",
      "p" : "0.2342",
      "s" : "sell",
      "i" : "OM_USD",
      "m" : "4611686018427408608"
    }, {
      "d" : "1756387944165384559",
      "t" : 1756387944165,
      "tn" : 1756387944165384559,
      "q" : "5.22",
      "p" : "0.2343",
      "s" : "buy",
      "i" : "OM_USD",
      "m" : "4611686018427408607"
    } ]
  }
}