{
  "id" : -1,
  "method" : "public/get-trades",
  "code" : 0,
  "result" : {
    "data" : [ {
      "d" : "1756458150023530525",
      "t" : 1756458150023,
      "tn" : 1756458150023530525,
      "q" : "5.91",
      "p" : "3.222",
      "s" : "sell",
      "i" : "OMNI_USD",
      "m" : "4611686018428172615"
    }, {
      "d" : "1756457994573229794",
      "t" : 1756457994573,
      "tn" : 1756457994573229794,
      "q" : "16.09",
      "p" : "3.200",
      "s" : "buy",
      "i" : "OMNI_USD",
      "m" : "4611686018428172614"
    }, {
      "d" : "1756457994571378514",
      "t" : 1756457994571,
      "tn" : 1756457994571378514,
      "q" : "35.00",
      "p" : "3.200",
      "s" : "buy",
      "i" : "OMNI_USD",
      "m" : "4611686018428172613"
    }, {
      "d" : "1756457994560966971",
      "t" : 1756457994560,
      "tn" : 1756457994560966971,
      "q" : "28.13",
      "p" : "3.200",
      "s" : "buy",
      "i" : "OMNI_USD",
      "m" : "4611686018428172612"
    }, {
      "d" : "1756457994557602773",
      "t" : 1756457994557,
      "tn" : 1756457994557602773,
      "q" : "63.00",
      "p" : "3.200",
      "s" : "buy",
      "i" : "OMNI_USD",
      "m" : "4611686018428172611"
    }, {
      "d" : "1756457994537949455",
      "t" : 1756457994537,
      "tn" : 1756457994537949455,
      "q" : "28.13",
      "p" : "3.200",
      "s" : "buy",
      "i" : "OMNI_USD",
      "m" : "4611686018428172610"
    }, {
      "d" : "1756457994537555506",
      "t" : 1756457994537,
      "tn" : 1756457994537555506,
      "q" : "6.00",
      "p" : "3.200",
      "s" : "buy",
      "i" : "OMNI_USD",
      "m" : "4611686018428172609"
    }, {
      "d" : "1756457994534023992",
      "t" : 1756457994534,
      "tn" : 1756457994534023992,
      "q" : "93.00",
      "p" : "3.200",
      "s" : "buy",
      "i" : "OMNI_USD",
      "m" : "4611686018428172608"
    }, {
      "d" : "1756457994521526726",
      "t" : 1756457994521,
      "tn" : 1756457994521526726,
      "q" : "220.00",
      "p" : "3.200",
      "s" : "buy",
      "i" : "OMNI_USD",
      "m" : "4611686018428172607"
    }, {
      "d" : "1756457994509280097",
      "t" : 1756457994509,
      "tn" : 1756457994509280097,
      "q" : "61.00",
      "p" : "3.200",
      "s" : "buy",
      "i" : "OMNI_USD",
      "m" : "4611686018428172606"
    }, {
      "d" : "1756457994506222849",
      "t" : 1756457994506,
      "tn" : 1756457994506222849,
      "q" : "28.13",
      "p" : "3.200",
      "s" : "buy",
      "i" : "OMNI_USD",
      "m" : "4611686018428172605"
    }, {
      "d" : "1756457994503010016",
      "t" : 1756457994503,
      "tn" : 1756457994503010016,
      "q" : "10.00",
      "p" : "3.200",
      "s" : "buy",
      "i" : "OMNI_USD",
      "m" : "4611686018428172604"
    }, {
      "d" : "1756457994489258581",
      "t" : 1756457994489,
      "tn" : 1756457994489258581,
      "q" : "53.15",
      "p" : "3.200",
      "s" : "buy",
      "i" : "OMNI_USD",
      "m" : "4611686018428172603"
    }, {
      "d" : "1756457994489257099",
      "t" : 1756457994489,
      "tn" : 1756457994489257099,
      "q" : "7.85",
      "p" : "3.199",
      "s" : "buy",
      "i" : "OMNI_USD",
      "m" : "4611686018428172602"
    }, {
      "d" : "1756457994489253773",
      "t" : 1756457994489,
      "tn" : 1756457994489253773,
      "q" : "62.00",
      "p" : "3.199",
      "s" : "buy",
      "i" : "OMNI_USD",
      "m" : "4611686018428172601"
    }, {
      "d" : "1756457994489209052",
      "t" : 1756457994489,
      "tn" : 1756457994489209052,
      "q" : "61.00",
      "p" : "3.199",
      "s" : "buy",
      "i" : "OMNI_USD",
      "m" : "4611686018428172600"
    }, {
      "d" : "1756457994468916279",
      "t" : 1756457994468,
      "tn" : 1756457994468916279,
      "q" : "93.00",
      "p" : "3.199",
      "s" : "buy",
      "i" : "OMNI_USD",
      "m" : "4611686018428172599"
    }, {
      "d" : "1756457987471517659",
      "t" : 1756457987471,
      "tn" : 1756457987471517659,
      "q" : "37.50",
      "p" : "3.200",
      "s" : "buy",
      "i" : "OMNI_USD",
      "m" : "4611686018428172598"
    }, {
      "d" : "1756457987466806331",
      "t" : 1756457987466,
      "tn" : 1756457987466806331,
      "q" : "8.00",
      "p" : "3.200",
      "s" : "buy",
      "i" : "OMNI_USD",
      "m" : "4611686018428172597"
    }, {
      "d" : "1756457987466733032",
      "t" : 1756457987466,
      "tn" : 1756457987466733032,
      "q" : "280.00",
      "p" : "3.200",
      "s" : "buy",
      "i" : "OMNI_USD",
      "m" : "4611686018428172596"
    }, {
      "d" : "1756457987463394439",
      "t" : 1756457987463,
      "tn" : 1756457987463394439,
      "q" : "288.00",
      "p" : "3.200",
      "s" : "buy",
      "i" : "OMNI_USD",
      "m" : "4611686018428172595"
    }, {
      "d" : "1756457987457011726",
      "t" : 1756457987457,
      "tn" : 1756457987457011726,
      "q" : "28.13",
      "p" : "3.200",
      "s" : "buy",
      "i" : "OMNI_USD",
      "m" : "4611686018428172594"
    }, {
      "d" : "1756457980106210525",
      "t" : 1756457980106,
      "tn" : 1756457980106210525,
      "q" : "239.50",
      "p" : "3.200",
      "s" : "buy",
      "i" : "OMNI_USD",
      "m" : "4611686018428172593"
    }, {
      "d" : "1756457980097451692",
      "t" : 1756457980097,
      "tn" : 1756457980097451692,
      "q" : "93.00",
      "p" : "3.200",
      "s" : "buy",
      "i" : "OMNI_USD",
      "m" : "4611686018428172592"
    }, {
      "d" : "1756457980081608746",
      "t" : 1756457980081,
      "tn" : 1756457980081608746,
      "q" : "61.00",
      "p" : "3.200",
      "s" : "buy",
      "i" : "OMNI_USD",
      "m" : "4611686018428172591"
    }, {
      "d" : "1756457980081606157",
      "t" : 1756457980081,
      "tn" : 1756457980081606157,
      "q" : "220.00",
      "p" : "3.200",
      "s" : "buy",
      "i" : "OMNI_USD",
      "m" : "4611686018428172590"
    }, {
      "d" : "1756457980067110312",
      "t" : 1756457980067,
      "tn" : 1756457980067110312,
      "q" : "28.13",
      "p" : "3.200",
      "s" : "buy",
      "i" : "OMNI_USD",
      "m" : "4611686018428172589"
    }, {
      "d" : "1756457931992095737",
      "t" : 1756457931992,
      "tn" : 1756457931992095737,
      "q" : "3.48",
      "p" : "3.019",
      "s" : "sell",
      "i" : "OMNI_USD",
      "m" : "4611686018428172588"
    }, {
      "d" : "1756457931918461724",
      "t" : 1756457931918,
      "tn" : 1756457931918461724,
      "q" : "7.52",
      "p" : "3.019",
      "s" : "sell",
      "i" : "OMNI_USD",
      "m" : "4611686018428172587"
    }, {
      "d" : "1756457931918453941",
      "t" : 1756457931918,
      "tn" : 1756457931918453941,
      "q" : "3.52",
      "p" : "3.019",
      "s" : "sell",
      "i" : "OMNI_USD",
      "m" : "4611686018428172586"
    }, {
      "d" : "1756457931907535255",
      "t" : 1756457931907,
      "tn" : 1756457931907535255,
      "q" : "0.50",
      "p" : "3.200",
      "s" : "buy",
      "i" : "OMNI_USD",
      "m" : "4611686018428172585"
    }, {
      "d" : "1756457931904770599",
      "t" : 1756457931904,
      "tn" : 1756457931904770599,
      "q" : "7.00",
      "p" : "3.200",
      "s" : "buy",
      "i" : "OMNI_USD",
      "m" : "4611686018428172584"
    }, {
      "d" : "1756457931903636421",
      "t" : 1756457931903,
      "tn" : 1756457931903636421,
      "q" : "11.00",
      "p" : "3.200",
      "s" : "buy",
      "i" : "OMNI_USD",
      "m" : "4611686018428172583"
    }, {
      "d" : "1756457931902549055",
      "t" : 1756457931902,
      "tn" : 1756457931902549055,
      "q" : "288.00",
      "p" : "3.200",
      "s" : "buy",
      "i" : "OMNI_USD",
      "m" : "4611686018428172582"
    }, {
      "d" : "1756457931895866553",
      "t" : 1756457931895,
      "tn" : 1756457931895866553,
      "q" : "280.00",
      "p" : "3.200",
      "s" : "buy",
      "i" : "OMNI_USD",
      "m" : "4611686018428172581"
    }, {
      "d" : "1756457931894885657",
      "t" : 1756457931894,
      "tn" : 1756457931894885657,
      "q" : "27.00",
      "p" : "3.200",
      "s" : "buy",
      "i" : "OMNI_USD",
      "m" : "4611686018428172580"
    }, {
      "d" : "1756457931886044316",
      "t" : 1756457931886,
      "tn" : 1756457931886044316,
      "q" : "28.13",
      "p" : "3.200",
      "s" : "buy",
      "i" : "OMNI_USD",
      "m" : "4611686018428172579"
    }, {
      "d" : "1756456744788735926",
      "t" : 1756456744788,
      "tn" : 1756456744788735926,
      "q" : "3.47",
      "p" : "3.240",
      "s" : "buy",
      "i" : "OMNI_USD",
      "m" : "4611686018428172578"
    }, {
      "d" : "1756456744787810969",
      "t" : 1756456744787,
      "tn" : 1756456744787810969,
      "q" : "10.00",
      "p" : "3.240",
      "s" : "buy",
      "i" : "OMNI_USD",
      "m" : "4611686018428172577"
    }, {
      "d" : "1756456744768068932",
      "t" : 1756456744768,
      "tn" : 1756456744768068932,
      "q" : "6.00",
      "p" : "3.240",
      "s" : "buy",
      "i" : "OMNI_USD",
      "m" : "4611686018428172576"
    }, {
      "d" : "1756456744758291221",
      "t" : 1756456744758,
      "tn" : 1756456744758291221,
      "q" : "10.00",
      "p" : "3.240",
      "s" : "buy",
      "i" : "OMNI_USD",
      "m" : "4611686018428172575"
    }, {
      "d" : "1756456744739120635",
      "t" : 1756456744739,
      "tn" : 1756456744739120635,
      "q" : "14.00",
      "p" : "3.240",
      "s" : "buy",
      "i" : "OMNI_USD",
      "m" : "4611686018428172574"
    }, {
      "d" : "1756456744656741794",
      "t" : 1756456744656,
      "tn" : 1756456744656741794,
      "q" : "9.00",
      "p" : "3.240",
      "s" : "buy",
      "i" : "OMNI_USD",
      "m" : "4611686018428172573"
    }, {
      "d" : "1756456744124960464",
      "t" : 1756456744124,
      "tn" : 1756456744124960464,
      "q" : "4.72",
      "p" : "3.240",
      "s" : "buy",
      "i" : "OMNI_USD",
      "m" : "4611686018428172572"
    }, {
      "d" : "1756456743347375999",
      "t" : 1756456743347,
      "tn" : 1756456743347375999,
      "q" : "4.69",
      "p" : "3.240",
      "s" : "buy",
      "i" : "OMNI_USD",
      "m" : "4611686018428172571"
    }, {
      "d" : "1756456742405187044",
      "t" : 1756456742405,
      "tn" : 1756456742405187044,
      "q" : "4.67",
      "p" : "3.240",
      "s" : "buy",
      "i" : "OMNI_USD",
      "m" : "4611686018428172570"
    }, {
      "d" : "1756456740877581500",
      "t" : 1756456740877,
      "tn" : 1756456740877581500,
      "q" : "12.00",
      "p" : "3.240",
      "s" : "buy",
      "i" : "OMNI_USD",
      "m" : "4611686018428172569"
    }, {
      "d" : "1756456740667815802",
      "t" : 1756456740667,
      "tn" : 1756456740667815802,
      "q" : "19.00",
      "p" : "3.240",
      "s" : "buy",
      "i" : "OMNI_USD",
      "m" : "4611686018428172568"
    }, {
      "d" : "1756456740564858454",
      "t" : 1756456740564,
      "tn" : 1756456740564858454,
      "q" : "19.00",
      "p" : "3.240",
      "s" : "buy",
      "i" : "OMNI_USD",
      "m" : "4611686018428172567"
    }, {
      "d" : "1756456740535833593",
      "t" : 1756456740535,
      "tn" : 1756456740535833593,
      "q" : "19.00",
      "p" : "3.240",
      "s" : "buy",
      "i" : "OMNI_USD",
      "m" : "4611686018428172566"
    }, {
      "d" : "1756456740489564631",
      "t" : 1756456740489,
      "tn" : 1756456740489564631,
      "q" : "19.00",
      "p" : "3.240",
      "s" : "buy",
      "i" : "OMNI_USD",
      "m" : "4611686018428172565"
    }, {
      "d" : "1756456700867143234",
      "t" : 1756456700867,
      "tn" : 1756456700867143234,
      "q" : "27.73",
      "p" : "3.245",
      "s" : "buy",
      "i" : "OMNI_USD",
      "m" : "4611686018428172564"
    }, {
      "d" : "1756456700818896694",
      "t" : 1756456700818,
      "tn" : 1756456700818896694,
      "q" : "27.73",
      "p" : "3.245",
      "s" : "buy",
      "i" : "OMNI_USD",
      "m" : "4611686018428172563"
    }, {
      "d" : "1756456700804643987",
      "t" : 1756456700804,
      "tn" : 1756456700804643986,
      "q" : "27.24",
      "p" : "3.245",
      "s" : "buy",
      "i" : "OMNI_USD",
      "m" : "4611686018428172562"
    }, {
      "d" : "1756456700804643986",
      "t" : 1756456700804,
      "tn" : 1756456700804643986,
      "q" : "0.49",
      "p" : "3.245",
      "s" : "buy",
      "i" : "OMNI_USD",
      "m" : "4611686018428172562"
    }, {
      "d" : "1756456697542325870",
      "t" : 1756456697542,
      "tn" : 1756456697542325870,
      "q" : "15.41",
      "p" : "3.245",
      "s" : "buy",
      "i" : "OMNI_USD",
      "m" : "4611686018428172561"
    }, {
      "d" : "1756456697524342707",
      "t" : 1756456697524,
      "tn" : 1756456697524342707,
      "q" : "27.73",
      "p" : "3.245",
      "s" : "buy",
      "i" : "OMNI_USD",
      "m" : "4611686018428172560"
    }, {
      "d" : "1756456697505576169",
      "t" : 1756456697505,
      "tn" : 1756456697505576169,
      "q" : "27.73",
      "p" : "3.245",
      "s" : "buy",
      "i" : "OMNI_USD",
      "m" : "4611686018428172559"
    }, {
      "d" : "1756456697431159124",
      "t" : 1756456697431,
      "tn" : 1756456697431159124,
      "q" : "27.73",
      "p" : "3.245",
      "s" : "buy",
      "i" : "OMNI_USD",
      "m" : "4611686018428172558"
    }, {
      "d" : "1756456697331265289",
      "t" : 1756456697331,
      "tn" : 1756456697331265289,
      "q" : "27.73",
      "p" : "3.245",
      "s" : "buy",
      "i" : "OMNI_USD",
      "m" : "4611686018428172557"
    }, {
      "d" : "1756456697308927695",
      "t" : 1756456697308,
      "tn" : 1756456697308927695,
      "q" : "27.73",
      "p" : "3.245",
      "s" : "buy",
      "i" : "OMNI_USD",
      "m" : "4611686018428172556"
    }, {
      "d" : "1756456691479117728",
      "t" : 1756456691479,
      "tn" : 1756456691479117728,
      "q" : "18.37",
      "p" : "3.245",
      "s" : "buy",
      "i" : "OMNI_USD",
      "m" : "4611686018428172555"
    }, {
      "d" : "1756456691472904683",
      "t" : 1756456691472,
      "tn" : 1756456691472904683,
      "q" : "27.73",
      "p" : "3.245",
      "s" : "buy",
      "i" : "OMNI_USD",
      "m" : "4611686018428172554"
    }, {
      "d" : "1756456691462496142",
      "t" : 1756456691462,
      "tn" : 1756456691462496142,
      "q" : "27.73",
      "p" : "3.245",
      "s" : "buy",
      "i" : "OMNI_USD",
      "m" : "4611686018428172553"
    }, {
      "d" : "1756456691451402872",
      "t" : 1756456691451,
      "tn" : 1756456691451402872,
      "q" : "27.73",
      "p" : "3.245",
      "s" : "buy",
      "i" : "OMNI_USD",
      "m" : "4611686018428172552"
    }, {
      "d" : "1756456691432634912",
      "t" : 1756456691432,
      "tn" : 1756456691432634912,
      "q" : "27.73",
      "p" : "3.245",
      "s" : "buy",
      "i" : "OMNI_USD",
      "m" : "4611686018428172551"
    }, {
      "d" : "1756456691432630426",
      "t" : 1756456691432,
      "tn" : 1756456691432630425,
      "q" : "25.26",
      "p" : "3.245",
      "s" : "buy",
      "i" : "OMNI_USD",
      "m" : "4611686018428172550"
    }, {
      "d" : "1756456691432630425",
      "t" : 1756456691432,
      "tn" : 1756456691432630425,
      "q" : "2.47",
      "p" : "3.245",
      "s" : "buy",
      "i" : "OMNI_USD",
      "m" : "4611686018428172550"
    }, {
      "d" : "1756456687731002447",
      "t" : 1756456687731,
      "tn" : 1756456687731002447,
      "q" : "15.41",
      "p" : "3.245",
      "s" : "buy",
      "i" : "OMNI_USD",
      "m" : "4611686018428172549"
    }, {
      "d" : "1756456687631003867",
      "t" : 1756456687631,
      "tn" : 1756456687631003867,
      "q" : "27.73",
      "p" : "3.245",
      "s" : "buy",
      "i" : "OMNI_USD",
      "m" : "4611686018428172548"
    }, {
      "d" : "1756456687576288355",
      "t" : 1756456687576,
      "tn" : 1756456687576288355,
      "q" : "27.73",
      "p" : "3.245",
      "s" : "buy",
      "i" : "OMNI_USD",
      "m" : "4611686018428172547"
    }, {
      "d" : "1756456687558266023",
      "t" : 1756456687558,
      "tn" : 1756456687558266023,
      "q" : "27.73",
      "p" : "3.245",
      "s" : "buy",
      "i" : "OMNI_USD",
      "m" : "4611686018428172546"
    }, {
      "d" : "1756456687545361907",
      "t" : 1756456687545,
      "tn" : 1756456687545361907,
      "q" : "27.73",
      "p" : "3.245",
      "s" : "buy",
      "i" : "OMNI_USD",
      "m" : "4611686018428172545"
    }, {
      "d" : "1756456687531025901",
      "t" : 1756456687531,
      "tn" : 1756456687531025900,
      "q" : "25.75",
      "p" : "3.245",
      "s" : "buy",
      "i" : "OMNI_USD",
      "m" : "4611686018428172544"
    }, {
      "d" : "1756456687531025900",
      "t" : 1756456687531,
      "tn" : 1756456687531025900,
      "q" : "1.98",
      "p" : "3.245",
      "s" : "buy",
      "i" : "OMNI_USD",
      "m" : "4611686018428172544"
    }, {
      "d" : "1756456680860498636",
      "t" : 1756456680860,
      "tn" : 1756456680860498636,
      "q" : "18.49",
      "p" : "3.245",
      "s" : "buy",
      "i" : "OMNI_USD",
      "m" : "4611686018428172543"
    }, {
      "d" : "1756456680850352815",
      "t" : 1756456680850,
      "tn" : 1756456680850352815,
      "q" : "27.73",
      "p" : "3.245",
      "s" : "buy",
      "i" : "OMNI_USD",
      "m" : "4611686018428172542"
    }, {
      "d" : "1756456680840546646",
      "t" : 1756456680840,
      "tn" : 1756456680840546646,
      "q" : "27.73",
      "p" : "3.245",
      "s" : "buy",
      "i" : "OMNI_USD",
      "m" : "4611686018428172541"
    }, {
      "d" : "1756456680820009920",
      "t" : 1756456680820,
      "tn" : 1756456680820009920,
      "q" : "27.73",
      "p" : "3.245",
      "s" : "buy",
      "i" : "OMNI_USD",
      "m" : "4611686018428172540"
    }, {
      "d" : "1756456680805992779",
      "t" : 1756456680805,
      "tn" : 1756456680805992779,
      "q" : "27.73",
      "p" : "3.245",
      "s" : "buy",
      "i" : "OMNI_USD",
      "m" : "4611686018428172539"
    }, {
      "d" : "1756456680804318042",
      "t" : 1756456680804,
      "tn" : 1756456680804318042,
      "q" : "23.16",
      "p" : "3.245",
      "s" : "buy",
      "i" : "OMNI_USD",
      "m" : "4611686018428172538"
    }, {
      "d" : "1756456680804316466",
      "t" : 1756456680804,
      "tn" : 1756456680804316466,
      "q" : "4.57",
      "p" : "3.244",
      "s" : "buy",
      "i" : "OMNI_USD",
      "m" : "4611686018428172537"
    }, {
      "d" : "1756456680790327351",
      "t" : 1756456680790,
      "tn" : 1756456680790327351,
      "q" : "27.74",
      "p" : "3.244",
      "s" : "buy",
      "i" : "OMNI_USD",
      "m" : "4611686018428172536"
    }, {
      "d" : "1756456680790324919",
      "t" : 1756456680790,
      "tn" : 1756456680790324919,
      "q" : "27.74",
      "p" : "3.244",
      "s" : "buy",
      "i" : "OMNI_USD",
      "m" : "4611686018428172535"
    }, {
      "d" : "1756456680776283925",
      "t" : 1756456680776,
      "tn" : 1756456680776283925,
      "q" : "27.74",
      "p" : "3.244",
      "s" : "buy",
      "i" : "OMNI_USD",
      "m" : "4611686018428172534"
    }, {
      "d" : "1756456680770091800",
      "t" : 1756456680770,
      "tn" : 1756456680770091800,
      "q" : "27.74",
      "p" : "3.244",
      "s" : "buy",
      "i" : "OMNI_USD",
      "m" : "4611686018428172533"
    }, {
      "d" : "1756456680759311438",
      "t" : 1756456680759,
      "tn" : 1756456680759311438,
      "q" : "27.74",
      "p" : "3.244",
      "s" : "buy",
      "i" : "OMNI_USD",
      "m" : "4611686018428172532"
    }, {
      "d" : "1756456680740497396",
      "t" : 1756456680740,
      "tn" : 1756456680740497396,
      "q" : "27.73",
      "p" : "3.244",
      "s" : "buy",
      "i" : "OMNI_USD",
      "m" : "4611686018428172531"
    }, {
      "d" : "1756456680740471043",
      "t" : 1756456680740,
      "tn" : 1756456680740471043,
      "q" : "27.73",
      "p" : "3.244",
      "s" : "buy",
      "i" : "OMNI_USD",
      "m" : "4611686018428172530"
    }, {
      "d" : "1756456672539983127",
      "t" : 1756456672539,
      "tn" : 1756456672539983127,
      "q" : "15.41",
      "p" : "3.245",
      "s" : "buy",
      "i" : "OMNI_USD",
      "m" : "4611686018428172529"
    }, {
      "d" : "1756456672472247260",
      "t" : 1756456672472,
      "tn" : 1756456672472247260,
      "q" : "27.73",
      "p" : "3.245",
      "s" : "buy",
      "i" : "OMNI_USD",
      "m" : "4611686018428172528"
    }, {
      "d" : "1756456672440336992",
      "t" : 1756456672440,
      "tn" : 1756456672440336992,
      "q" : "27.73",
      "p" : "3.245",
      "s" : "buy",
      "i" : "OMNI_USD",
      "m" : "4611686018428172527"
    }, {
      "d" : "1756456672383277910",
      "t" : 1756456672383,
      "tn" : 1756456672383277910,
      "q" : "27.73",
      "p" : "3.245",
      "s" : "buy",
      "i" : "OMNI_USD",
      "m" : "4611686018428172526"
    }, {
      "d" : "1756456672367255735",
      "t" : 1756456672367,
      "tn" : 1756456672367255735,
      "q" : "27.73",
      "p" : "3.245",
      "s" : "buy",
      "i" : "OMNI_USD",
      "m" : "4611686018428172525"
    }, {
      "d" : "1756456672348550809",
      "t" : 1756456672348,
      "tn" : 1756456672348550809,
      "q" : "27.73",
      "p" : "3.245",
      "s" : "buy",
      "i" : "OMNI_USD",
      "m" : "4611686018428172524"
    }, {
      "d" : "1756456657031243218",
      "t" : 1756456657031,
      "tn" : 1756456657031243218,
      "q" : "9.24",
      "p" : "3.245",
      "s" : "buy",
      "i" : "OMNI_USD",
      "m" : "4611686018428172523"
    }, {
      "d" : "1756456656931516059",
      "t" : 1756456656931,
      "tn" : 1756456656931516059,
      "q" : "27.73",
      "p" : "3.245",
      "s" : "buy",
      "i" : "OMNI_USD",
      "m" : "4611686018428172522"
    }, {
      "d" : "1756456656831385238",
      "t" : 1756456656831,
      "tn" : 1756456656831385238,
      "q" : "27.73",
      "p" : "3.245",
      "s" : "buy",
      "i" : "OMNI_USD",
      "m" : "4611686018428172521"
    }, {
      "d" : "1756456656723161697",
      "t" : 1756456656723,
      "tn" : 1756456656723161697,
      "q" : "27.73",
      "p" : "3.245",
      "s" : "buy",
      "i" : "OMNI_USD",
      "m" : "4611686018428172520"
    }, {
      "d" : "1756456656702172457",
      "t" : 1756456656702,
      "tn" : 1756456656702172457,
      "q" : "27.73",
      "p" : "3.245",
      "s" : "buy",
      "i" : "OMNI_USD",
      "m" : "4611686018428172519"
    }, {
      "d" : "1756456656631072545",
      "t" : 1756456656631,
      "tn" : 1756456656631072545,
      "q" : "27.73",
      "p" : "3.245",
      "s" : "buy",
      "i" : "OMNI_USD",
      "m" : "4611686018428172518"
    }, {
      "d" : "1756456655834075795",
      "t" : 1756456655834,
      "tn" : 1756456655834075795,
      "q" : "4.84",
      "p" : "3.245",
      "s" : "buy",
      "i" : "OMNI_USD",
      "m" : "4611686018428172517"
    }, {
      "d" : "1756456510056236750",
      "t" : 1756456510056,
      "tn" : 1756456510056236750,
      "q" : "15.41",
      "p" : "3.245",
      "s" : "buy",
      "i" : "OMNI_USD",
      "m" : "4611686018428172516"
    }, {
      "d" : "1756456510050146894",
      "t" : 1756456510050,
      "tn" : 1756456510050146894,
      "q" : "27.73",
      "p" : "3.245",
      "s" : "buy",
      "i" : "OMNI_USD",
      "m" : "4611686018428172515"
    }, {
      "d" : "1756456510031171347",
      "t" : 1756456510031,
      "tn" : 1756456510031171347,
      "q" : "27.73",
      "p" : "3.245",
      "s" : "buy",
      "i" : "OMNI_USD",
      "m" : "4611686018428172514"
    }, {
      "d" : "1756456509996144520",
      "t" : 1756456509996,
      "tn" : 1756456509996144520,
      "q" : "27.73",
      "p" : "3.245",
      "s" : "buy",
      "i" : "OMNI_USD",
      "m" : "4611686018428172513"
    }, {
      "d" : "1756456509981220853",
      "t" : 1756456509981,
      "tn" : 1756456509981220853,
      "q" : "27.73",
      "p" : "3.245",
      "s" : "buy",
      "i" : "OMNI_USD",
      "m" : "4611686018428172512"
    }, {
      "d" : "1756456509966051600",
      "t" : 1756456509966,
      "tn" : 1756456509966051599,
      "q" : "27.51",
      "p" : "3.245",
      "s" : "buy",
      "i" : "OMNI_USD",
      "m" : "4611686018428172511"
    }, {
      "d" : "1756456509966051599",
      "t" : 1756456509966,
      "tn" : 1756456509966051599,
      "q" : "0.22",
      "p" : "3.245",
      "s" : "buy",
      "i" : "OMNI_USD",
      "m" : "4611686018428172511"
    }, {
      "d" : "1756456507330801877",
      "t" : 1756456507330,
      "tn" : 1756456507330801877,
      "q" : "15.41",
      "p" : "3.245",
      "s" : "buy",
      "i" : "OMNI_USD",
      "m" : "4611686018428172510"
    }, {
      "d" : "1756456507299200439",
      "t" : 1756456507299,
      "tn" : 1756456507299200439,
      "q" : "27.73",
      "p" : "3.245",
      "s" : "buy",
      "i" : "OMNI_USD",
      "m" : "4611686018428172509"
    }, {
      "d" : "1756456507282166775",
      "t" : 1756456507282,
      "tn" : 1756456507282166775,
      "q" : "27.73",
      "p" : "3.245",
      "s" : "buy",
      "i" : "OMNI_USD",
      "m" : "4611686018428172508"
    }, {
      "d" : "1756456507271414495",
      "t" : 1756456507271,
      "tn" : 1756456507271414495,
      "q" : "14.00",
      "p" : "3.245",
      "s" : "buy",
      "i" : "OMNI_USD",
      "m" : "4611686018428172507"
    }, {
      "d" : "1756456507264193435",
      "t" : 1756456507264,
      "tn" : 1756456507264193435,
      "q" : "27.73",
      "p" : "3.245",
      "s" : "buy",
      "i" : "OMNI_USD",
      "m" : "4611686018428172506"
    }, {
      "d" : "1756456507261785517",
      "t" : 1756456507261,
      "tn" : 1756456507261785517,
      "q" : "14.00",
      "p" : "3.245",
      "s" : "buy",
      "i" : "OMNI_USD",
      "m" : "4611686018428172505"
    }, {
      "d" : "1756456507247842347",
      "t" : 1756456507247,
      "tn" : 1756456507247842347,
      "q" : "27.73",
      "p" : "3.245",
      "s" : "buy",
      "i" : "OMNI_USD",
      "m" : "4611686018428172504"
    }, {
      "d" : "1756456502570211109",
      "t" : 1756456502570,
      "tn" : 1756456502570211109,
      "q" : "13.36",
      "p" : "3.245",
      "s" : "buy",
      "i" : "OMNI_USD",
      "m" : "4611686018428172503"
    }, {
      "d" : "1756456502568304791",
      "t" : 1756456502568,
      "tn" : 1756456502568304791,
      "q" : "27.73",
      "p" : "3.245",
      "s" : "buy",
      "i" : "OMNI_USD",
      "m" : "4611686018428172502"
    }, {
      "d" : "1756456502567436162",
      "t" : 1756456502567,
      "tn" : 1756456502567436162,
      "q" : "58.00",
      "p" : "3.245",
      "s" : "buy",
      "i" : "OMNI_USD",
      "m" : "4611686018428172501"
    }, {
      "d" : "1756456502551941745",
      "t" : 1756456502551,
      "tn" : 1756456502551941745,
      "q" : "27.73",
      "p" : "3.245",
      "s" : "buy",
      "i" : "OMNI_USD",
      "m" : "4611686018428172500"
    }, {
      "d" : "1756456502551939090",
      "t" : 1756456502551,
      "tn" : 1756456502551939090,
      "q" : "27.73",
      "p" : "3.245",
      "s" : "buy",
      "i" : "OMNI_USD",
      "m" : "4611686018428172499"
    }, {
      "d" : "1756456499156523931",
      "t" : 1756456499156,
      "tn" : 1756456499156523931,
      "q" : "41.82",
      "p" : "3.245",
      "s" : "buy",
      "i" : "OMNI_USD",
      "m" : "4611686018428172498"
    }, {
      "d" : "1756456499155334582",
      "t" : 1756456499155,
      "tn" : 1756456499155334582,
      "q" : "24.00",
      "p" : "3.245",
      "s" : "buy",
      "i" : "OMNI_USD",
      "m" : "4611686018428172497"
    }, {
      "d" : "1756456499154245434",
      "t" : 1756456499154,
      "tn" : 1756456499154245434,
      "q" : "61.00",
      "p" : "3.245",
      "s" : "buy",
      "i" : "OMNI_USD",
      "m" : "4611686018428172496"
    }, {
      "d" : "1756456499137193891",
      "t" : 1756456499137,
      "tn" : 1756456499137193891,
      "q" : "27.73",
      "p" : "3.245",
      "s" : "buy",
      "i" : "OMNI_USD",
      "m" : "4611686018428172495"
    }, {
      "d" : "1756456494156041413",
      "t" : 1756456494156,
      "tn" : 1756456494156041413,
      "q" : "4.82",
      "p" : "3.245",
      "s" : "buy",
      "i" : "OMNI_USD",
      "m" : "4611686018428172494"
    }, {
      "d" : "1756456494150745421",
      "t" : 1756456494150,
      "tn" : 1756456494150745421,
      "q" : "61.00",
      "p" : "3.245",
      "s" : "buy",
      "i" : "OMNI_USD",
      "m" : "4611686018428172493"
    }, {
      "d" : "1756456494146176046",
      "t" : 1756456494146,
      "tn" : 1756456494146176046,
      "q" : "27.73",
      "p" : "3.245",
      "s" : "buy",
      "i" : "OMNI_USD",
      "m" : "4611686018428172492"
    }, {
      "d" : "1756456494139086165",
      "t" : 1756456494139,
      "tn" : 1756456494139086165,
      "q" : "61.00",
      "p" : "3.245",
      "s" : "buy",
      "i" : "OMNI_USD",
      "m" : "4611686018428172491"
    }, {
      "d" : "1756456490424693420",
      "t" : 1756456490424,
      "tn" : 1756456490424693420,
      "q" : "32.55",
      "p" : "3.245",
      "s" : "buy",
      "i" : "OMNI_USD",
      "m" : "4611686018428172490"
    }, {
      "d" : "1756456490421583756",
      "t" : 1756456490421,
      "tn" : 1756456490421583756,
      "q" : "61.00",
      "p" : "3.245",
      "s" : "buy",
      "i" : "OMNI_USD",
      "m" : "4611686018428172489"
    }, {
      "d" : "1756456490419844241",
      "t" : 1756456490419,
      "tn" : 1756456490419844241,
      "q" : "61.00",
      "p" : "3.245",
      "s" : "buy",
      "i" : "OMNI_USD",
      "m" : "4611686018428172488"
    }, {
      "d" : "1756456484962181434",
      "t" : 1756456484962,
      "tn" : 1756456484962181434,
      "q" : "27.55",
      "p" : "3.245",
      "s" : "buy",
      "i" : "OMNI_USD",
      "m" : "4611686018428172487"
    }, {
      "d" : "1756456484956138357",
      "t" : 1756456484956,
      "tn" : 1756456484956138357,
      "q" : "5.00",
      "p" : "3.245",
      "s" : "buy",
      "i" : "OMNI_USD",
      "m" : "4611686018428172486"
    }, {
      "d" : "1756456484956120442",
      "t" : 1756456484956,
      "tn" : 1756456484956120442,
      "q" : "61.00",
      "p" : "3.245",
      "s" : "buy",
      "i" : "OMNI_USD",
      "m" : "4611686018428172485"
    }, {
      "d" : "1756456484953368647",
      "t" : 1756456484953,
      "tn" : 1756456484953368647,
      "q" : "61.00",
      "p" : "3.245",
      "s" : "buy",
      "i" : "OMNI_USD",
      "m" : "4611686018428172484"
    }, {
      "d" : "1756456479877165216",
      "t" : 1756456479877,
      "tn" : 1756456479877165216,
      "q" : "37.11",
      "p" : "3.245",
      "s" : "buy",
      "i" : "OMNI_USD",
      "m" : "4611686018428172483"
    }, {
      "d" : "1756456479876700799",
      "t" : 1756456479876,
      "tn" : 1756456479876700799,
      "q" : "27.73",
      "p" : "3.245",
      "s" : "buy",
      "i" : "OMNI_USD",
      "m" : "4611686018428172482"
    }, {
      "d" : "1756456479876009956",
      "t" : 1756456479876,
      "tn" : 1756456479876009956,
      "q" : "61.00",
      "p" : "3.245",
      "s" : "buy",
      "i" : "OMNI_USD",
      "m" : "4611686018428172481"
    }, {
      "d" : "1756456479856867283",
      "t" : 1756456479856,
      "tn" : 1756456479856867283,
      "q" : "27.73",
      "p" : "3.245",
      "s" : "buy",
      "i" : "OMNI_USD",
      "m" : "4611686018428172480"
    }, {
      "d" : "1756456479854048177",
      "t" : 1756456479854,
      "tn" : 1756456479854048177,
      "q" : "0.98",
      "p" : "3.245",
      "s" : "buy",
      "i" : "OMNI_USD",
      "m" : "4611686018428172479"
    }, {
      "d" : "1756456475232490021",
      "t" : 1756456475232,
      "tn" : 1756456475232490021,
      "q" : "154.55",
      "p" : "3.245",
      "s" : "buy",
      "i" : "OMNI_USD",
      "m" : "4611686018428172478"
    }, {
      "d" : "1756456470437604932",
      "t" : 1756456470437,
      "tn" : 1756456470437604932,
      "q" : "154.55",
      "p" : "3.245",
      "s" : "buy",
      "i" : "OMNI_USD",
      "m" : "4611686018428172477"
    }, {
      "d" : "1756456463558229306",
      "t" : 1756456463558,
      "tn" : 1756456463558229306,
      "q" : "154.55",
      "p" : "3.245",
      "s" : "buy",
      "i" : "OMNI_USD",
      "m" : "4611686018428172476"
    }, {
      "d" : "1756456459870989295",
      "t" : 1756456459870,
      "tn" : 1756456459870989295,
      "q" : "99.09",
      "p" : "3.245",
      "s" : "buy",
      "i" : "OMNI_USD",
      "m" : "4611686018428172475"
    }, {
      "d" : "1756456459867203560",
      "t" : 1756456459867,
      "tn" : 1756456459867203560,
      "q" : "27.73",
      "p" : "3.245",
      "s" : "buy",
      "i" : "OMNI_USD",
      "m" : "4611686018428172474"
    }, {
      "d" : "1756456459867173026",
      "t" : 1756456459867,
      "tn" : 1756456459867173026,
      "q" : "27.73",
      "p" : "3.245",
      "s" : "buy",
      "i" : "OMNI_USD",
      "m" : "4611686018428172473"
    }, {
      "d" : "1756456453164829348",
      "t" : 1756456453164,
      "tn" : 1756456453164829348,
      "q" : "99.09",
      "p" : "3.245",
      "s" : "buy",
      "i" : "OMNI_USD",
      "m" : "4611686018428172472"
    }, {
      "d" : "1756456453163429573",
      "t" : 1756456453163,
      "tn" : 1756456453163429573,
      "q" : "27.73",
      "p" : "3.245",
      "s" : "buy",
      "i" : "OMNI_USD",
      "m" : "4611686018428172471"
    }, {
      "d" : "1756456453163423662",
      "t" : 1756456453163,
      "tn" : 1756456453163423662,
      "q" : "27.73",
      "p" : "3.245",
      "s" : "buy",
      "i" : "OMNI_USD",
      "m" : "4611686018428172470"
    } ]
  }
}