{
  "id" : -1,
  "method" : "public/get-trades",
  "code" : 0,
  "result" : {
    "data" : [ {
      "d" : "1756461961033101080",
      "t" : 1756461961033,
      "tn" : 1756461961033101080,
      "q" : "0.1",
      "p" : "0.2204",
      "s" : "buy",
      "i" : "OMUSD-PERP",
      "m" : "4611686018427616357"
    }, {
      "d" : "1756461952957665471",
      "t" : 1756461952957,
      "tn" : 1756461952957665471,
      "q" : "0.1",
      "p" : "0.2205",
      "s" : "buy",
      "i" : "OMUSD-PERP",
      "m" : "4611686018427616356"
    }, {
      "d" : "1756461944898296954",
      "t" : 1756461944898,
      "tn" : 1756461944898296954,
      "q" : "0.1",
      "p" : "0.2205",
      "s" : "buy",
      "i" : "OMUSD-PERP",
      "m" : "4611686018427616355"
    }, {
      "d" : "1756461935546239866",
      "t" : 1756461935546,
      "tn" : 1756461935546239866,
      "q" : "0.1",
      "p" : "0.2204",
      "s" : "buy",
      "i" : "OMUSD-PERP",
      "m" : "4611686018427616354"
    }, {
      "d" : "1756461934259453974",
      "t" : 1756461934259,
      "tn" : 1756461934259453974,
      "q" : "0.1",
      "p" : "0.2204",
      "s" : "buy",
      "i" : "OMUSD-PERP",
      "m" : "4611686018427616353"
    }, {
      "d" : "1756461927531464059",
      "t" : 1756461927531,
      "tn" : 1756461927531464059,
      "q" : "0.1",
      "p" : "0.2205",
      "s" : "buy",
      "i" : "OMUSD-PERP",
      "m" : "4611686018427616352"
    }, {
      "d" : "1756461919489207573",
      "t" : 1756461919489,
      "tn" : 1756461919489207573,
      "q" : "0.1",
      "p" : "0.2204",
      "s" : "buy",
      "i" : "OMUSD-PERP",
      "m" : "4611686018427616351"
    }, {
      "d" : "1756461913242818746",
      "t" : 1756461913242,
      "tn" : 1756461913242818746,
      "q" : "0.1",
      "p" : "0.2203",
      "s" : "buy",
      "i" : "OMUSD-PERP",
      "m" : "4611686018427616350"
    }, {
      "d" : "1756461911446449321",
      "t" : 1756461911446,
      "tn" : 1756461911446449321,
      "q" : "0.1",
      "p" : "0.2204",
      "s" : "buy",
      "i" : "OMUSD-PERP",
      "m" : "4611686018427616349"
    }, {
      "d" : "1756461903420504998",
      "t" : 1756461903420,
      "tn" : 1756461903420504998,
      "q" : "0.1",
      "p" : "0.2205",
      "s" : "buy",
      "i" : "OMUSD-PERP",
      "m" : "4611686018427616348"
    }, {
      "d" : "1756461895361070298",
      "t" : 1756461895361,
      "tn" : 1756461895361070298,
      "q" : "0.1",
      "p" : "0.2204",
      "s" : "buy",
      "i" : "OMUSD-PERP",
      "m" : "4611686018427616347"
    }, {
      "d" : "1756461887357181488",
      "t" : 1756461887357,
      "tn" : 1756461887357181488,
      "q" : "0.1",
      "p" : "0.2204",
      "s" : "buy",
      "i" : "OMUSD-PERP",
      "m" : "4611686018427616346"
    }, {
      "d" : "1756461863058703760",
      "t" : 1756461863058,
      "tn" : 1756461863058703760,
      "q" : "0.1",
      "p" : "0.2203",
      "s" : "buy",
      "i" : "OMUSD-PERP",
      "m" : "4611686018427616345"
    }, {
      "d" : "1756461844082046943",
      "t" : 1756461844082,
      "tn" : 1756461844082046943,
      "q" : "0.1",
      "p" : "0.2204",
      "s" : "buy",
      "i" : "OMUSD-PERP",
      "m" : "4611686018427616344"
    }, {
      "d" : "1756461816827749952",
      "t" : 1756461816827,
      "tn" : 1756461816827749952,
      "q" : "0.1",
      "p" : "0.2205",
      "s" : "buy",
      "i" : "OMUSD-PERP",
      "m" : "4611686018427616343"
    }, {
      "d" : "1756461797049057467",
      "t" : 1756461797049,
      "tn" : 1756461797049057467,
      "q" : "0.1",
      "p" : "0.2206",
      "s" : "buy",
      "i" : "OMUSD-PERP",
      "m" : "4611686018427616342"
    }, {
      "d" : "1756461707800392176",
      "t" : 1756461707800,
      "tn" : 1756461707800392176,
      "q" : "0.1",
      "p" : "0.2203",
      "s" : "buy",
      "i" : "OMUSD-PERP",
      "m" : "4611686018427616341"
    }, {
      "d" : "1756461699759520561",
      "t" : 1756461699759,
      "tn" : 1756461699759520561,
      "q" : "0.1",
      "p" : "0.2203",
      "s" : "buy",
      "i" : "OMUSD-PERP",
      "m" : "4611686018427616340"
    }, {
      "d" : "1756461678542951728",
      "t" : 1756461678542,
      "tn" : 1756461678542951728,
      "q" : "0.1",
      "p" : "0.2202",
      "s" : "buy",
      "i" : "OMUSD-PERP",
      "m" : "4611686018427616339"
    }, {
      "d" : "1756461619817818304",
      "t" : 1756461619817,
      "tn" : 1756461619817818304,
      "q" : "0.1",
      "p" : "0.2201",
      "s" : "buy",
      "i" : "OMUSD-PERP",
      "m" : "4611686018427616338"
    }, {
      "d" : "1756461611322551878",
      "t" : 1756461611322,
      "tn" : 1756461611322551878,
      "q" : "0.1",
      "p" : "0.2201",
      "s" : "buy",
      "i" : "OMUSD-PERP",
      "m" : "4611686018427616337"
    }, {
      "d" : "1756461603280850535",
      "t" : 1756461603280,
      "tn" : 1756461603280850535,
      "q" : "0.1",
      "p" : "0.2202",
      "s" : "buy",
      "i" : "OMUSD-PERP",
      "m" : "4611686018427616336"
    }, {
      "d" : "1756461595238345816",
      "t" : 1756461595238,
      "tn" : 1756461595238345816,
      "q" : "0.1",
      "p" : "0.2203",
      "s" : "buy",
      "i" : "OMUSD-PERP",
      "m" : "4611686018427616335"
    }, {
      "d" : "1756461593585304350",
      "t" : 1756461593585,
      "tn" : 1756461593585304350,
      "q" : "0.1",
      "p" : "0.2203",
      "s" : "buy",
      "i" : "OMUSD-PERP",
      "m" : "4611686018427616334"
    }, {
      "d" : "1756461587198499304",
      "t" : 1756461587198,
      "tn" : 1756461587198499304,
      "q" : "0.1",
      "p" : "0.2204",
      "s" : "buy",
      "i" : "OMUSD-PERP",
      "m" : "4611686018427616333"
    }, {
      "d" : "1756461513859988700",
      "t" : 1756461513859,
      "tn" : 1756461513859988700,
      "q" : "0.1",
      "p" : "0.2203",
      "s" : "sell",
      "i" : "OMUSD-PERP",
      "m" : "4611686018427616332"
    }, {
      "d" : "1756461462805885448",
      "t" : 1756461462805,
      "tn" : 1756461462805885448,
      "q" : "0.1",
      "p" : "0.2206",
      "s" : "buy",
      "i" : "OMUSD-PERP",
      "m" : "4611686018427616331"
    }, {
      "d" : "1756461461748906275",
      "t" : 1756461461748,
      "tn" : 1756461461748906275,
      "q" : "0.1",
      "p" : "0.2204",
      "s" : "buy",
      "i" : "OMUSD-PERP",
      "m" : "4611686018427616330"
    }, {
      "d" : "1756461386166610379",
      "t" : 1756461386166,
      "tn" : 1756461386166610379,
      "q" : "0.1",
      "p" : "0.2203",
      "s" : "buy",
      "i" : "OMUSD-PERP",
      "m" : "4611686018427616329"
    }, {
      "d" : "1756461377484610193",
      "t" : 1756461377484,
      "tn" : 1756461377484610193,
      "q" : "0.1",
      "p" : "0.2204",
      "s" : "buy",
      "i" : "OMUSD-PERP",
      "m" : "4611686018427616328"
    }, {
      "d" : "1756461369428665145",
      "t" : 1756461369428,
      "tn" : 1756461369428665145,
      "q" : "0.1",
      "p" : "0.2204",
      "s" : "buy",
      "i" : "OMUSD-PERP",
      "m" : "4611686018427616327"
    }, {
      "d" : "1756461360767954621",
      "t" : 1756461360767,
      "tn" : 1756461360767954621,
      "q" : "0.1",
      "p" : "0.2204",
      "s" : "buy",
      "i" : "OMUSD-PERP",
      "m" : "4611686018427616326"
    }, {
      "d" : "1756461331819102207",
      "t" : 1756461331819,
      "tn" : 1756461331819102207,
      "q" : "0.1",
      "p" : "0.2203",
      "s" : "buy",
      "i" : "OMUSD-PERP",
      "m" : "4611686018427616325"
    }, {
      "d" : "1756461313403027879",
      "t" : 1756461313403,
      "tn" : 1756461313403027879,
      "q" : "0.1",
      "p" : "0.2203",
      "s" : "buy",
      "i" : "OMUSD-PERP",
      "m" : "4611686018427616324"
    }, {
      "d" : "1756461305348347221",
      "t" : 1756461305348,
      "tn" : 1756461305348347221,
      "q" : "0.1",
      "p" : "0.2204",
      "s" : "buy",
      "i" : "OMUSD-PERP",
      "m" : "4611686018427616323"
    }, {
      "d" : "1756461287386404026",
      "t" : 1756461287386,
      "tn" : 1756461287386404026,
      "q" : "0.1",
      "p" : "0.2203",
      "s" : "buy",
      "i" : "OMUSD-PERP",
      "m" : "4611686018427616322"
    }, {
      "d" : "1756461166713815392",
      "t" : 1756461166713,
      "tn" : 1756461166713815392,
      "q" : "0.1",
      "p" : "0.2200",
      "s" : "buy",
      "i" : "OMUSD-PERP",
      "m" : "4611686018427616321"
    }, {
      "d" : "1756461155923662268",
      "t" : 1756461155923,
      "tn" : 1756461155923662268,
      "q" : "0.1",
      "p" : "0.2201",
      "s" : "buy",
      "i" : "OMUSD-PERP",
      "m" : "4611686018427616320"
    }, {
      "d" : "1756461147880349868",
      "t" : 1756461147880,
      "tn" : 1756461147880349868,
      "q" : "0.1",
      "p" : "0.2202",
      "s" : "buy",
      "i" : "OMUSD-PERP",
      "m" : "4611686018427616319"
    }, {
      "d" : "1756461139821926476",
      "t" : 1756461139821,
      "tn" : 1756461139821926476,
      "q" : "0.1",
      "p" : "0.2202",
      "s" : "buy",
      "i" : "OMUSD-PERP",
      "m" : "4611686018427616318"
    }, {
      "d" : "1756461093128683838",
      "t" : 1756461093128,
      "tn" : 1756461093128683838,
      "q" : "0.1",
      "p" : "0.2202",
      "s" : "buy",
      "i" : "OMUSD-PERP",
      "m" : "4611686018427616317"
    }, {
      "d" : "1756461008851711685",
      "t" : 1756461008851,
      "tn" : 1756461008851711685,
      "q" : "0.1",
      "p" : "0.2206",
      "s" : "buy",
      "i" : "OMUSD-PERP",
      "m" : "4611686018427616316"
    }, {
      "d" : "1756461000821806187",
      "t" : 1756461000821,
      "tn" : 1756461000821806187,
      "q" : "0.1",
      "p" : "0.2206",
      "s" : "buy",
      "i" : "OMUSD-PERP",
      "m" : "4611686018427616315"
    }, {
      "d" : "1756460845475330165",
      "t" : 1756460845475,
      "tn" : 1756460845475330165,
      "q" : "0.1",
      "p" : "0.2205",
      "s" : "buy",
      "i" : "OMUSD-PERP",
      "m" : "4611686018427616314"
    }, {
      "d" : "1756460780322324332",
      "t" : 1756460780322,
      "tn" : 1756460780322324332,
      "q" : "166.7",
      "p" : "0.2200",
      "s" : "sell",
      "i" : "OMUSD-PERP",
      "m" : "4611686018427616313"
    }, {
      "d" : "1756460780322322183",
      "t" : 1756460780322,
      "tn" : 1756460780322322183,
      "q" : "0.1",
      "p" : "0.2201",
      "s" : "sell",
      "i" : "OMUSD-PERP",
      "m" : "4611686018427616312"
    }, {
      "d" : "1756460780322320330",
      "t" : 1756460780322,
      "tn" : 1756460780322320330,
      "q" : "0.1",
      "p" : "0.2202",
      "s" : "sell",
      "i" : "OMUSD-PERP",
      "m" : "4611686018427616311"
    }, {
      "d" : "1756460732814130881",
      "t" : 1756460732814,
      "tn" : 1756460732814130881,
      "q" : "0.1",
      "p" : "0.2197",
      "s" : "buy",
      "i" : "OMUSD-PERP",
      "m" : "4611686018427616310"
    }, {
      "d" : "1756460703176332302",
      "t" : 1756460703176,
      "tn" : 1756460703176332302,
      "q" : "0.1",
      "p" : "0.2195",
      "s" : "buy",
      "i" : "OMUSD-PERP",
      "m" : "4611686018427616309"
    }, {
      "d" : "1756460563166996889",
      "t" : 1756460563166,
      "tn" : 1756460563166996889,
      "q" : "0.1",
      "p" : "0.2196",
      "s" : "buy",
      "i" : "OMUSD-PERP",
      "m" : "4611686018427616308"
    }, {
      "d" : "1756460561001588351",
      "t" : 1756460561001,
      "tn" : 1756460561001588351,
      "q" : "0.1",
      "p" : "0.2196",
      "s" : "buy",
      "i" : "OMUSD-PERP",
      "m" : "4611686018427616307"
    }, {
      "d" : "1756460555107964050",
      "t" : 1756460555107,
      "tn" : 1756460555107964050,
      "q" : "0.1",
      "p" : "0.2197",
      "s" : "buy",
      "i" : "OMUSD-PERP",
      "m" : "4611686018427616306"
    }, {
      "d" : "1756460534992676519",
      "t" : 1756460534992,
      "tn" : 1756460534992676519,
      "q" : "0.1",
      "p" : "0.2198",
      "s" : "buy",
      "i" : "OMUSD-PERP",
      "m" : "4611686018427616305"
    }, {
      "d" : "1756460525648909815",
      "t" : 1756460525648,
      "tn" : 1756460525648909815,
      "q" : "0.1",
      "p" : "0.2198",
      "s" : "buy",
      "i" : "OMUSD-PERP",
      "m" : "4611686018427616304"
    }, {
      "d" : "1756460326675644030",
      "t" : 1756460326675,
      "tn" : 1756460326675644030,
      "q" : "0.1",
      "p" : "0.2195",
      "s" : "buy",
      "i" : "OMUSD-PERP",
      "m" : "4611686018427616303"
    }, {
      "d" : "1756460318382696015",
      "t" : 1756460318382,
      "tn" : 1756460318382696015,
      "q" : "0.1",
      "p" : "0.2195",
      "s" : "buy",
      "i" : "OMUSD-PERP",
      "m" : "4611686018427616302"
    }, {
      "d" : "1756460102892542377",
      "t" : 1756460102892,
      "tn" : 1756460102892542377,
      "q" : "0.1",
      "p" : "0.2193",
      "s" : "buy",
      "i" : "OMUSD-PERP",
      "m" : "4611686018427616301"
    }, {
      "d" : "1756460081113227861",
      "t" : 1756460081113,
      "tn" : 1756460081113227861,
      "q" : "0.1",
      "p" : "0.2191",
      "s" : "buy",
      "i" : "OMUSD-PERP",
      "m" : "4611686018427616300"
    }, {
      "d" : "1756460040614614075",
      "t" : 1756460040614,
      "tn" : 1756460040614614075,
      "q" : "0.1",
      "p" : "0.2192",
      "s" : "buy",
      "i" : "OMUSD-PERP",
      "m" : "4611686018427616299"
    }, {
      "d" : "1756459996647897288",
      "t" : 1756459996647,
      "tn" : 1756459996647897288,
      "q" : "0.1",
      "p" : "0.2193",
      "s" : "buy",
      "i" : "OMUSD-PERP",
      "m" : "4611686018427616298"
    }, {
      "d" : "1756459874910987643",
      "t" : 1756459874910,
      "tn" : 1756459874910987643,
      "q" : "0.1",
      "p" : "0.2194",
      "s" : "buy",
      "i" : "OMUSD-PERP",
      "m" : "4611686018427616297"
    }, {
      "d" : "1756459859095765252",
      "t" : 1756459859095,
      "tn" : 1756459859095765252,
      "q" : "0.1",
      "p" : "0.2196",
      "s" : "buy",
      "i" : "OMUSD-PERP",
      "m" : "4611686018427616296"
    }, {
      "d" : "1756459850455615668",
      "t" : 1756459850455,
      "tn" : 1756459850455615668,
      "q" : "0.1",
      "p" : "0.2196",
      "s" : "buy",
      "i" : "OMUSD-PERP",
      "m" : "4611686018427616295"
    }, {
      "d" : "1756459841815816248",
      "t" : 1756459841815,
      "tn" : 1756459841815816248,
      "q" : "0.1",
      "p" : "0.2196",
      "s" : "buy",
      "i" : "OMUSD-PERP",
      "m" : "4611686018427616294"
    }, {
      "d" : "1756459833809013415",
      "t" : 1756459833809,
      "tn" : 1756459833809013415,
      "q" : "0.1",
      "p" : "0.2198",
      "s" : "buy",
      "i" : "OMUSD-PERP",
      "m" : "4611686018427616293"
    }, {
      "d" : "1756459421748209222",
      "t" : 1756459421748,
      "tn" : 1756459421748209222,
      "q" : "0.1",
      "p" : "0.2196",
      "s" : "buy",
      "i" : "OMUSD-PERP",
      "m" : "4611686018427616292"
    }, {
      "d" : "1756459398771716976",
      "t" : 1756459398771,
      "tn" : 1756459398771716976,
      "q" : "0.1",
      "p" : "0.2197",
      "s" : "buy",
      "i" : "OMUSD-PERP",
      "m" : "4611686018427616291"
    }, {
      "d" : "1756459269074604595",
      "t" : 1756459269074,
      "tn" : 1756459269074604595,
      "q" : "0.1",
      "p" : "0.2197",
      "s" : "buy",
      "i" : "OMUSD-PERP",
      "m" : "4611686018427616290"
    }, {
      "d" : "1756459180681990965",
      "t" : 1756459180681,
      "tn" : 1756459180681990965,
      "q" : "0.1",
      "p" : "0.2196",
      "s" : "buy",
      "i" : "OMUSD-PERP",
      "m" : "4611686018427616289"
    }, {
      "d" : "1756458616797112821",
      "t" : 1756458616797,
      "tn" : 1756458616797112821,
      "q" : "0.1",
      "p" : "0.2181",
      "s" : "sell",
      "i" : "OMUSD-PERP",
      "m" : "4611686018427616288"
    }, {
      "d" : "1756458611185162054",
      "t" : 1756458611185,
      "tn" : 1756458611185162053,
      "q" : "0.1",
      "p" : "0.2184",
      "s" : "buy",
      "i" : "OMUSD-PERP",
      "m" : "4611686018427616287"
    }, {
      "d" : "1756458611185162053",
      "t" : 1756458611185,
      "tn" : 1756458611185162053,
      "q" : "0.1",
      "p" : "0.2184",
      "s" : "buy",
      "i" : "OMUSD-PERP",
      "m" : "4611686018427616287"
    }, {
      "d" : "1756458333903299369",
      "t" : 1756458333903,
      "tn" : 1756458333903299369,
      "q" : "0.1",
      "p" : "0.2184",
      "s" : "sell",
      "i" : "OMUSD-PERP",
      "m" : "4611686018427616286"
    }, {
      "d" : "1756458195960603659",
      "t" : 1756458195960,
      "tn" : 1756458195960603659,
      "q" : "0.1",
      "p" : "0.2181",
      "s" : "sell",
      "i" : "OMUSD-PERP",
      "m" : "4611686018427616285"
    }, {
      "d" : "1756458180669987789",
      "t" : 1756458180669,
      "tn" : 1756458180669987789,
      "q" : "0.1",
      "p" : "0.2178",
      "s" : "sell",
      "i" : "OMUSD-PERP",
      "m" : "4611686018427616284"
    }, {
      "d" : "1756458179175010996",
      "t" : 1756458179175,
      "tn" : 1756458179175010994,
      "q" : "0.1",
      "p" : "0.2180",
      "s" : "sell",
      "i" : "OMUSD-PERP",
      "m" : "4611686018427616283"
    }, {
      "d" : "1756458179175010995",
      "t" : 1756458179175,
      "tn" : 1756458179175010994,
      "q" : "40.0",
      "p" : "0.2180",
      "s" : "sell",
      "i" : "OMUSD-PERP",
      "m" : "4611686018427616283"
    }, {
      "d" : "1756458179175010994",
      "t" : 1756458179175,
      "tn" : 1756458179175010994,
      "q" : "100.0",
      "p" : "0.2180",
      "s" : "sell",
      "i" : "OMUSD-PERP",
      "m" : "4611686018427616283"
    }, {
      "d" : "1756458177491255561",
      "t" : 1756458177491,
      "tn" : 1756458177491255561,
      "q" : "0.1",
      "p" : "0.2182",
      "s" : "sell",
      "i" : "OMUSD-PERP",
      "m" : "4611686018427616282"
    }, {
      "d" : "1756458152727829420",
      "t" : 1756458152727,
      "tn" : 1756458152727829420,
      "q" : "0.1",
      "p" : "0.2187",
      "s" : "sell",
      "i" : "OMUSD-PERP",
      "m" : "4611686018427616281"
    }, {
      "d" : "1756458151703133990",
      "t" : 1756458151703,
      "tn" : 1756458151703133990,
      "q" : "0.1",
      "p" : "0.2188",
      "s" : "sell",
      "i" : "OMUSD-PERP",
      "m" : "4611686018427616280"
    }, {
      "d" : "1756457999863717011",
      "t" : 1756457999863,
      "tn" : 1756457999863717011,
      "q" : "0.1",
      "p" : "0.2199",
      "s" : "buy",
      "i" : "OMUSD-PERP",
      "m" : "4611686018427616279"
    }, {
      "d" : "1756457988078312045",
      "t" : 1756457988078,
      "tn" : 1756457988078312045,
      "q" : "0.1",
      "p" : "0.2200",
      "s" : "buy",
      "i" : "OMUSD-PERP",
      "m" : "4611686018427616278"
    }, {
      "d" : "1756457980075000064",
      "t" : 1756457980075,
      "tn" : 1756457980075000064,
      "q" : "0.1",
      "p" : "0.2201",
      "s" : "buy",
      "i" : "OMUSD-PERP",
      "m" : "4611686018427616277"
    }, {
      "d" : "1756457970560732270",
      "t" : 1756457970560,
      "tn" : 1756457970560732270,
      "q" : "0.1",
      "p" : "0.2201",
      "s" : "buy",
      "i" : "OMUSD-PERP",
      "m" : "4611686018427616276"
    }, {
      "d" : "1756457872350058311",
      "t" : 1756457872350,
      "tn" : 1756457872350058310,
      "q" : "0.1",
      "p" : "0.2195",
      "s" : "sell",
      "i" : "OMUSD-PERP",
      "m" : "4611686018427616275"
    }, {
      "d" : "1756457872350058310",
      "t" : 1756457872350,
      "tn" : 1756457872350058310,
      "q" : "0.1",
      "p" : "0.2195",
      "s" : "sell",
      "i" : "OMUSD-PERP",
      "m" : "4611686018427616275"
    }, {
      "d" : "1756457829500246606",
      "t" : 1756457829500,
      "tn" : 1756457829500246606,
      "q" : "0.1",
      "p" : "0.2199",
      "s" : "buy",
      "i" : "OMUSD-PERP",
      "m" : "4611686018427616274"
    }, {
      "d" : "1756457687064346905",
      "t" : 1756457687064,
      "tn" : 1756457687064346904,
      "q" : "0.1",
      "p" : "0.2202",
      "s" : "sell",
      "i" : "OMUSD-PERP",
      "m" : "4611686018427616273"
    }, {
      "d" : "1756457687064346904",
      "t" : 1756457687064,
      "tn" : 1756457687064346904,
      "q" : "0.1",
      "p" : "0.2202",
      "s" : "sell",
      "i" : "OMUSD-PERP",
      "m" : "4611686018427616273"
    }, {
      "d" : "1756457602303839371",
      "t" : 1756457602303,
      "tn" : 1756457602303839371,
      "q" : "0.1",
      "p" : "0.2205",
      "s" : "sell",
      "i" : "OMUSD-PERP",
      "m" : "4611686018427616272"
    }, {
      "d" : "1756457548287684761",
      "t" : 1756457548287,
      "tn" : 1756457548287684761,
      "q" : "0.1",
      "p" : "0.2207",
      "s" : "sell",
      "i" : "OMUSD-PERP",
      "m" : "4611686018427616271"
    }, {
      "d" : "1756457109661003974",
      "t" : 1756457109661,
      "tn" : 1756457109661003974,
      "q" : "0.1",
      "p" : "0.2214",
      "s" : "buy",
      "i" : "OMUSD-PERP",
      "m" : "4611686018427616270"
    }, {
      "d" : "1756457064759388175",
      "t" : 1756457064759,
      "tn" : 1756457064759388175,
      "q" : "0.1",
      "p" : "0.2212",
      "s" : "buy",
      "i" : "OMUSD-PERP",
      "m" : "4611686018427616269"
    }, {
      "d" : "1756457044339900429",
      "t" : 1756457044339,
      "tn" : 1756457044339900429,
      "q" : "0.1",
      "p" : "0.2213",
      "s" : "buy",
      "i" : "OMUSD-PERP",
      "m" : "4611686018427616268"
    }, {
      "d" : "1756456659818863098",
      "t" : 1756456659818,
      "tn" : 1756456659818863098,
      "q" : "0.1",
      "p" : "0.2215",
      "s" : "buy",
      "i" : "OMUSD-PERP",
      "m" : "4611686018427616267"
    }, {
      "d" : "1756456525687915766",
      "t" : 1756456525687,
      "tn" : 1756456525687915765,
      "q" : "0.1",
      "p" : "0.2220",
      "s" : "buy",
      "i" : "OMUSD-PERP",
      "m" : "4611686018427616266"
    }, {
      "d" : "1756456525687915765",
      "t" : 1756456525687,
      "tn" : 1756456525687915765,
      "q" : "0.1",
      "p" : "0.2220",
      "s" : "buy",
      "i" : "OMUSD-PERP",
      "m" : "4611686018427616266"
    }, {
      "d" : "1756456374915436229",
      "t" : 1756456374915,
      "tn" : 1756456374915436229,
      "q" : "0.1",
      "p" : "0.2217",
      "s" : "sell",
      "i" : "OMUSD-PERP",
      "m" : "4611686018427616265"
    }, {
      "d" : "1756456369148750890",
      "t" : 1756456369148,
      "tn" : 1756456369148750890,
      "q" : "0.1",
      "p" : "0.2220",
      "s" : "sell",
      "i" : "OMUSD-PERP",
      "m" : "4611686018427616264"
    }, {
      "d" : "1756456369148392128",
      "t" : 1756456369148,
      "tn" : 1756456369148392128,
      "q" : "0.1",
      "p" : "0.2221",
      "s" : "sell",
      "i" : "OMUSD-PERP",
      "m" : "4611686018427616263"
    }, {
      "d" : "1756456359430035162",
      "t" : 1756456359430,
      "tn" : 1756456359430035162,
      "q" : "0.1",
      "p" : "0.2222",
      "s" : "sell",
      "i" : "OMUSD-PERP",
      "m" : "4611686018427616262"
    }, {
      "d" : "1756456359429699393",
      "t" : 1756456359429,
      "tn" : 1756456359429699393,
      "q" : "0.1",
      "p" : "0.2223",
      "s" : "sell",
      "i" : "OMUSD-PERP",
      "m" : "4611686018427616261"
    }, {
      "d" : "1756456349748588004",
      "t" : 1756456349748,
      "tn" : 1756456349748588004,
      "q" : "0.1",
      "p" : "0.2225",
      "s" : "sell",
      "i" : "OMUSD-PERP",
      "m" : "4611686018427616260"
    }, {
      "d" : "1756456295682085584",
      "t" : 1756456295682,
      "tn" : 1756456295682085583,
      "q" : "0.1",
      "p" : "0.2221",
      "s" : "buy",
      "i" : "OMUSD-PERP",
      "m" : "4611686018427616259"
    }, {
      "d" : "1756456295682085583",
      "t" : 1756456295682,
      "tn" : 1756456295682085583,
      "q" : "0.1",
      "p" : "0.2221",
      "s" : "buy",
      "i" : "OMUSD-PERP",
      "m" : "4611686018427616259"
    }, {
      "d" : "1756455845420165475",
      "t" : 1756455845420,
      "tn" : 1756455845420165474,
      "q" : "0.1",
      "p" : "0.2219",
      "s" : "buy",
      "i" : "OMUSD-PERP",
      "m" : "4611686018427616258"
    }, {
      "d" : "1756455845420165474",
      "t" : 1756455845420,
      "tn" : 1756455845420165474,
      "q" : "0.1",
      "p" : "0.2219",
      "s" : "buy",
      "i" : "OMUSD-PERP",
      "m" : "4611686018427616258"
    }, {
      "d" : "1756455666201631018",
      "t" : 1756455666201,
      "tn" : 1756455666201631018,
      "q" : "0.1",
      "p" : "0.2214",
      "s" : "sell",
      "i" : "OMUSD-PERP",
      "m" : "4611686018427616257"
    }, {
      "d" : "1756455628453614791",
      "t" : 1756455628453,
      "tn" : 1756455628453614791,
      "q" : "0.1",
      "p" : "0.2211",
      "s" : "sell",
      "i" : "OMUSD-PERP",
      "m" : "4611686018427616256"
    }, {
      "d" : "1756455138655620104",
      "t" : 1756455138655,
      "tn" : 1756455138655620103,
      "q" : "0.1",
      "p" : "0.2220",
      "s" : "sell",
      "i" : "OMUSD-PERP",
      "m" : "4611686018427616255"
    }, {
      "d" : "1756455138655620103",
      "t" : 1756455138655,
      "tn" : 1756455138655620103,
      "q" : "40.0",
      "p" : "0.2220",
      "s" : "sell",
      "i" : "OMUSD-PERP",
      "m" : "4611686018427616255"
    }, {
      "d" : "1756454970037310478",
      "t" : 1756454970037,
      "tn" : 1756454970037310478,
      "q" : "0.1",
      "p" : "0.2221",
      "s" : "sell",
      "i" : "OMUSD-PERP",
      "m" : "4611686018427616254"
    }, {
      "d" : "1756454970036135815",
      "t" : 1756454970036,
      "tn" : 1756454970036135815,
      "q" : "0.1",
      "p" : "0.2222",
      "s" : "sell",
      "i" : "OMUSD-PERP",
      "m" : "4611686018427616253"
    }, {
      "d" : "1756454724119495871",
      "t" : 1756454724119,
      "tn" : 1756454724119495871,
      "q" : "0.1",
      "p" : "0.2223",
      "s" : "sell",
      "i" : "OMUSD-PERP",
      "m" : "4611686018427616252"
    }, {
      "d" : "1756454723481819294",
      "t" : 1756454723481,
      "tn" : 1756454723481819294,
      "q" : "0.1",
      "p" : "0.2228",
      "s" : "sell",
      "i" : "OMUSD-PERP",
      "m" : "4611686018427616251"
    }, {
      "d" : "1756454716687281644",
      "t" : 1756454716687,
      "tn" : 1756454716687281644,
      "q" : "0.1",
      "p" : "0.2229",
      "s" : "sell",
      "i" : "OMUSD-PERP",
      "m" : "4611686018427616250"
    }, {
      "d" : "1756454311038297542",
      "t" : 1756454311038,
      "tn" : 1756454311038297542,
      "q" : "0.1",
      "p" : "0.2231",
      "s" : "sell",
      "i" : "OMUSD-PERP",
      "m" : "4611686018427616249"
    }, {
      "d" : "1756454308073844788",
      "t" : 1756454308073,
      "tn" : 1756454308073844788,
      "q" : "0.1",
      "p" : "0.2232",
      "s" : "sell",
      "i" : "OMUSD-PERP",
      "m" : "4611686018427616248"
    }, {
      "d" : "1756454023000939534",
      "t" : 1756454023000,
      "tn" : 1756454023000939534,
      "q" : "0.1",
      "p" : "0.2241",
      "s" : "buy",
      "i" : "OMUSD-PERP",
      "m" : "4611686018427616247"
    }, {
      "d" : "1756453128950717299",
      "t" : 1756453128950,
      "tn" : 1756453128950717299,
      "q" : "0.1",
      "p" : "0.2247",
      "s" : "sell",
      "i" : "OMUSD-PERP",
      "m" : "4611686018427616246"
    }, {
      "d" : "1756453128950124228",
      "t" : 1756453128950,
      "tn" : 1756453128950124228,
      "q" : "0.1",
      "p" : "0.2248",
      "s" : "sell",
      "i" : "OMUSD-PERP",
      "m" : "4611686018427616245"
    }, {
      "d" : "1756452387692156578",
      "t" : 1756452387692,
      "tn" : 1756452387692156578,
      "q" : "0.1",
      "p" : "0.2240",
      "s" : "sell",
      "i" : "OMUSD-PERP",
      "m" : "4611686018427616244"
    }, {
      "d" : "1756452361046011724",
      "t" : 1756452361046,
      "tn" : 1756452361046011723,
      "q" : "39.9",
      "p" : "0.2240",
      "s" : "sell",
      "i" : "OMUSD-PERP",
      "m" : "4611686018427616243"
    }, {
      "d" : "1756452361046011723",
      "t" : 1756452361046,
      "tn" : 1756452361046011723,
      "q" : "100.0",
      "p" : "0.2240",
      "s" : "sell",
      "i" : "OMUSD-PERP",
      "m" : "4611686018427616243"
    }, {
      "d" : "1756451692028361939",
      "t" : 1756451692028,
      "tn" : 1756451692028361939,
      "q" : "0.1",
      "p" : "0.2243",
      "s" : "buy",
      "i" : "OMUSD-PERP",
      "m" : "4611686018427616242"
    }, {
      "d" : "1756451684306380094",
      "t" : 1756451684306,
      "tn" : 1756451684306380094,
      "q" : "0.1",
      "p" : "0.2244",
      "s" : "sell",
      "i" : "OMUSD-PERP",
      "m" : "4611686018427616241"
    }, {
      "d" : "1756451664034624936",
      "t" : 1756451664034,
      "tn" : 1756451664034624936,
      "q" : "0.1",
      "p" : "0.2245",
      "s" : "sell",
      "i" : "OMUSD-PERP",
      "m" : "4611686018427616240"
    }, {
      "d" : "1756451661039127909",
      "t" : 1756451661039,
      "tn" : 1756451661039127909,
      "q" : "0.1",
      "p" : "0.2247",
      "s" : "sell",
      "i" : "OMUSD-PERP",
      "m" : "4611686018427616239"
    }, {
      "d" : "1756451659976600491",
      "t" : 1756451659976,
      "tn" : 1756451659976600491,
      "q" : "0.1",
      "p" : "0.2248",
      "s" : "sell",
      "i" : "OMUSD-PERP",
      "m" : "4611686018427616238"
    }, {
      "d" : "1756451559035570345",
      "t" : 1756451559035,
      "tn" : 1756451559035570345,
      "q" : "0.1",
      "p" : "0.2252",
      "s" : "sell",
      "i" : "OMUSD-PERP",
      "m" : "4611686018427616237"
    }, {
      "d" : "1756451553066696098",
      "t" : 1756451553066,
      "tn" : 1756451553066696098,
      "q" : "0.1",
      "p" : "0.2258",
      "s" : "sell",
      "i" : "OMUSD-PERP",
      "m" : "4611686018427616236"
    }, {
      "d" : "1756451553065058639",
      "t" : 1756451553065,
      "tn" : 1756451553065058639,
      "q" : "0.1",
      "p" : "0.2259",
      "s" : "sell",
      "i" : "OMUSD-PERP",
      "m" : "4611686018427616235"
    }, {
      "d" : "1756451270109334606",
      "t" : 1756451270109,
      "tn" : 1756451270109334606,
      "q" : "0.1",
      "p" : "0.2264",
      "s" : "sell",
      "i" : "OMUSD-PERP",
      "m" : "4611686018427616234"
    }, {
      "d" : "1756450383965036937",
      "t" : 1756450383965,
      "tn" : 1756450383965036937,
      "q" : "2920.9",
      "p" : "0.2285",
      "s" : "buy",
      "i" : "OMUSD-PERP",
      "m" : "4611686018427616233"
    }, {
      "d" : "1756449605457625124",
      "t" : 1756449605457,
      "tn" : 1756449605457625124,
      "q" : "352.3",
      "p" : "0.2262",
      "s" : "sell",
      "i" : "OMUSD-PERP",
      "m" : "4611686018427616232"
    }, {
      "d" : "1756448329157867528",
      "t" : 1756448329157,
      "tn" : 1756448329157867528,
      "q" : "219.9",
      "p" : "0.2273",
      "s" : "sell",
      "i" : "OMUSD-PERP",
      "m" : "4611686018427616231"
    }, {
      "d" : "1756448329157865115",
      "t" : 1756448329157,
      "tn" : 1756448329157865115,
      "q" : "219.8",
      "p" : "0.2274",
      "s" : "sell",
      "i" : "OMUSD-PERP",
      "m" : "4611686018427616230"
    }, {
      "d" : "1756448248029114992",
      "t" : 1756448248029,
      "tn" : 1756448248029114992,
      "q" : "0.1",
      "p" : "0.2277",
      "s" : "sell",
      "i" : "OMUSD-PERP",
      "m" : "4611686018427616229"
    }, {
      "d" : "1756448030623898123",
      "t" : 1756448030623,
      "tn" : 1756448030623898123,
      "q" : "0.1",
      "p" : "0.2288",
      "s" : "buy",
      "i" : "OMUSD-PERP",
      "m" : "4611686018427616228"
    }, {
      "d" : "1756448021276748431",
      "t" : 1756448021276,
      "tn" : 1756448021276748431,
      "q" : "0.1",
      "p" : "0.2287",
      "s" : "buy",
      "i" : "OMUSD-PERP",
      "m" : "4611686018427616227"
    }, {
      "d" : "1756448003450640453",
      "t" : 1756448003450,
      "tn" : 1756448003450640453,
      "q" : "0.1",
      "p" : "0.2286",
      "s" : "buy",
      "i" : "OMUSD-PERP",
      "m" : "4611686018427616226"
    }, {
      "d" : "1756447995437663276",
      "t" : 1756447995437,
      "tn" : 1756447995437663276,
      "q" : "0.1",
      "p" : "0.2286",
      "s" : "buy",
      "i" : "OMUSD-PERP",
      "m" : "4611686018427616225"
    }, {
      "d" : "1756447987377236174",
      "t" : 1756447987377,
      "tn" : 1756447987377236174,
      "q" : "0.1",
      "p" : "0.2286",
      "s" : "buy",
      "i" : "OMUSD-PERP",
      "m" : "4611686018427616224"
    }, {
      "d" : "1756447953212348622",
      "t" : 1756447953212,
      "tn" : 1756447953212348622,
      "q" : "0.1",
      "p" : "0.2286",
      "s" : "buy",
      "i" : "OMUSD-PERP",
      "m" : "4611686018427616223"
    }, {
      "d" : "1756447945183741627",
      "t" : 1756447945183,
      "tn" : 1756447945183741627,
      "q" : "0.1",
      "p" : "0.2286",
      "s" : "buy",
      "i" : "OMUSD-PERP",
      "m" : "4611686018427616222"
    }, {
      "d" : "1756447937157890495",
      "t" : 1756447937157,
      "tn" : 1756447937157890495,
      "q" : "0.1",
      "p" : "0.2286",
      "s" : "buy",
      "i" : "OMUSD-PERP",
      "m" : "4611686018427616221"
    }, {
      "d" : "1756447929104267213",
      "t" : 1756447929104,
      "tn" : 1756447929104267213,
      "q" : "0.1",
      "p" : "0.2286",
      "s" : "buy",
      "i" : "OMUSD-PERP",
      "m" : "4611686018427616220"
    }, {
      "d" : "1756447851220557740",
      "t" : 1756447851220,
      "tn" : 1756447851220557740,
      "q" : "0.1",
      "p" : "0.2286",
      "s" : "buy",
      "i" : "OMUSD-PERP",
      "m" : "4611686018427616219"
    }, {
      "d" : "1756447842239961767",
      "t" : 1756447842239,
      "tn" : 1756447842239961767,
      "q" : "0.1",
      "p" : "0.2287",
      "s" : "buy",
      "i" : "OMUSD-PERP",
      "m" : "4611686018427616218"
    } ]
  }
}