{
  "id" : -1,
  "method" : "public/get-trades",
  "code" : 0,
  "result" : {
    "data" : [ {
      "d" : "1756461723398545460",
      "t" : 1756461723398,
      "tn" : 1756461723398545460,
      "q" : "32.7",
      "p" : "0.91033",
      "s" : "buy",
      "i" : "ONDO_USD",
      "m" : "4611686018429581374"
    }, {
      "d" : "1756461723398544799",
      "t" : 1756461723398,
      "tn" : 1756461723398544799,
      "q" : "1.3",
      "p" : "0.91019",
      "s" : "buy",
      "i" : "ONDO_USD",
      "m" : "4611686018429581373"
    }, {
      "d" : "1756461604324087986",
      "t" : 1756461604324,
      "tn" : 1756461604324087986,
      "q" : "1.3",
      "p" : "0.90888",
      "s" : "sell",
      "i" : "ONDO_USD",
      "m" : "4611686018429581372"
    }, {
      "d" : "1756461601328804973",
      "t" : 1756461601328,
      "tn" : 1756461601328804973,
      "q" : "1.3",
      "p" : "0.90918",
      "s" : "sell",
      "i" : "ONDO_USD",
      "m" : "4611686018429581371"
    }, {
      "d" : "1756461244606780245",
      "t" : 1756461244606,
      "tn" : 1756461244606780245,
      "q" : "1.3",
      "p" : "0.90819",
      "s" : "buy",
      "i" : "ONDO_USD",
      "m" : "4611686018429581370"
    }, {
      "d" : "1756461191923239222",
      "t" : 1756461191923,
      "tn" : 1756461191923239222,
      "q" : "1.3",
      "p" : "0.90758",
      "s" : "sell",
      "i" : "ONDO_USD",
      "m" : "4611686018429581369"
    }, {
      "d" : "1756461191807417985",
      "t" : 1756461191807,
      "tn" : 1756461191807417985,
      "q" : "1.3",
      "p" : "0.90768",
      "s" : "sell",
      "i" : "ONDO_USD",
      "m" : "4611686018429581368"
    }, {
      "d" : "1756461191484337577",
      "t" : 1756461191484,
      "tn" : 1756461191484337577,
      "q" : "1.3",
      "p" : "0.90778",
      "s" : "sell",
      "i" : "ONDO_USD",
      "m" : "4611686018429581367"
    }, {
      "d" : "1756461141081773984",
      "t" : 1756461141081,
      "tn" : 1756461141081773984,
      "q" : "1.3",
      "p" : "0.90816",
      "s" : "sell",
      "i" : "ONDO_USD",
      "m" : "4611686018429581366"
    }, {
      "d" : "1756461140285348726",
      "t" : 1756461140285,
      "tn" : 1756461140285348726,
      "q" : "1.3",
      "p" : "0.90816",
      "s" : "sell",
      "i" : "ONDO_USD",
      "m" : "4611686018429581365"
    }, {
      "d" : "1756461140183354630",
      "t" : 1756461140183,
      "tn" : 1756461140183354630,
      "q" : "1.3",
      "p" : "0.90816",
      "s" : "sell",
      "i" : "ONDO_USD",
      "m" : "4611686018429581364"
    }, {
      "d" : "1756461140083264094",
      "t" : 1756461140083,
      "tn" : 1756461140083264094,
      "q" : "1.3",
      "p" : "0.90816",
      "s" : "sell",
      "i" : "ONDO_USD",
      "m" : "4611686018429581363"
    }, {
      "d" : "1756461139983125027",
      "t" : 1756461139983,
      "tn" : 1756461139983125027,
      "q" : "1.3",
      "p" : "0.90816",
      "s" : "sell",
      "i" : "ONDO_USD",
      "m" : "4611686018429581362"
    }, {
      "d" : "1756461139912437696",
      "t" : 1756461139912,
      "tn" : 1756461139912437696,
      "q" : "1.3",
      "p" : "0.90818",
      "s" : "sell",
      "i" : "ONDO_USD",
      "m" : "4611686018429581361"
    }, {
      "d" : "1756460944841330286",
      "t" : 1756460944841,
      "tn" : 1756460944841330286,
      "q" : "1.3",
      "p" : "0.90919",
      "s" : "buy",
      "i" : "ONDO_USD",
      "m" : "4611686018429581360"
    }, {
      "d" : "1756460929361772162",
      "t" : 1756460929361,
      "tn" : 1756460929361772162,
      "q" : "1.3",
      "p" : "0.90928",
      "s" : "sell",
      "i" : "ONDO_USD",
      "m" : "4611686018429581359"
    }, {
      "d" : "1756460929208708896",
      "t" : 1756460929208,
      "tn" : 1756460929208708896,
      "q" : "1.3",
      "p" : "0.90937",
      "s" : "sell",
      "i" : "ONDO_USD",
      "m" : "4611686018429581358"
    }, {
      "d" : "1756460929160622622",
      "t" : 1756460929160,
      "tn" : 1756460929160622622,
      "q" : "1.3",
      "p" : "0.90938",
      "s" : "sell",
      "i" : "ONDO_USD",
      "m" : "4611686018429581357"
    }, {
      "d" : "1756460738533224821",
      "t" : 1756460738533,
      "tn" : 1756460738533224821,
      "q" : "1.3",
      "p" : "0.90699",
      "s" : "buy",
      "i" : "ONDO_USD",
      "m" : "4611686018429581356"
    }, {
      "d" : "1756460563544538043",
      "t" : 1756460563544,
      "tn" : 1756460563544538043,
      "q" : "172.0",
      "p" : "0.90462",
      "s" : "sell",
      "i" : "ONDO_USD",
      "m" : "4611686018429581355"
    }, {
      "d" : "1756460525430841210",
      "t" : 1756460525430,
      "tn" : 1756460525430841210,
      "q" : "1.3",
      "p" : "0.90499",
      "s" : "buy",
      "i" : "ONDO_USD",
      "m" : "4611686018429581354"
    }, {
      "d" : "1756460360421450302",
      "t" : 1756460360421,
      "tn" : 1756460360421450302,
      "q" : "1.3",
      "p" : "0.90408",
      "s" : "sell",
      "i" : "ONDO_USD",
      "m" : "4611686018429581353"
    }, {
      "d" : "1756460355518141509",
      "t" : 1756460355518,
      "tn" : 1756460355518141509,
      "q" : "1.3",
      "p" : "0.90428",
      "s" : "sell",
      "i" : "ONDO_USD",
      "m" : "4611686018429581352"
    }, {
      "d" : "1756460351267379680",
      "t" : 1756460351267,
      "tn" : 1756460351267379680,
      "q" : "1.3",
      "p" : "0.90428",
      "s" : "sell",
      "i" : "ONDO_USD",
      "m" : "4611686018429581351"
    }, {
      "d" : "1756460347179986651",
      "t" : 1756460347179,
      "tn" : 1756460347179986651,
      "q" : "1.3",
      "p" : "0.90477",
      "s" : "sell",
      "i" : "ONDO_USD",
      "m" : "4611686018429581350"
    }, {
      "d" : "1756460347175728328",
      "t" : 1756460347175,
      "tn" : 1756460347175728328,
      "q" : "1.3",
      "p" : "0.90477",
      "s" : "sell",
      "i" : "ONDO_USD",
      "m" : "4611686018429581349"
    }, {
      "d" : "1756460346884735711",
      "t" : 1756460346884,
      "tn" : 1756460346884735711,
      "q" : "1.3",
      "p" : "0.90477",
      "s" : "sell",
      "i" : "ONDO_USD",
      "m" : "4611686018429581348"
    }, {
      "d" : "1756460346818315778",
      "t" : 1756460346818,
      "tn" : 1756460346818315778,
      "q" : "1.3",
      "p" : "0.90477",
      "s" : "sell",
      "i" : "ONDO_USD",
      "m" : "4611686018429581347"
    }, {
      "d" : "1756460346597865342",
      "t" : 1756460346597,
      "tn" : 1756460346597865342,
      "q" : "1.3",
      "p" : "0.90478",
      "s" : "sell",
      "i" : "ONDO_USD",
      "m" : "4611686018429581346"
    }, {
      "d" : "1756460346587838149",
      "t" : 1756460346587,
      "tn" : 1756460346587838149,
      "q" : "1.3",
      "p" : "0.90478",
      "s" : "sell",
      "i" : "ONDO_USD",
      "m" : "4611686018429581345"
    }, {
      "d" : "1756460346582064114",
      "t" : 1756460346582,
      "tn" : 1756460346582064114,
      "q" : "1.3",
      "p" : "0.90478",
      "s" : "sell",
      "i" : "ONDO_USD",
      "m" : "4611686018429581344"
    }, {
      "d" : "1756460337155433300",
      "t" : 1756460337155,
      "tn" : 1756460337155433300,
      "q" : "1.3",
      "p" : "0.90468",
      "s" : "sell",
      "i" : "ONDO_USD",
      "m" : "4611686018429581343"
    }, {
      "d" : "1756460337105819413",
      "t" : 1756460337105,
      "tn" : 1756460337105819413,
      "q" : "1.3",
      "p" : "0.90472",
      "s" : "sell",
      "i" : "ONDO_USD",
      "m" : "4611686018429581342"
    }, {
      "d" : "1756460331937470943",
      "t" : 1756460331937,
      "tn" : 1756460331937470943,
      "q" : "1.3",
      "p" : "0.90498",
      "s" : "sell",
      "i" : "ONDO_USD",
      "m" : "4611686018429581341"
    }, {
      "d" : "1756460327517863679",
      "t" : 1756460327517,
      "tn" : 1756460327517863679,
      "q" : "1.3",
      "p" : "0.90498",
      "s" : "sell",
      "i" : "ONDO_USD",
      "m" : "4611686018429581340"
    }, {
      "d" : "1756460326751142155",
      "t" : 1756460326751,
      "tn" : 1756460326751142155,
      "q" : "1.3",
      "p" : "0.90498",
      "s" : "sell",
      "i" : "ONDO_USD",
      "m" : "4611686018429581339"
    }, {
      "d" : "1756460317678370963",
      "t" : 1756460317678,
      "tn" : 1756460317678370963,
      "q" : "1.3",
      "p" : "0.90488",
      "s" : "sell",
      "i" : "ONDO_USD",
      "m" : "4611686018429581338"
    }, {
      "d" : "1756460206930998418",
      "t" : 1756460206930,
      "tn" : 1756460206930998418,
      "q" : "1.3",
      "p" : "0.90458",
      "s" : "sell",
      "i" : "ONDO_USD",
      "m" : "4611686018429581337"
    }, {
      "d" : "1756460206896449308",
      "t" : 1756460206896,
      "tn" : 1756460206896449308,
      "q" : "1.3",
      "p" : "0.90468",
      "s" : "sell",
      "i" : "ONDO_USD",
      "m" : "4611686018429581336"
    }, {
      "d" : "1756460176386385482",
      "t" : 1756460176386,
      "tn" : 1756460176386385482,
      "q" : "1.3",
      "p" : "0.90388",
      "s" : "sell",
      "i" : "ONDO_USD",
      "m" : "4611686018429581335"
    }, {
      "d" : "1756460176239389771",
      "t" : 1756460176239,
      "tn" : 1756460176239389771,
      "q" : "1.3",
      "p" : "0.90388",
      "s" : "sell",
      "i" : "ONDO_USD",
      "m" : "4611686018429581334"
    }, {
      "d" : "1756460165065008470",
      "t" : 1756460165065,
      "tn" : 1756460165065008470,
      "q" : "1.3",
      "p" : "0.90478",
      "s" : "sell",
      "i" : "ONDO_USD",
      "m" : "4611686018429581333"
    }, {
      "d" : "1756460142633199081",
      "t" : 1756460142633,
      "tn" : 1756460142633199081,
      "q" : "1.3",
      "p" : "0.90478",
      "s" : "sell",
      "i" : "ONDO_USD",
      "m" : "4611686018429581332"
    }, {
      "d" : "1756460142610531288",
      "t" : 1756460142610,
      "tn" : 1756460142610531288,
      "q" : "1.3",
      "p" : "0.90478",
      "s" : "sell",
      "i" : "ONDO_USD",
      "m" : "4611686018429581331"
    }, {
      "d" : "1756460142563039914",
      "t" : 1756460142563,
      "tn" : 1756460142563039914,
      "q" : "1.3",
      "p" : "0.90478",
      "s" : "sell",
      "i" : "ONDO_USD",
      "m" : "4611686018429581330"
    }, {
      "d" : "1756460142551123337",
      "t" : 1756460142551,
      "tn" : 1756460142551123337,
      "q" : "1.3",
      "p" : "0.90478",
      "s" : "sell",
      "i" : "ONDO_USD",
      "m" : "4611686018429581329"
    }, {
      "d" : "1756460117000986555",
      "t" : 1756460117000,
      "tn" : 1756460117000986555,
      "q" : "1.3",
      "p" : "0.90457",
      "s" : "sell",
      "i" : "ONDO_USD",
      "m" : "4611686018429581328"
    }, {
      "d" : "1756460116906051481",
      "t" : 1756460116906,
      "tn" : 1756460116906051481,
      "q" : "1.3",
      "p" : "0.90458",
      "s" : "sell",
      "i" : "ONDO_USD",
      "m" : "4611686018429581327"
    }, {
      "d" : "1756460114527052939",
      "t" : 1756460114527,
      "tn" : 1756460114527052939,
      "q" : "1.3",
      "p" : "0.90468",
      "s" : "sell",
      "i" : "ONDO_USD",
      "m" : "4611686018429581326"
    }, {
      "d" : "1756460111982390208",
      "t" : 1756460111982,
      "tn" : 1756460111982390208,
      "q" : "1.3",
      "p" : "0.90483",
      "s" : "sell",
      "i" : "ONDO_USD",
      "m" : "4611686018429581325"
    }, {
      "d" : "1756460111937368787",
      "t" : 1756460111937,
      "tn" : 1756460111937368787,
      "q" : "1.3",
      "p" : "0.90483",
      "s" : "sell",
      "i" : "ONDO_USD",
      "m" : "4611686018429581324"
    }, {
      "d" : "1756460111686102043",
      "t" : 1756460111686,
      "tn" : 1756460111686102043,
      "q" : "1.3",
      "p" : "0.90484",
      "s" : "sell",
      "i" : "ONDO_USD",
      "m" : "4611686018429581323"
    }, {
      "d" : "1756460111570329352",
      "t" : 1756460111570,
      "tn" : 1756460111570329352,
      "q" : "1.3",
      "p" : "0.90485",
      "s" : "sell",
      "i" : "ONDO_USD",
      "m" : "4611686018429581322"
    }, {
      "d" : "1756460111530855271",
      "t" : 1756460111530,
      "tn" : 1756460111530855271,
      "q" : "1.3",
      "p" : "0.90485",
      "s" : "sell",
      "i" : "ONDO_USD",
      "m" : "4611686018429581321"
    }, {
      "d" : "1756460111485826712",
      "t" : 1756460111485,
      "tn" : 1756460111485826712,
      "q" : "1.3",
      "p" : "0.90487",
      "s" : "sell",
      "i" : "ONDO_USD",
      "m" : "4611686018429581320"
    }, {
      "d" : "1756460111400951894",
      "t" : 1756460111400,
      "tn" : 1756460111400951894,
      "q" : "1.3",
      "p" : "0.90488",
      "s" : "sell",
      "i" : "ONDO_USD",
      "m" : "4611686018429581319"
    }, {
      "d" : "1756460099676192920",
      "t" : 1756460099676,
      "tn" : 1756460099676192920,
      "q" : "1.2",
      "p" : "0.90428",
      "s" : "sell",
      "i" : "ONDO_USD",
      "m" : "4611686018429581318"
    }, {
      "d" : "1756460099676190292",
      "t" : 1756460099676,
      "tn" : 1756460099676190292,
      "q" : "68.3",
      "p" : "0.90430",
      "s" : "sell",
      "i" : "ONDO_USD",
      "m" : "4611686018429581317"
    }, {
      "d" : "1756460086638449842",
      "t" : 1756460086638,
      "tn" : 1756460086638449842,
      "q" : "1.3",
      "p" : "0.90408",
      "s" : "sell",
      "i" : "ONDO_USD",
      "m" : "4611686018429581316"
    }, {
      "d" : "1756460081891199605",
      "t" : 1756460081891,
      "tn" : 1756460081891199605,
      "q" : "1.3",
      "p" : "0.90408",
      "s" : "sell",
      "i" : "ONDO_USD",
      "m" : "4611686018429581315"
    }, {
      "d" : "1756460071323451223",
      "t" : 1756460071323,
      "tn" : 1756460071323451223,
      "q" : "1.3",
      "p" : "0.90435",
      "s" : "sell",
      "i" : "ONDO_USD",
      "m" : "4611686018429581314"
    }, {
      "d" : "1756460071213654809",
      "t" : 1756460071213,
      "tn" : 1756460071213654809,
      "q" : "1.3",
      "p" : "0.90435",
      "s" : "sell",
      "i" : "ONDO_USD",
      "m" : "4611686018429581313"
    }, {
      "d" : "1756460071168480399",
      "t" : 1756460071168,
      "tn" : 1756460071168480399,
      "q" : "1.3",
      "p" : "0.90438",
      "s" : "sell",
      "i" : "ONDO_USD",
      "m" : "4611686018429581312"
    }, {
      "d" : "1756460063668418976",
      "t" : 1756460063668,
      "tn" : 1756460063668418976,
      "q" : "1.3",
      "p" : "0.90448",
      "s" : "sell",
      "i" : "ONDO_USD",
      "m" : "4611686018429581311"
    }, {
      "d" : "1756460063517715957",
      "t" : 1756460063517,
      "tn" : 1756460063517715957,
      "q" : "1.3",
      "p" : "0.90448",
      "s" : "sell",
      "i" : "ONDO_USD",
      "m" : "4611686018429581310"
    }, {
      "d" : "1756460062982329118",
      "t" : 1756460062982,
      "tn" : 1756460062982329118,
      "q" : "1.3",
      "p" : "0.90448",
      "s" : "sell",
      "i" : "ONDO_USD",
      "m" : "4611686018429581309"
    }, {
      "d" : "1756460062785562707",
      "t" : 1756460062785,
      "tn" : 1756460062785562707,
      "q" : "1.3",
      "p" : "0.90448",
      "s" : "sell",
      "i" : "ONDO_USD",
      "m" : "4611686018429581308"
    }, {
      "d" : "1756460062694904054",
      "t" : 1756460062694,
      "tn" : 1756460062694904054,
      "q" : "1.3",
      "p" : "0.90448",
      "s" : "sell",
      "i" : "ONDO_USD",
      "m" : "4611686018429581307"
    }, {
      "d" : "1756460062685280704",
      "t" : 1756460062685,
      "tn" : 1756460062685280704,
      "q" : "1.3",
      "p" : "0.90448",
      "s" : "sell",
      "i" : "ONDO_USD",
      "m" : "4611686018429581306"
    }, {
      "d" : "1756460062519733534",
      "t" : 1756460062519,
      "tn" : 1756460062519733534,
      "q" : "1.3",
      "p" : "0.90448",
      "s" : "sell",
      "i" : "ONDO_USD",
      "m" : "4611686018429581305"
    }, {
      "d" : "1756460059381577432",
      "t" : 1756460059381,
      "tn" : 1756460059381577432,
      "q" : "1.3",
      "p" : "0.90446",
      "s" : "sell",
      "i" : "ONDO_USD",
      "m" : "4611686018429581304"
    }, {
      "d" : "1756460059372726170",
      "t" : 1756460059372,
      "tn" : 1756460059372726170,
      "q" : "1.3",
      "p" : "0.90446",
      "s" : "sell",
      "i" : "ONDO_USD",
      "m" : "4611686018429581303"
    }, {
      "d" : "1756460059371209438",
      "t" : 1756460059371,
      "tn" : 1756460059371209438,
      "q" : "1.3",
      "p" : "0.90446",
      "s" : "sell",
      "i" : "ONDO_USD",
      "m" : "4611686018429581302"
    }, {
      "d" : "1756460058697711996",
      "t" : 1756460058697,
      "tn" : 1756460058697711996,
      "q" : "1.3",
      "p" : "0.90448",
      "s" : "sell",
      "i" : "ONDO_USD",
      "m" : "4611686018429581301"
    }, {
      "d" : "1756460055982658652",
      "t" : 1756460055982,
      "tn" : 1756460055982658652,
      "q" : "1.3",
      "p" : "0.90457",
      "s" : "sell",
      "i" : "ONDO_USD",
      "m" : "4611686018429581300"
    }, {
      "d" : "1756460055901491532",
      "t" : 1756460055901,
      "tn" : 1756460055901491532,
      "q" : "1.3",
      "p" : "0.90457",
      "s" : "sell",
      "i" : "ONDO_USD",
      "m" : "4611686018429581299"
    }, {
      "d" : "1756460055899379700",
      "t" : 1756460055899,
      "tn" : 1756460055899379700,
      "q" : "1.3",
      "p" : "0.90457",
      "s" : "sell",
      "i" : "ONDO_USD",
      "m" : "4611686018429581298"
    }, {
      "d" : "1756460054517784298",
      "t" : 1756460054517,
      "tn" : 1756460054517784298,
      "q" : "1.3",
      "p" : "0.90468",
      "s" : "sell",
      "i" : "ONDO_USD",
      "m" : "4611686018429581297"
    }, {
      "d" : "1756460054321263165",
      "t" : 1756460054321,
      "tn" : 1756460054321263165,
      "q" : "1.3",
      "p" : "0.90468",
      "s" : "sell",
      "i" : "ONDO_USD",
      "m" : "4611686018429581296"
    }, {
      "d" : "1756460053371927014",
      "t" : 1756460053371,
      "tn" : 1756460053371927014,
      "q" : "1.3",
      "p" : "0.90478",
      "s" : "sell",
      "i" : "ONDO_USD",
      "m" : "4611686018429581295"
    }, {
      "d" : "1756460052824564693",
      "t" : 1756460052824,
      "tn" : 1756460052824564693,
      "q" : "1.3",
      "p" : "0.90498",
      "s" : "sell",
      "i" : "ONDO_USD",
      "m" : "4611686018429581294"
    }, {
      "d" : "1756460048891895817",
      "t" : 1756460048891,
      "tn" : 1756460048891895817,
      "q" : "1.3",
      "p" : "0.90508",
      "s" : "sell",
      "i" : "ONDO_USD",
      "m" : "4611686018429581293"
    }, {
      "d" : "1756460048881839656",
      "t" : 1756460048881,
      "tn" : 1756460048881839656,
      "q" : "1.3",
      "p" : "0.90508",
      "s" : "sell",
      "i" : "ONDO_USD",
      "m" : "4611686018429581292"
    }, {
      "d" : "1756460048786207008",
      "t" : 1756460048786,
      "tn" : 1756460048786207008,
      "q" : "1.3",
      "p" : "0.90508",
      "s" : "sell",
      "i" : "ONDO_USD",
      "m" : "4611686018429581291"
    }, {
      "d" : "1756460048585777158",
      "t" : 1756460048585,
      "tn" : 1756460048585777158,
      "q" : "1.3",
      "p" : "0.90508",
      "s" : "sell",
      "i" : "ONDO_USD",
      "m" : "4611686018429581290"
    }, {
      "d" : "1756460048545352503",
      "t" : 1756460048545,
      "tn" : 1756460048545352503,
      "q" : "1.3",
      "p" : "0.90508",
      "s" : "sell",
      "i" : "ONDO_USD",
      "m" : "4611686018429581289"
    }, {
      "d" : "1756460044713467478",
      "t" : 1756460044713,
      "tn" : 1756460044713467478,
      "q" : "1.3",
      "p" : "0.90498",
      "s" : "sell",
      "i" : "ONDO_USD",
      "m" : "4611686018429581288"
    }, {
      "d" : "1756460044703406313",
      "t" : 1756460044703,
      "tn" : 1756460044703406313,
      "q" : "1.3",
      "p" : "0.90498",
      "s" : "sell",
      "i" : "ONDO_USD",
      "m" : "4611686018429581287"
    }, {
      "d" : "1756460044682940133",
      "t" : 1756460044682,
      "tn" : 1756460044682940133,
      "q" : "1.3",
      "p" : "0.90498",
      "s" : "sell",
      "i" : "ONDO_USD",
      "m" : "4611686018429581286"
    }, {
      "d" : "1756460044601158418",
      "t" : 1756460044601,
      "tn" : 1756460044601158418,
      "q" : "1.3",
      "p" : "0.90498",
      "s" : "sell",
      "i" : "ONDO_USD",
      "m" : "4611686018429581285"
    }, {
      "d" : "1756460043817725515",
      "t" : 1756460043817,
      "tn" : 1756460043817725515,
      "q" : "1.3",
      "p" : "0.90518",
      "s" : "sell",
      "i" : "ONDO_USD",
      "m" : "4611686018429581284"
    }, {
      "d" : "1756460040206153371",
      "t" : 1756460040206,
      "tn" : 1756460040206153371,
      "q" : "1.3",
      "p" : "0.90537",
      "s" : "sell",
      "i" : "ONDO_USD",
      "m" : "4611686018429581283"
    }, {
      "d" : "1756460040101228860",
      "t" : 1756460040101,
      "tn" : 1756460040101228860,
      "q" : "1.3",
      "p" : "0.90538",
      "s" : "sell",
      "i" : "ONDO_USD",
      "m" : "4611686018429581282"
    }, {
      "d" : "1756460038520556881",
      "t" : 1756460038520,
      "tn" : 1756460038520556881,
      "q" : "1.3",
      "p" : "0.90538",
      "s" : "sell",
      "i" : "ONDO_USD",
      "m" : "4611686018429581281"
    }, {
      "d" : "1756460038379683842",
      "t" : 1756460038379,
      "tn" : 1756460038379683842,
      "q" : "1.3",
      "p" : "0.90538",
      "s" : "sell",
      "i" : "ONDO_USD",
      "m" : "4611686018429581280"
    }, {
      "d" : "1756460038084983953",
      "t" : 1756460038084,
      "tn" : 1756460038084983953,
      "q" : "1.3",
      "p" : "0.90538",
      "s" : "sell",
      "i" : "ONDO_USD",
      "m" : "4611686018429581279"
    }, {
      "d" : "1756460037984636889",
      "t" : 1756460037984,
      "tn" : 1756460037984636889,
      "q" : "1.3",
      "p" : "0.90538",
      "s" : "sell",
      "i" : "ONDO_USD",
      "m" : "4611686018429581278"
    }, {
      "d" : "1756460037880950582",
      "t" : 1756460037880,
      "tn" : 1756460037880950582,
      "q" : "1.3",
      "p" : "0.90538",
      "s" : "sell",
      "i" : "ONDO_USD",
      "m" : "4611686018429581277"
    }, {
      "d" : "1756460036785006797",
      "t" : 1756460036785,
      "tn" : 1756460036785006797,
      "q" : "1.3",
      "p" : "0.90525",
      "s" : "sell",
      "i" : "ONDO_USD",
      "m" : "4611686018429581276"
    }, {
      "d" : "1756460036734903894",
      "t" : 1756460036734,
      "tn" : 1756460036734903894,
      "q" : "1.3",
      "p" : "0.90525",
      "s" : "sell",
      "i" : "ONDO_USD",
      "m" : "4611686018429581275"
    }, {
      "d" : "1756460036684677509",
      "t" : 1756460036684,
      "tn" : 1756460036684677509,
      "q" : "1.3",
      "p" : "0.90525",
      "s" : "sell",
      "i" : "ONDO_USD",
      "m" : "4611686018429581274"
    }, {
      "d" : "1756460036584506093",
      "t" : 1756460036584,
      "tn" : 1756460036584506093,
      "q" : "1.3",
      "p" : "0.90525",
      "s" : "sell",
      "i" : "ONDO_USD",
      "m" : "4611686018429581273"
    }, {
      "d" : "1756460036565823228",
      "t" : 1756460036565,
      "tn" : 1756460036565823228,
      "q" : "1.3",
      "p" : "0.90525",
      "s" : "sell",
      "i" : "ONDO_USD",
      "m" : "4611686018429581272"
    }, {
      "d" : "1756460035860942581",
      "t" : 1756460035860,
      "tn" : 1756460035860942581,
      "q" : "1.3",
      "p" : "0.90524",
      "s" : "sell",
      "i" : "ONDO_USD",
      "m" : "4611686018429581271"
    }, {
      "d" : "1756460035210337420",
      "t" : 1756460035210,
      "tn" : 1756460035210337420,
      "q" : "1.3",
      "p" : "0.90528",
      "s" : "sell",
      "i" : "ONDO_USD",
      "m" : "4611686018429581270"
    }, {
      "d" : "1756460034936016483",
      "t" : 1756460034936,
      "tn" : 1756460034936016483,
      "q" : "1.3",
      "p" : "0.90528",
      "s" : "sell",
      "i" : "ONDO_USD",
      "m" : "4611686018429581269"
    }, {
      "d" : "1756460013910400292",
      "t" : 1756460013910,
      "tn" : 1756460013910400292,
      "q" : "1.3",
      "p" : "0.90498",
      "s" : "sell",
      "i" : "ONDO_USD",
      "m" : "4611686018429581268"
    }, {
      "d" : "1756460013841018773",
      "t" : 1756460013841,
      "tn" : 1756460013841018773,
      "q" : "1.3",
      "p" : "0.90498",
      "s" : "sell",
      "i" : "ONDO_USD",
      "m" : "4611686018429581267"
    }, {
      "d" : "1756460012905154304",
      "t" : 1756460012905,
      "tn" : 1756460012905154304,
      "q" : "1.3",
      "p" : "0.90496",
      "s" : "sell",
      "i" : "ONDO_USD",
      "m" : "4611686018429581266"
    }, {
      "d" : "1756460012803121978",
      "t" : 1756460012803,
      "tn" : 1756460012803121978,
      "q" : "1.3",
      "p" : "0.90496",
      "s" : "sell",
      "i" : "ONDO_USD",
      "m" : "4611686018429581265"
    }, {
      "d" : "1756460012697713726",
      "t" : 1756460012697,
      "tn" : 1756460012697713726,
      "q" : "1.3",
      "p" : "0.90496",
      "s" : "sell",
      "i" : "ONDO_USD",
      "m" : "4611686018429581264"
    }, {
      "d" : "1756460012665907707",
      "t" : 1756460012665,
      "tn" : 1756460012665907707,
      "q" : "1.3",
      "p" : "0.90496",
      "s" : "sell",
      "i" : "ONDO_USD",
      "m" : "4611686018429581263"
    }, {
      "d" : "1756460012633349690",
      "t" : 1756460012633,
      "tn" : 1756460012633349690,
      "q" : "1.3",
      "p" : "0.90496",
      "s" : "sell",
      "i" : "ONDO_USD",
      "m" : "4611686018429581262"
    }, {
      "d" : "1756460012611953595",
      "t" : 1756460012611,
      "tn" : 1756460012611953595,
      "q" : "1.3",
      "p" : "0.90496",
      "s" : "sell",
      "i" : "ONDO_USD",
      "m" : "4611686018429581261"
    }, {
      "d" : "1756460012517509597",
      "t" : 1756460012517,
      "tn" : 1756460012517509597,
      "q" : "1.3",
      "p" : "0.90498",
      "s" : "sell",
      "i" : "ONDO_USD",
      "m" : "4611686018429581260"
    }, {
      "d" : "1756460012382654460",
      "t" : 1756460012382,
      "tn" : 1756460012382654460,
      "q" : "1.3",
      "p" : "0.90504",
      "s" : "sell",
      "i" : "ONDO_USD",
      "m" : "4611686018429581259"
    }, {
      "d" : "1756460012361012710",
      "t" : 1756460012361,
      "tn" : 1756460012361012710,
      "q" : "1.3",
      "p" : "0.90504",
      "s" : "sell",
      "i" : "ONDO_USD",
      "m" : "4611686018429581258"
    }, {
      "d" : "1756460012186729664",
      "t" : 1756460012186,
      "tn" : 1756460012186729664,
      "q" : "1.3",
      "p" : "0.90508",
      "s" : "sell",
      "i" : "ONDO_USD",
      "m" : "4611686018429581257"
    }, {
      "d" : "1756460012087109498",
      "t" : 1756460012087,
      "tn" : 1756460012087109498,
      "q" : "1.3",
      "p" : "0.90517",
      "s" : "sell",
      "i" : "ONDO_USD",
      "m" : "4611686018429581256"
    }, {
      "d" : "1756460011986729838",
      "t" : 1756460011986,
      "tn" : 1756460011986729838,
      "q" : "1.3",
      "p" : "0.90517",
      "s" : "sell",
      "i" : "ONDO_USD",
      "m" : "4611686018429581255"
    }, {
      "d" : "1756460011890090159",
      "t" : 1756460011890,
      "tn" : 1756460011890090159,
      "q" : "1.3",
      "p" : "0.90517",
      "s" : "sell",
      "i" : "ONDO_USD",
      "m" : "4611686018429581254"
    }, {
      "d" : "1756460011869877120",
      "t" : 1756460011869,
      "tn" : 1756460011869877120,
      "q" : "1.3",
      "p" : "0.90517",
      "s" : "sell",
      "i" : "ONDO_USD",
      "m" : "4611686018429581253"
    }, {
      "d" : "1756460011784752747",
      "t" : 1756460011784,
      "tn" : 1756460011784752747,
      "q" : "1.3",
      "p" : "0.90517",
      "s" : "sell",
      "i" : "ONDO_USD",
      "m" : "4611686018429581252"
    }, {
      "d" : "1756460011720055510",
      "t" : 1756460011720,
      "tn" : 1756460011720055510,
      "q" : "1.3",
      "p" : "0.90517",
      "s" : "sell",
      "i" : "ONDO_USD",
      "m" : "4611686018429581251"
    }, {
      "d" : "1756460011643287866",
      "t" : 1756460011643,
      "tn" : 1756460011643287866,
      "q" : "1.3",
      "p" : "0.90518",
      "s" : "sell",
      "i" : "ONDO_USD",
      "m" : "4611686018429581250"
    }, {
      "d" : "1756460011183604752",
      "t" : 1756460011183,
      "tn" : 1756460011183604752,
      "q" : "1.3",
      "p" : "0.90527",
      "s" : "sell",
      "i" : "ONDO_USD",
      "m" : "4611686018429581249"
    }, {
      "d" : "1756460011088501791",
      "t" : 1756460011088,
      "tn" : 1756460011088501791,
      "q" : "1.3",
      "p" : "0.90527",
      "s" : "sell",
      "i" : "ONDO_USD",
      "m" : "4611686018429581248"
    }, {
      "d" : "1756460010983336970",
      "t" : 1756460010983,
      "tn" : 1756460010983336970,
      "q" : "1.3",
      "p" : "0.90527",
      "s" : "sell",
      "i" : "ONDO_USD",
      "m" : "4611686018429581247"
    }, {
      "d" : "1756460010883189639",
      "t" : 1756460010883,
      "tn" : 1756460010883189639,
      "q" : "1.3",
      "p" : "0.90527",
      "s" : "sell",
      "i" : "ONDO_USD",
      "m" : "4611686018429581246"
    }, {
      "d" : "1756460010847890295",
      "t" : 1756460010847,
      "tn" : 1756460010847890295,
      "q" : "1.3",
      "p" : "0.90527",
      "s" : "sell",
      "i" : "ONDO_USD",
      "m" : "4611686018429581245"
    }, {
      "d" : "1756460010585897627",
      "t" : 1756460010585,
      "tn" : 1756460010585897627,
      "q" : "1.3",
      "p" : "0.90528",
      "s" : "sell",
      "i" : "ONDO_USD",
      "m" : "4611686018429581244"
    }, {
      "d" : "1756460010530858124",
      "t" : 1756460010530,
      "tn" : 1756460010530858124,
      "q" : "1.3",
      "p" : "0.90528",
      "s" : "sell",
      "i" : "ONDO_USD",
      "m" : "4611686018429581243"
    }, {
      "d" : "1756460010494293242",
      "t" : 1756460010494,
      "tn" : 1756460010494293242,
      "q" : "1.3",
      "p" : "0.90528",
      "s" : "sell",
      "i" : "ONDO_USD",
      "m" : "4611686018429581242"
    }, {
      "d" : "1756460010285523182",
      "t" : 1756460010285,
      "tn" : 1756460010285523182,
      "q" : "1.3",
      "p" : "0.90528",
      "s" : "sell",
      "i" : "ONDO_USD",
      "m" : "4611686018429581241"
    }, {
      "d" : "1756460010260767854",
      "t" : 1756460010260,
      "tn" : 1756460010260767854,
      "q" : "1.3",
      "p" : "0.90528",
      "s" : "sell",
      "i" : "ONDO_USD",
      "m" : "4611686018429581240"
    }, {
      "d" : "1756460010190509373",
      "t" : 1756460010190,
      "tn" : 1756460010190509373,
      "q" : "1.3",
      "p" : "0.90528",
      "s" : "sell",
      "i" : "ONDO_USD",
      "m" : "4611686018429581239"
    }, {
      "d" : "1756460010139027798",
      "t" : 1756460010139,
      "tn" : 1756460010139027798,
      "q" : "1.3",
      "p" : "0.90528",
      "s" : "sell",
      "i" : "ONDO_USD",
      "m" : "4611686018429581238"
    }, {
      "d" : "1756460003021589051",
      "t" : 1756460003021,
      "tn" : 1756460003021589051,
      "q" : "1.3",
      "p" : "0.90526",
      "s" : "sell",
      "i" : "ONDO_USD",
      "m" : "4611686018429581237"
    }, {
      "d" : "1756460002882418137",
      "t" : 1756460002882,
      "tn" : 1756460002882418137,
      "q" : "1.3",
      "p" : "0.90526",
      "s" : "sell",
      "i" : "ONDO_USD",
      "m" : "4611686018429581236"
    }, {
      "d" : "1756460002786837238",
      "t" : 1756460002786,
      "tn" : 1756460002786837238,
      "q" : "1.3",
      "p" : "0.90526",
      "s" : "sell",
      "i" : "ONDO_USD",
      "m" : "4611686018429581235"
    }, {
      "d" : "1756460002685537965",
      "t" : 1756460002685,
      "tn" : 1756460002685537965,
      "q" : "1.3",
      "p" : "0.90526",
      "s" : "sell",
      "i" : "ONDO_USD",
      "m" : "4611686018429581234"
    }, {
      "d" : "1756460002585396002",
      "t" : 1756460002585,
      "tn" : 1756460002585396002,
      "q" : "1.3",
      "p" : "0.90526",
      "s" : "sell",
      "i" : "ONDO_USD",
      "m" : "4611686018429581233"
    }, {
      "d" : "1756460002520333780",
      "t" : 1756460002520,
      "tn" : 1756460002520333780,
      "q" : "1.3",
      "p" : "0.90526",
      "s" : "sell",
      "i" : "ONDO_USD",
      "m" : "4611686018429581232"
    }, {
      "d" : "1756460002485306300",
      "t" : 1756460002485,
      "tn" : 1756460002485306300,
      "q" : "1.3",
      "p" : "0.90526",
      "s" : "sell",
      "i" : "ONDO_USD",
      "m" : "4611686018429581231"
    }, {
      "d" : "1756460002285427820",
      "t" : 1756460002285,
      "tn" : 1756460002285427820,
      "q" : "1.3",
      "p" : "0.90526",
      "s" : "sell",
      "i" : "ONDO_USD",
      "m" : "4611686018429581230"
    }, {
      "d" : "1756460002185290448",
      "t" : 1756460002185,
      "tn" : 1756460002185290448,
      "q" : "1.3",
      "p" : "0.90526",
      "s" : "sell",
      "i" : "ONDO_USD",
      "m" : "4611686018429581229"
    }, {
      "d" : "1756460002089326625",
      "t" : 1756460002089,
      "tn" : 1756460002089326625,
      "q" : "1.3",
      "p" : "0.90526",
      "s" : "sell",
      "i" : "ONDO_USD",
      "m" : "4611686018429581228"
    }, {
      "d" : "1756460001989273293",
      "t" : 1756460001989,
      "tn" : 1756460001989273293,
      "q" : "1.3",
      "p" : "0.90526",
      "s" : "sell",
      "i" : "ONDO_USD",
      "m" : "4611686018429581227"
    }, {
      "d" : "1756460001869922139",
      "t" : 1756460001869,
      "tn" : 1756460001869922139,
      "q" : "1.3",
      "p" : "0.90526",
      "s" : "sell",
      "i" : "ONDO_USD",
      "m" : "4611686018429581226"
    }, {
      "d" : "1756460001783480307",
      "t" : 1756460001783,
      "tn" : 1756460001783480307,
      "q" : "1.3",
      "p" : "0.90528",
      "s" : "sell",
      "i" : "ONDO_USD",
      "m" : "4611686018429581225"
    } ]
  }
}