{
  "id" : -1,
  "method" : "public/get-trades",
  "code" : 0,
  "result" : {
    "data" : [ {
      "d" : "1756461244606832660",
      "t" : 1756461244606,
      "tn" : 1756461244606832660,
      "q" : "1.3",
      "p" : "0.90806",
      "s" : "buy",
      "i" : "ONDO_USDT",
      "m" : "4611686018428047361"
    }, {
      "d" : "1756461193483084221",
      "t" : 1756461193483,
      "tn" : 1756461193483084221,
      "q" : "1.3",
      "p" : "0.90746",
      "s" : "buy",
      "i" : "ONDO_USDT",
      "m" : "4611686018428047360"
    }, {
      "d" : "1756461193443736529",
      "t" : 1756461193443,
      "tn" : 1756461193443736529,
      "q" : "1.3",
      "p" : "0.90746",
      "s" : "buy",
      "i" : "ONDO_USDT",
      "m" : "4611686018428047359"
    }, {
      "d" : "1756461193214733592",
      "t" : 1756461193214,
      "tn" : 1756461193214733592,
      "q" : "1.3",
      "p" : "0.90744",
      "s" : "sell",
      "i" : "ONDO_USDT",
      "m" : "4611686018428047358"
    }, {
      "d" : "1756461193213631726",
      "t" : 1756461193213,
      "tn" : 1756461193213631726,
      "q" : "1.3",
      "p" : "0.90744",
      "s" : "sell",
      "i" : "ONDO_USDT",
      "m" : "4611686018428047357"
    }, {
      "d" : "1756461193183598292",
      "t" : 1756461193183,
      "tn" : 1756461193183598292,
      "q" : "1.3",
      "p" : "0.90744",
      "s" : "sell",
      "i" : "ONDO_USDT",
      "m" : "4611686018428047356"
    }, {
      "d" : "1756461193083448528",
      "t" : 1756461193083,
      "tn" : 1756461193083448528,
      "q" : "1.3",
      "p" : "0.90744",
      "s" : "sell",
      "i" : "ONDO_USDT",
      "m" : "4611686018428047355"
    }, {
      "d" : "1756461192983339371",
      "t" : 1756461192983,
      "tn" : 1756461192983339371,
      "q" : "1.3",
      "p" : "0.90744",
      "s" : "sell",
      "i" : "ONDO_USDT",
      "m" : "4611686018428047354"
    }, {
      "d" : "1756461192883290107",
      "t" : 1756461192883,
      "tn" : 1756461192883290107,
      "q" : "1.3",
      "p" : "0.90744",
      "s" : "sell",
      "i" : "ONDO_USDT",
      "m" : "4611686018428047353"
    }, {
      "d" : "1756461192783152367",
      "t" : 1756461192783,
      "tn" : 1756461192783152367,
      "q" : "1.3",
      "p" : "0.90744",
      "s" : "sell",
      "i" : "ONDO_USDT",
      "m" : "4611686018428047352"
    }, {
      "d" : "1756461192737886197",
      "t" : 1756461192737,
      "tn" : 1756461192737886197,
      "q" : "1.3",
      "p" : "0.90744",
      "s" : "sell",
      "i" : "ONDO_USDT",
      "m" : "4611686018428047351"
    }, {
      "d" : "1756461192537814817",
      "t" : 1756461192537,
      "tn" : 1756461192537814817,
      "q" : "1.3",
      "p" : "0.90744",
      "s" : "sell",
      "i" : "ONDO_USDT",
      "m" : "4611686018428047350"
    }, {
      "d" : "1756461191450310415",
      "t" : 1756461191450,
      "tn" : 1756461191450310415,
      "q" : "1.3",
      "p" : "0.90764",
      "s" : "sell",
      "i" : "ONDO_USDT",
      "m" : "4611686018428047349"
    }, {
      "d" : "1756461191385635624",
      "t" : 1756461191385,
      "tn" : 1756461191385635624,
      "q" : "1.3",
      "p" : "0.90764",
      "s" : "sell",
      "i" : "ONDO_USDT",
      "m" : "4611686018428047348"
    }, {
      "d" : "1756461191284412396",
      "t" : 1756461191284,
      "tn" : 1756461191284412396,
      "q" : "1.3",
      "p" : "0.90764",
      "s" : "sell",
      "i" : "ONDO_USDT",
      "m" : "4611686018428047347"
    }, {
      "d" : "1756461191184283440",
      "t" : 1756461191184,
      "tn" : 1756461191184283440,
      "q" : "1.3",
      "p" : "0.90764",
      "s" : "sell",
      "i" : "ONDO_USDT",
      "m" : "4611686018428047346"
    }, {
      "d" : "1756461191084171636",
      "t" : 1756461191084,
      "tn" : 1756461191084171636,
      "q" : "1.3",
      "p" : "0.90764",
      "s" : "sell",
      "i" : "ONDO_USDT",
      "m" : "4611686018428047345"
    }, {
      "d" : "1756461191012022837",
      "t" : 1756461191012,
      "tn" : 1756461191012022837,
      "q" : "1.3",
      "p" : "0.90764",
      "s" : "sell",
      "i" : "ONDO_USDT",
      "m" : "4611686018428047344"
    }, {
      "d" : "1756461190518490377",
      "t" : 1756461190518,
      "tn" : 1756461190518490377,
      "q" : "1.3",
      "p" : "0.90774",
      "s" : "sell",
      "i" : "ONDO_USDT",
      "m" : "4611686018428047343"
    }, {
      "d" : "1756461190357855026",
      "t" : 1756461190357,
      "tn" : 1756461190357855026,
      "q" : "1.3",
      "p" : "0.90774",
      "s" : "sell",
      "i" : "ONDO_USDT",
      "m" : "4611686018428047342"
    }, {
      "d" : "1756461173084732628",
      "t" : 1756461173084,
      "tn" : 1756461173084732628,
      "q" : "1.3",
      "p" : "0.90732",
      "s" : "sell",
      "i" : "ONDO_USDT",
      "m" : "4611686018428047341"
    }, {
      "d" : "1756461172998412796",
      "t" : 1756461172998,
      "tn" : 1756461172998412796,
      "q" : "1.3",
      "p" : "0.90732",
      "s" : "sell",
      "i" : "ONDO_USDT",
      "m" : "4611686018428047340"
    }, {
      "d" : "1756461168585704144",
      "t" : 1756461168585,
      "tn" : 1756461168585704144,
      "q" : "1.3",
      "p" : "0.90732",
      "s" : "sell",
      "i" : "ONDO_USDT",
      "m" : "4611686018428047339"
    }, {
      "d" : "1756461168520628670",
      "t" : 1756461168520,
      "tn" : 1756461168520628670,
      "q" : "1.3",
      "p" : "0.90732",
      "s" : "sell",
      "i" : "ONDO_USDT",
      "m" : "4611686018428047338"
    }, {
      "d" : "1756461168485618476",
      "t" : 1756461168485,
      "tn" : 1756461168485618476,
      "q" : "1.3",
      "p" : "0.90732",
      "s" : "sell",
      "i" : "ONDO_USDT",
      "m" : "4611686018428047337"
    }, {
      "d" : "1756461168452435669",
      "t" : 1756461168452,
      "tn" : 1756461168452435669,
      "q" : "1.3",
      "p" : "0.90732",
      "s" : "sell",
      "i" : "ONDO_USDT",
      "m" : "4611686018428047336"
    }, {
      "d" : "1756461166480101334",
      "t" : 1756461166480,
      "tn" : 1756461166480101334,
      "q" : "1.3",
      "p" : "0.90744",
      "s" : "sell",
      "i" : "ONDO_USDT",
      "m" : "4611686018428047335"
    }, {
      "d" : "1756461145382992419",
      "t" : 1756461145382,
      "tn" : 1756461145382992419,
      "q" : "1.3",
      "p" : "0.90784",
      "s" : "sell",
      "i" : "ONDO_USDT",
      "m" : "4611686018428047334"
    }, {
      "d" : "1756461145317911307",
      "t" : 1756461145317,
      "tn" : 1756461145317911307,
      "q" : "1.3",
      "p" : "0.90784",
      "s" : "sell",
      "i" : "ONDO_USDT",
      "m" : "4611686018428047333"
    }, {
      "d" : "1756461145282241395",
      "t" : 1756461145282,
      "tn" : 1756461145282241395,
      "q" : "1.3",
      "p" : "0.90784",
      "s" : "sell",
      "i" : "ONDO_USDT",
      "m" : "4611686018428047332"
    }, {
      "d" : "1756461145182034707",
      "t" : 1756461145182,
      "tn" : 1756461145182034707,
      "q" : "1.3",
      "p" : "0.90784",
      "s" : "sell",
      "i" : "ONDO_USDT",
      "m" : "4611686018428047331"
    }, {
      "d" : "1756461145081958247",
      "t" : 1756461145081,
      "tn" : 1756461145081958247,
      "q" : "1.3",
      "p" : "0.90784",
      "s" : "sell",
      "i" : "ONDO_USDT",
      "m" : "4611686018428047330"
    }, {
      "d" : "1756461144981803704",
      "t" : 1756461144981,
      "tn" : 1756461144981803704,
      "q" : "1.3",
      "p" : "0.90784",
      "s" : "sell",
      "i" : "ONDO_USDT",
      "m" : "4611686018428047329"
    }, {
      "d" : "1756461144945296476",
      "t" : 1756461144945,
      "tn" : 1756461144945296476,
      "q" : "1.3",
      "p" : "0.90784",
      "s" : "sell",
      "i" : "ONDO_USDT",
      "m" : "4611686018428047328"
    }, {
      "d" : "1756461144809996731",
      "t" : 1756461144809,
      "tn" : 1756461144809996731,
      "q" : "1.3",
      "p" : "0.90784",
      "s" : "sell",
      "i" : "ONDO_USDT",
      "m" : "4611686018428047327"
    }, {
      "d" : "1756461144686062814",
      "t" : 1756461144686,
      "tn" : 1756461144686062814,
      "q" : "1.3",
      "p" : "0.90784",
      "s" : "sell",
      "i" : "ONDO_USDT",
      "m" : "4611686018428047326"
    }, {
      "d" : "1756461144585946599",
      "t" : 1756461144585,
      "tn" : 1756461144585946599,
      "q" : "1.3",
      "p" : "0.90784",
      "s" : "sell",
      "i" : "ONDO_USDT",
      "m" : "4611686018428047325"
    }, {
      "d" : "1756461144520854956",
      "t" : 1756461144520,
      "tn" : 1756461144520854956,
      "q" : "1.3",
      "p" : "0.90784",
      "s" : "sell",
      "i" : "ONDO_USDT",
      "m" : "4611686018428047324"
    }, {
      "d" : "1756461144485865832",
      "t" : 1756461144485,
      "tn" : 1756461144485865832,
      "q" : "1.3",
      "p" : "0.90784",
      "s" : "sell",
      "i" : "ONDO_USDT",
      "m" : "4611686018428047323"
    }, {
      "d" : "1756461144385710611",
      "t" : 1756461144385,
      "tn" : 1756461144385710611,
      "q" : "1.3",
      "p" : "0.90784",
      "s" : "sell",
      "i" : "ONDO_USDT",
      "m" : "4611686018428047322"
    }, {
      "d" : "1756461143984534131",
      "t" : 1756461143984,
      "tn" : 1756461143984534131,
      "q" : "1.3",
      "p" : "0.90784",
      "s" : "sell",
      "i" : "ONDO_USDT",
      "m" : "4611686018428047321"
    }, {
      "d" : "1756461143884482655",
      "t" : 1756461143884,
      "tn" : 1756461143884482655,
      "q" : "1.3",
      "p" : "0.90784",
      "s" : "sell",
      "i" : "ONDO_USDT",
      "m" : "4611686018428047320"
    }, {
      "d" : "1756461143548921129",
      "t" : 1756461143548,
      "tn" : 1756461143548921129,
      "q" : "1.3",
      "p" : "0.90784",
      "s" : "sell",
      "i" : "ONDO_USDT",
      "m" : "4611686018428047319"
    }, {
      "d" : "1756461143423595624",
      "t" : 1756461143423,
      "tn" : 1756461143423595624,
      "q" : "1.3",
      "p" : "0.90784",
      "s" : "sell",
      "i" : "ONDO_USDT",
      "m" : "4611686018428047318"
    }, {
      "d" : "1756461143383376246",
      "t" : 1756461143383,
      "tn" : 1756461143383376246,
      "q" : "1.3",
      "p" : "0.90784",
      "s" : "sell",
      "i" : "ONDO_USDT",
      "m" : "4611686018428047317"
    }, {
      "d" : "1756461143376700139",
      "t" : 1756461143376,
      "tn" : 1756461143376700139,
      "q" : "1.3",
      "p" : "0.90784",
      "s" : "sell",
      "i" : "ONDO_USDT",
      "m" : "4611686018428047316"
    }, {
      "d" : "1756461142581990105",
      "t" : 1756461142581,
      "tn" : 1756461142581990105,
      "q" : "1.3",
      "p" : "0.90784",
      "s" : "sell",
      "i" : "ONDO_USDT",
      "m" : "4611686018428047315"
    }, {
      "d" : "1756461142486410990",
      "t" : 1756461142486,
      "tn" : 1756461142486410990,
      "q" : "1.3",
      "p" : "0.90784",
      "s" : "sell",
      "i" : "ONDO_USDT",
      "m" : "4611686018428047314"
    }, {
      "d" : "1756461142386283246",
      "t" : 1756461142386,
      "tn" : 1756461142386283246,
      "q" : "1.3",
      "p" : "0.90784",
      "s" : "sell",
      "i" : "ONDO_USDT",
      "m" : "4611686018428047313"
    }, {
      "d" : "1756461142341189390",
      "t" : 1756461142341,
      "tn" : 1756461142341189390,
      "q" : "1.3",
      "p" : "0.90784",
      "s" : "sell",
      "i" : "ONDO_USDT",
      "m" : "4611686018428047312"
    }, {
      "d" : "1756461141989899417",
      "t" : 1756461141989,
      "tn" : 1756461141989899417,
      "q" : "1.3",
      "p" : "0.90784",
      "s" : "sell",
      "i" : "ONDO_USDT",
      "m" : "4611686018428047311"
    }, {
      "d" : "1756461141140940953",
      "t" : 1756461141140,
      "tn" : 1756461141140940953,
      "q" : "1.3",
      "p" : "0.90804",
      "s" : "sell",
      "i" : "ONDO_USDT",
      "m" : "4611686018428047310"
    }, {
      "d" : "1756461141138199191",
      "t" : 1756461141138,
      "tn" : 1756461141138199191,
      "q" : "1.3",
      "p" : "0.90804",
      "s" : "sell",
      "i" : "ONDO_USDT",
      "m" : "4611686018428047309"
    }, {
      "d" : "1756461141136037201",
      "t" : 1756461141136,
      "tn" : 1756461141136037201,
      "q" : "1.3",
      "p" : "0.90804",
      "s" : "sell",
      "i" : "ONDO_USDT",
      "m" : "4611686018428047308"
    }, {
      "d" : "1756461140967279262",
      "t" : 1756461140967,
      "tn" : 1756461140967279262,
      "q" : "1.3",
      "p" : "0.90804",
      "s" : "sell",
      "i" : "ONDO_USDT",
      "m" : "4611686018428047307"
    }, {
      "d" : "1756461140286088710",
      "t" : 1756461140286,
      "tn" : 1756461140286088710,
      "q" : "1.3",
      "p" : "0.90804",
      "s" : "sell",
      "i" : "ONDO_USDT",
      "m" : "4611686018428047306"
    }, {
      "d" : "1756461140238557745",
      "t" : 1756461140238,
      "tn" : 1756461140238557745,
      "q" : "1.3",
      "p" : "0.90804",
      "s" : "sell",
      "i" : "ONDO_USDT",
      "m" : "4611686018428047305"
    }, {
      "d" : "1756461140185976878",
      "t" : 1756461140185,
      "tn" : 1756461140185976878,
      "q" : "1.3",
      "p" : "0.90804",
      "s" : "sell",
      "i" : "ONDO_USDT",
      "m" : "4611686018428047304"
    }, {
      "d" : "1756461140088256297",
      "t" : 1756461140088,
      "tn" : 1756461140088256297,
      "q" : "1.3",
      "p" : "0.90804",
      "s" : "sell",
      "i" : "ONDO_USDT",
      "m" : "4611686018428047303"
    }, {
      "d" : "1756461139988143051",
      "t" : 1756461139988,
      "tn" : 1756461139988143051,
      "q" : "1.3",
      "p" : "0.90804",
      "s" : "sell",
      "i" : "ONDO_USDT",
      "m" : "4611686018428047302"
    }, {
      "d" : "1756461139903116774",
      "t" : 1756461139903,
      "tn" : 1756461139903116774,
      "q" : "1.3",
      "p" : "0.90804",
      "s" : "sell",
      "i" : "ONDO_USDT",
      "m" : "4611686018428047301"
    }, {
      "d" : "1756461139827239014",
      "t" : 1756461139827,
      "tn" : 1756461139827239014,
      "q" : "1.3",
      "p" : "0.90804",
      "s" : "sell",
      "i" : "ONDO_USDT",
      "m" : "4611686018428047300"
    }, {
      "d" : "1756461139826384874",
      "t" : 1756461139826,
      "tn" : 1756461139826384874,
      "q" : "1.3",
      "p" : "0.90804",
      "s" : "sell",
      "i" : "ONDO_USDT",
      "m" : "4611686018428047299"
    }, {
      "d" : "1756461139825467973",
      "t" : 1756461139825,
      "tn" : 1756461139825467973,
      "q" : "1.3",
      "p" : "0.90804",
      "s" : "sell",
      "i" : "ONDO_USDT",
      "m" : "4611686018428047298"
    }, {
      "d" : "1756461139788127292",
      "t" : 1756461139788,
      "tn" : 1756461139788127292,
      "q" : "1.3",
      "p" : "0.90804",
      "s" : "sell",
      "i" : "ONDO_USDT",
      "m" : "4611686018428047297"
    }, {
      "d" : "1756461139584901669",
      "t" : 1756461139584,
      "tn" : 1756461139584901669,
      "q" : "1.3",
      "p" : "0.90804",
      "s" : "sell",
      "i" : "ONDO_USDT",
      "m" : "4611686018428047296"
    }, {
      "d" : "1756461139519846986",
      "t" : 1756461139519,
      "tn" : 1756461139519846986,
      "q" : "1.3",
      "p" : "0.90804",
      "s" : "sell",
      "i" : "ONDO_USDT",
      "m" : "4611686018428047295"
    }, {
      "d" : "1756461139484799670",
      "t" : 1756461139484,
      "tn" : 1756461139484799670,
      "q" : "1.3",
      "p" : "0.90804",
      "s" : "sell",
      "i" : "ONDO_USDT",
      "m" : "4611686018428047294"
    }, {
      "d" : "1756461139384672785",
      "t" : 1756461139384,
      "tn" : 1756461139384672785,
      "q" : "1.3",
      "p" : "0.90804",
      "s" : "sell",
      "i" : "ONDO_USDT",
      "m" : "4611686018428047293"
    }, {
      "d" : "1756461139334609731",
      "t" : 1756461139334,
      "tn" : 1756461139334609731,
      "q" : "1.3",
      "p" : "0.90804",
      "s" : "sell",
      "i" : "ONDO_USDT",
      "m" : "4611686018428047292"
    }, {
      "d" : "1756461139283907927",
      "t" : 1756461139283,
      "tn" : 1756461139283907927,
      "q" : "1.3",
      "p" : "0.90804",
      "s" : "sell",
      "i" : "ONDO_USDT",
      "m" : "4611686018428047291"
    }, {
      "d" : "1756461139183838357",
      "t" : 1756461139183,
      "tn" : 1756461139183838357,
      "q" : "1.3",
      "p" : "0.90804",
      "s" : "sell",
      "i" : "ONDO_USDT",
      "m" : "4611686018428047290"
    }, {
      "d" : "1756461139083740173",
      "t" : 1756461139083,
      "tn" : 1756461139083740173,
      "q" : "1.3",
      "p" : "0.90804",
      "s" : "sell",
      "i" : "ONDO_USDT",
      "m" : "4611686018428047289"
    }, {
      "d" : "1756461138983635164",
      "t" : 1756461138983,
      "tn" : 1756461138983635164,
      "q" : "1.3",
      "p" : "0.90804",
      "s" : "sell",
      "i" : "ONDO_USDT",
      "m" : "4611686018428047288"
    }, {
      "d" : "1756461138905402182",
      "t" : 1756461138905,
      "tn" : 1756461138905402182,
      "q" : "1.3",
      "p" : "0.90804",
      "s" : "sell",
      "i" : "ONDO_USDT",
      "m" : "4611686018428047287"
    }, {
      "d" : "1756461138798459558",
      "t" : 1756461138798,
      "tn" : 1756461138798459558,
      "q" : "1.3",
      "p" : "0.90804",
      "s" : "sell",
      "i" : "ONDO_USDT",
      "m" : "4611686018428047286"
    }, {
      "d" : "1756461138788447363",
      "t" : 1756461138788,
      "tn" : 1756461138788447363,
      "q" : "1.3",
      "p" : "0.90804",
      "s" : "sell",
      "i" : "ONDO_USDT",
      "m" : "4611686018428047285"
    }, {
      "d" : "1756461138682995009",
      "t" : 1756461138682,
      "tn" : 1756461138682995009,
      "q" : "1.3",
      "p" : "0.90804",
      "s" : "sell",
      "i" : "ONDO_USDT",
      "m" : "4611686018428047284"
    }, {
      "d" : "1756461138582271329",
      "t" : 1756461138582,
      "tn" : 1756461138582271329,
      "q" : "1.3",
      "p" : "0.90804",
      "s" : "sell",
      "i" : "ONDO_USDT",
      "m" : "4611686018428047283"
    }, {
      "d" : "1756460944841375279",
      "t" : 1756460944841,
      "tn" : 1756460944841375279,
      "q" : "1.3",
      "p" : "0.90906",
      "s" : "buy",
      "i" : "ONDO_USDT",
      "m" : "4611686018428047282"
    }, {
      "d" : "1756460929361821485",
      "t" : 1756460929361,
      "tn" : 1756460929361821485,
      "q" : "1.3",
      "p" : "0.90914",
      "s" : "sell",
      "i" : "ONDO_USDT",
      "m" : "4611686018428047281"
    }, {
      "d" : "1756460929208602546",
      "t" : 1756460929208,
      "tn" : 1756460929208602546,
      "q" : "1.3",
      "p" : "0.90924",
      "s" : "sell",
      "i" : "ONDO_USDT",
      "m" : "4611686018428047280"
    }, {
      "d" : "1756460807611329847",
      "t" : 1756460807611,
      "tn" : 1756460807611329847,
      "q" : "1.3",
      "p" : "0.90754",
      "s" : "sell",
      "i" : "ONDO_USDT",
      "m" : "4611686018428047279"
    }, {
      "d" : "1756460429984741601",
      "t" : 1756460429984,
      "tn" : 1756460429984741601,
      "q" : "1.3",
      "p" : "0.90454",
      "s" : "sell",
      "i" : "ONDO_USDT",
      "m" : "4611686018428047278"
    }, {
      "d" : "1756460429949729347",
      "t" : 1756460429949,
      "tn" : 1756460429949729347,
      "q" : "1.3",
      "p" : "0.90454",
      "s" : "sell",
      "i" : "ONDO_USDT",
      "m" : "4611686018428047277"
    }, {
      "d" : "1756460429684074725",
      "t" : 1756460429684,
      "tn" : 1756460429684074725,
      "q" : "1.3",
      "p" : "0.90454",
      "s" : "sell",
      "i" : "ONDO_USDT",
      "m" : "4611686018428047276"
    }, {
      "d" : "1756460429607912242",
      "t" : 1756460429607,
      "tn" : 1756460429607912242,
      "q" : "1.3",
      "p" : "0.90454",
      "s" : "sell",
      "i" : "ONDO_USDT",
      "m" : "4611686018428047275"
    }, {
      "d" : "1756460425812905294",
      "t" : 1756460425812,
      "tn" : 1756460425812905294,
      "q" : "1.3",
      "p" : "0.90464",
      "s" : "sell",
      "i" : "ONDO_USDT",
      "m" : "4611686018428047274"
    }, {
      "d" : "1756460425685535267",
      "t" : 1756460425685,
      "tn" : 1756460425685535267,
      "q" : "1.3",
      "p" : "0.90464",
      "s" : "sell",
      "i" : "ONDO_USDT",
      "m" : "4611686018428047273"
    }, {
      "d" : "1756460425611273115",
      "t" : 1756460425611,
      "tn" : 1756460425611273115,
      "q" : "1.3",
      "p" : "0.90464",
      "s" : "sell",
      "i" : "ONDO_USDT",
      "m" : "4611686018428047272"
    }, {
      "d" : "1756460419292578836",
      "t" : 1756460419292,
      "tn" : 1756460419292578836,
      "q" : "1.3",
      "p" : "0.90504",
      "s" : "sell",
      "i" : "ONDO_USDT",
      "m" : "4611686018428047271"
    }, {
      "d" : "1756460415964407497",
      "t" : 1756460415964,
      "tn" : 1756460415964407497,
      "q" : "17.3",
      "p" : "0.90526",
      "s" : "sell",
      "i" : "ONDO_USDT",
      "m" : "4611686018428047270"
    }, {
      "d" : "1756460415962062964",
      "t" : 1756460415962,
      "tn" : 1756460415962062964,
      "q" : "1.3",
      "p" : "0.90506",
      "s" : "buy",
      "i" : "ONDO_USDT",
      "m" : "4611686018428047269"
    }, {
      "d" : "1756460402053404711",
      "t" : 1756460402053,
      "tn" : 1756460402053404711,
      "q" : "1.3",
      "p" : "0.90466",
      "s" : "buy",
      "i" : "ONDO_USDT",
      "m" : "4611686018428047268"
    }, {
      "d" : "1756460392053858375",
      "t" : 1756460392053,
      "tn" : 1756460392053858375,
      "q" : "1.3",
      "p" : "0.90466",
      "s" : "buy",
      "i" : "ONDO_USDT",
      "m" : "4611686018428047267"
    }, {
      "d" : "1756460360996345891",
      "t" : 1756460360996,
      "tn" : 1756460360996345891,
      "q" : "1.3",
      "p" : "0.90394",
      "s" : "sell",
      "i" : "ONDO_USDT",
      "m" : "4611686018428047266"
    }, {
      "d" : "1756460360786047645",
      "t" : 1756460360786,
      "tn" : 1756460360786047645,
      "q" : "1.3",
      "p" : "0.90394",
      "s" : "sell",
      "i" : "ONDO_USDT",
      "m" : "4611686018428047265"
    }, {
      "d" : "1756460360756023664",
      "t" : 1756460360756,
      "tn" : 1756460360756023664,
      "q" : "1.3",
      "p" : "0.90394",
      "s" : "sell",
      "i" : "ONDO_USDT",
      "m" : "4611686018428047264"
    }, {
      "d" : "1756460360520689406",
      "t" : 1756460360520,
      "tn" : 1756460360520689406,
      "q" : "1.3",
      "p" : "0.90394",
      "s" : "sell",
      "i" : "ONDO_USDT",
      "m" : "4611686018428047263"
    }, {
      "d" : "1756460360485651632",
      "t" : 1756460360485,
      "tn" : 1756460360485651632,
      "q" : "1.3",
      "p" : "0.90394",
      "s" : "sell",
      "i" : "ONDO_USDT",
      "m" : "4611686018428047262"
    }, {
      "d" : "1756460360425533532",
      "t" : 1756460360425,
      "tn" : 1756460360425533532,
      "q" : "1.3",
      "p" : "0.90394",
      "s" : "sell",
      "i" : "ONDO_USDT",
      "m" : "4611686018428047261"
    }, {
      "d" : "1756460360284682933",
      "t" : 1756460360284,
      "tn" : 1756460360284682933,
      "q" : "1.3",
      "p" : "0.90394",
      "s" : "sell",
      "i" : "ONDO_USDT",
      "m" : "4611686018428047260"
    }, {
      "d" : "1756460360239624395",
      "t" : 1756460360239,
      "tn" : 1756460360239624395,
      "q" : "1.3",
      "p" : "0.90394",
      "s" : "sell",
      "i" : "ONDO_USDT",
      "m" : "4611686018428047259"
    }, {
      "d" : "1756460360203969854",
      "t" : 1756460360203,
      "tn" : 1756460360203969854,
      "q" : "1.3",
      "p" : "0.90394",
      "s" : "sell",
      "i" : "ONDO_USDT",
      "m" : "4611686018428047258"
    }, {
      "d" : "1756460360084477815",
      "t" : 1756460360084,
      "tn" : 1756460360084477815,
      "q" : "1.3",
      "p" : "0.90394",
      "s" : "sell",
      "i" : "ONDO_USDT",
      "m" : "4611686018428047257"
    }, {
      "d" : "1756460360029398441",
      "t" : 1756460360029,
      "tn" : 1756460360029398441,
      "q" : "1.3",
      "p" : "0.90394",
      "s" : "sell",
      "i" : "ONDO_USDT",
      "m" : "4611686018428047256"
    }, {
      "d" : "1756460360019596928",
      "t" : 1756460360019,
      "tn" : 1756460360019596928,
      "q" : "1.3",
      "p" : "0.90394",
      "s" : "sell",
      "i" : "ONDO_USDT",
      "m" : "4611686018428047255"
    }, {
      "d" : "1756460360010597342",
      "t" : 1756460360010,
      "tn" : 1756460360010597342,
      "q" : "1.3",
      "p" : "0.90394",
      "s" : "sell",
      "i" : "ONDO_USDT",
      "m" : "4611686018428047254"
    }, {
      "d" : "1756460356281476445",
      "t" : 1756460356281,
      "tn" : 1756460356281476445,
      "q" : "1.3",
      "p" : "0.90414",
      "s" : "sell",
      "i" : "ONDO_USDT",
      "m" : "4611686018428047253"
    }, {
      "d" : "1756460356226462165",
      "t" : 1756460356226,
      "tn" : 1756460356226462165,
      "q" : "1.3",
      "p" : "0.90414",
      "s" : "sell",
      "i" : "ONDO_USDT",
      "m" : "4611686018428047252"
    }, {
      "d" : "1756460356181432162",
      "t" : 1756460356181,
      "tn" : 1756460356181432162,
      "q" : "1.3",
      "p" : "0.90414",
      "s" : "sell",
      "i" : "ONDO_USDT",
      "m" : "4611686018428047251"
    }, {
      "d" : "1756460356126339309",
      "t" : 1756460356126,
      "tn" : 1756460356126339309,
      "q" : "1.3",
      "p" : "0.90414",
      "s" : "sell",
      "i" : "ONDO_USDT",
      "m" : "4611686018428047250"
    }, {
      "d" : "1756460356086320655",
      "t" : 1756460356086,
      "tn" : 1756460356086320655,
      "q" : "1.3",
      "p" : "0.90414",
      "s" : "sell",
      "i" : "ONDO_USDT",
      "m" : "4611686018428047249"
    }, {
      "d" : "1756460356063024865",
      "t" : 1756460356063,
      "tn" : 1756460356063024865,
      "q" : "1.3",
      "p" : "0.90414",
      "s" : "sell",
      "i" : "ONDO_USDT",
      "m" : "4611686018428047248"
    }, {
      "d" : "1756460355986215517",
      "t" : 1756460355986,
      "tn" : 1756460355986215517,
      "q" : "1.3",
      "p" : "0.90414",
      "s" : "sell",
      "i" : "ONDO_USDT",
      "m" : "4611686018428047247"
    }, {
      "d" : "1756460355936156477",
      "t" : 1756460355936,
      "tn" : 1756460355936156477,
      "q" : "1.3",
      "p" : "0.90414",
      "s" : "sell",
      "i" : "ONDO_USDT",
      "m" : "4611686018428047246"
    }, {
      "d" : "1756460355685673595",
      "t" : 1756460355685,
      "tn" : 1756460355685673595,
      "q" : "1.3",
      "p" : "0.90414",
      "s" : "sell",
      "i" : "ONDO_USDT",
      "m" : "4611686018428047245"
    }, {
      "d" : "1756460355650645272",
      "t" : 1756460355650,
      "tn" : 1756460355650645272,
      "q" : "1.3",
      "p" : "0.90414",
      "s" : "sell",
      "i" : "ONDO_USDT",
      "m" : "4611686018428047244"
    }, {
      "d" : "1756460355585574303",
      "t" : 1756460355585,
      "tn" : 1756460355585574303,
      "q" : "1.3",
      "p" : "0.90414",
      "s" : "sell",
      "i" : "ONDO_USDT",
      "m" : "4611686018428047243"
    }, {
      "d" : "1756460355520564392",
      "t" : 1756460355520,
      "tn" : 1756460355520564392,
      "q" : "1.3",
      "p" : "0.90414",
      "s" : "sell",
      "i" : "ONDO_USDT",
      "m" : "4611686018428047242"
    }, {
      "d" : "1756460355485481603",
      "t" : 1756460355485,
      "tn" : 1756460355485481603,
      "q" : "1.3",
      "p" : "0.90414",
      "s" : "sell",
      "i" : "ONDO_USDT",
      "m" : "4611686018428047241"
    }, {
      "d" : "1756460355465475420",
      "t" : 1756460355465,
      "tn" : 1756460355465475420,
      "q" : "1.3",
      "p" : "0.90414",
      "s" : "sell",
      "i" : "ONDO_USDT",
      "m" : "4611686018428047240"
    }, {
      "d" : "1756460355385283935",
      "t" : 1756460355385,
      "tn" : 1756460355385283935,
      "q" : "1.3",
      "p" : "0.90414",
      "s" : "sell",
      "i" : "ONDO_USDT",
      "m" : "4611686018428047239"
    }, {
      "d" : "1756460355284436692",
      "t" : 1756460355284,
      "tn" : 1756460355284436692,
      "q" : "1.3",
      "p" : "0.90414",
      "s" : "sell",
      "i" : "ONDO_USDT",
      "m" : "4611686018428047238"
    }, {
      "d" : "1756460355278121228",
      "t" : 1756460355278,
      "tn" : 1756460355278121228,
      "q" : "1.3",
      "p" : "0.90414",
      "s" : "sell",
      "i" : "ONDO_USDT",
      "m" : "4611686018428047237"
    }, {
      "d" : "1756460354383184355",
      "t" : 1756460354383,
      "tn" : 1756460354383184355,
      "q" : "1.3",
      "p" : "0.90414",
      "s" : "sell",
      "i" : "ONDO_USDT",
      "m" : "4611686018428047236"
    }, {
      "d" : "1756460354303099912",
      "t" : 1756460354303,
      "tn" : 1756460354303099912,
      "q" : "1.3",
      "p" : "0.90414",
      "s" : "sell",
      "i" : "ONDO_USDT",
      "m" : "4611686018428047235"
    }, {
      "d" : "1756460354282422976",
      "t" : 1756460354282,
      "tn" : 1756460354282422976,
      "q" : "1.3",
      "p" : "0.90414",
      "s" : "sell",
      "i" : "ONDO_USDT",
      "m" : "4611686018428047234"
    }, {
      "d" : "1756460354182405807",
      "t" : 1756460354182,
      "tn" : 1756460354182405807,
      "q" : "1.3",
      "p" : "0.90414",
      "s" : "sell",
      "i" : "ONDO_USDT",
      "m" : "4611686018428047233"
    }, {
      "d" : "1756460354097189718",
      "t" : 1756460354097,
      "tn" : 1756460354097189718,
      "q" : "1.3",
      "p" : "0.90414",
      "s" : "sell",
      "i" : "ONDO_USDT",
      "m" : "4611686018428047232"
    }, {
      "d" : "1756460354082193543",
      "t" : 1756460354082,
      "tn" : 1756460354082193543,
      "q" : "1.3",
      "p" : "0.90414",
      "s" : "sell",
      "i" : "ONDO_USDT",
      "m" : "4611686018428047231"
    }, {
      "d" : "1756460353993424334",
      "t" : 1756460353993,
      "tn" : 1756460353993424334,
      "q" : "1.3",
      "p" : "0.90414",
      "s" : "sell",
      "i" : "ONDO_USDT",
      "m" : "4611686018428047230"
    }, {
      "d" : "1756460353739544127",
      "t" : 1756460353739,
      "tn" : 1756460353739544127,
      "q" : "1.3",
      "p" : "0.90414",
      "s" : "sell",
      "i" : "ONDO_USDT",
      "m" : "4611686018428047229"
    }, {
      "d" : "1756460353676687962",
      "t" : 1756460353676,
      "tn" : 1756460353676687962,
      "q" : "1.3",
      "p" : "0.90414",
      "s" : "sell",
      "i" : "ONDO_USDT",
      "m" : "4611686018428047228"
    }, {
      "d" : "1756460353597955232",
      "t" : 1756460353597,
      "tn" : 1756460353597955232,
      "q" : "1.3",
      "p" : "0.90414",
      "s" : "sell",
      "i" : "ONDO_USDT",
      "m" : "4611686018428047227"
    }, {
      "d" : "1756460353185452877",
      "t" : 1756460353185,
      "tn" : 1756460353185452877,
      "q" : "1.3",
      "p" : "0.90414",
      "s" : "sell",
      "i" : "ONDO_USDT",
      "m" : "4611686018428047226"
    }, {
      "d" : "1756460353085329109",
      "t" : 1756460353085,
      "tn" : 1756460353085329109,
      "q" : "1.3",
      "p" : "0.90414",
      "s" : "sell",
      "i" : "ONDO_USDT",
      "m" : "4611686018428047225"
    }, {
      "d" : "1756460352784981259",
      "t" : 1756460352784,
      "tn" : 1756460352784981259,
      "q" : "1.3",
      "p" : "0.90414",
      "s" : "sell",
      "i" : "ONDO_USDT",
      "m" : "4611686018428047224"
    }, {
      "d" : "1756460352684683222",
      "t" : 1756460352684,
      "tn" : 1756460352684683222,
      "q" : "1.3",
      "p" : "0.90414",
      "s" : "sell",
      "i" : "ONDO_USDT",
      "m" : "4611686018428047223"
    }, {
      "d" : "1756460352674693974",
      "t" : 1756460352674,
      "tn" : 1756460352674693974,
      "q" : "1.3",
      "p" : "0.90414",
      "s" : "sell",
      "i" : "ONDO_USDT",
      "m" : "4611686018428047222"
    }, {
      "d" : "1756460352584609717",
      "t" : 1756460352584,
      "tn" : 1756460352584609717,
      "q" : "1.3",
      "p" : "0.90414",
      "s" : "sell",
      "i" : "ONDO_USDT",
      "m" : "4611686018428047221"
    }, {
      "d" : "1756460352519558813",
      "t" : 1756460352519,
      "tn" : 1756460352519558813,
      "q" : "1.3",
      "p" : "0.90414",
      "s" : "sell",
      "i" : "ONDO_USDT",
      "m" : "4611686018428047220"
    }, {
      "d" : "1756460352384375797",
      "t" : 1756460352384,
      "tn" : 1756460352384375797,
      "q" : "1.3",
      "p" : "0.90414",
      "s" : "sell",
      "i" : "ONDO_USDT",
      "m" : "4611686018428047219"
    }, {
      "d" : "1756460352283587834",
      "t" : 1756460352283,
      "tn" : 1756460352283587834,
      "q" : "1.3",
      "p" : "0.90414",
      "s" : "sell",
      "i" : "ONDO_USDT",
      "m" : "4611686018428047218"
    }, {
      "d" : "1756460352223527532",
      "t" : 1756460352223,
      "tn" : 1756460352223527532,
      "q" : "1.3",
      "p" : "0.90414",
      "s" : "sell",
      "i" : "ONDO_USDT",
      "m" : "4611686018428047217"
    }, {
      "d" : "1756460352083362767",
      "t" : 1756460352083,
      "tn" : 1756460352083362767,
      "q" : "1.3",
      "p" : "0.90414",
      "s" : "sell",
      "i" : "ONDO_USDT",
      "m" : "4611686018428047216"
    }, {
      "d" : "1756460352028619539",
      "t" : 1756460352028,
      "tn" : 1756460352028619539,
      "q" : "1.3",
      "p" : "0.90414",
      "s" : "sell",
      "i" : "ONDO_USDT",
      "m" : "4611686018428047215"
    }, {
      "d" : "1756460351782954383",
      "t" : 1756460351782,
      "tn" : 1756460351782954383,
      "q" : "1.3",
      "p" : "0.90414",
      "s" : "sell",
      "i" : "ONDO_USDT",
      "m" : "4611686018428047214"
    }, {
      "d" : "1756460351719978750",
      "t" : 1756460351719,
      "tn" : 1756460351719978750,
      "q" : "1.3",
      "p" : "0.90414",
      "s" : "sell",
      "i" : "ONDO_USDT",
      "m" : "4611686018428047213"
    }, {
      "d" : "1756460351682625739",
      "t" : 1756460351682,
      "tn" : 1756460351682625739,
      "q" : "1.3",
      "p" : "0.90414",
      "s" : "sell",
      "i" : "ONDO_USDT",
      "m" : "4611686018428047212"
    } ]
  }
}