{
  "id" : -1,
  "method" : "public/get-trades",
  "code" : 0,
  "result" : {
    "data" : [ {
      "d" : "1756461975243725643",
      "t" : 1756461975243,
      "tn" : 1756461975243725643,
      "q" : "10",
      "p" : "0.91143",
      "s" : "buy",
      "i" : "ONDOUSD-PERP",
      "m" : "4611686018430429137"
    }, {
      "d" : "1756461975243723285",
      "t" : 1756461975243,
      "tn" : 1756461975243723285,
      "q" : "10",
      "p" : "0.91142",
      "s" : "buy",
      "i" : "ONDOUSD-PERP",
      "m" : "4611686018430429136"
    }, {
      "d" : "1756461970856633990",
      "t" : 1756461970856,
      "tn" : 1756461970856633990,
      "q" : "10",
      "p" : "0.91114",
      "s" : "buy",
      "i" : "ONDOUSD-PERP",
      "m" : "4611686018430429135"
    }, {
      "d" : "1756461966716478609",
      "t" : 1756461966716,
      "tn" : 1756461966716478609,
      "q" : "10",
      "p" : "0.91107",
      "s" : "buy",
      "i" : "ONDOUSD-PERP",
      "m" : "4611686018430429134"
    }, {
      "d" : "1756461966475412360",
      "t" : 1756461966475,
      "tn" : 1756461966475412360,
      "q" : "10",
      "p" : "0.91083",
      "s" : "sell",
      "i" : "ONDOUSD-PERP",
      "m" : "4611686018430429133"
    }, {
      "d" : "1756461965779877181",
      "t" : 1756461965779,
      "tn" : 1756461965779877181,
      "q" : "160",
      "p" : "0.91054",
      "s" : "buy",
      "i" : "ONDOUSD-PERP",
      "m" : "4611686018430429132"
    }, {
      "d" : "1756461940916698325",
      "t" : 1756461940916,
      "tn" : 1756461940916698325,
      "q" : "10",
      "p" : "0.91151",
      "s" : "sell",
      "i" : "ONDOUSD-PERP",
      "m" : "4611686018430429131"
    }, {
      "d" : "1756461939666720237",
      "t" : 1756461939666,
      "tn" : 1756461939666720237,
      "q" : "10",
      "p" : "0.91112",
      "s" : "buy",
      "i" : "ONDOUSD-PERP",
      "m" : "4611686018430429130"
    }, {
      "d" : "1756461932699980587",
      "t" : 1756461932699,
      "tn" : 1756461932699980587,
      "q" : "10",
      "p" : "0.91131",
      "s" : "sell",
      "i" : "ONDOUSD-PERP",
      "m" : "4611686018430429129"
    }, {
      "d" : "1756461931692211704",
      "t" : 1756461931692,
      "tn" : 1756461931692211704,
      "q" : "10",
      "p" : "0.91122",
      "s" : "buy",
      "i" : "ONDOUSD-PERP",
      "m" : "4611686018430429128"
    }, {
      "d" : "1756461929241935561",
      "t" : 1756461929241,
      "tn" : 1756461929241935561,
      "q" : "10",
      "p" : "0.91128",
      "s" : "sell",
      "i" : "ONDOUSD-PERP",
      "m" : "4611686018430429127"
    }, {
      "d" : "1756461927184228009",
      "t" : 1756461927184,
      "tn" : 1756461927184228009,
      "q" : "10",
      "p" : "0.91112",
      "s" : "buy",
      "i" : "ONDOUSD-PERP",
      "m" : "4611686018430429126"
    }, {
      "d" : "1756461917388079094",
      "t" : 1756461917388,
      "tn" : 1756461917388079094,
      "q" : "10",
      "p" : "0.91094",
      "s" : "buy",
      "i" : "ONDOUSD-PERP",
      "m" : "4611686018430429125"
    }, {
      "d" : "1756461915087340581",
      "t" : 1756461915087,
      "tn" : 1756461915087340581,
      "q" : "10",
      "p" : "0.91076",
      "s" : "buy",
      "i" : "ONDOUSD-PERP",
      "m" : "4611686018430429124"
    }, {
      "d" : "1756461909808519595",
      "t" : 1756461909808,
      "tn" : 1756461909808519595,
      "q" : "10",
      "p" : "0.91058",
      "s" : "buy",
      "i" : "ONDOUSD-PERP",
      "m" : "4611686018430429123"
    }, {
      "d" : "1756461906313257250",
      "t" : 1756461906313,
      "tn" : 1756461906313257250,
      "q" : "160",
      "p" : "0.91075",
      "s" : "sell",
      "i" : "ONDOUSD-PERP",
      "m" : "4611686018430429122"
    }, {
      "d" : "1756461904684268221",
      "t" : 1756461904684,
      "tn" : 1756461904684268221,
      "q" : "10",
      "p" : "0.91097",
      "s" : "sell",
      "i" : "ONDOUSD-PERP",
      "m" : "4611686018430429121"
    }, {
      "d" : "1756461903416669159",
      "t" : 1756461903416,
      "tn" : 1756461903416669159,
      "q" : "10",
      "p" : "0.91115",
      "s" : "sell",
      "i" : "ONDOUSD-PERP",
      "m" : "4611686018430429120"
    }, {
      "d" : "1756461898142079153",
      "t" : 1756461898142,
      "tn" : 1756461898142079153,
      "q" : "10",
      "p" : "0.91086",
      "s" : "buy",
      "i" : "ONDOUSD-PERP",
      "m" : "4611686018430429119"
    }, {
      "d" : "1756461894079535459",
      "t" : 1756461894079,
      "tn" : 1756461894079535459,
      "q" : "10",
      "p" : "0.91085",
      "s" : "sell",
      "i" : "ONDOUSD-PERP",
      "m" : "4611686018430429118"
    }, {
      "d" : "1756461893037976669",
      "t" : 1756461893037,
      "tn" : 1756461893037976669,
      "q" : "10",
      "p" : "0.91076",
      "s" : "buy",
      "i" : "ONDOUSD-PERP",
      "m" : "4611686018430429117"
    }, {
      "d" : "1756461888856762337",
      "t" : 1756461888856,
      "tn" : 1756461888856762337,
      "q" : "10",
      "p" : "0.91095",
      "s" : "sell",
      "i" : "ONDOUSD-PERP",
      "m" : "4611686018430429116"
    }, {
      "d" : "1756461887228358591",
      "t" : 1756461887228,
      "tn" : 1756461887228358591,
      "q" : "10",
      "p" : "0.91076",
      "s" : "buy",
      "i" : "ONDOUSD-PERP",
      "m" : "4611686018430429115"
    }, {
      "d" : "1756461886032379941",
      "t" : 1756461886032,
      "tn" : 1756461886032379941,
      "q" : "10",
      "p" : "0.91058",
      "s" : "buy",
      "i" : "ONDOUSD-PERP",
      "m" : "4611686018430429114"
    }, {
      "d" : "1756461881251648264",
      "t" : 1756461881251,
      "tn" : 1756461881251648264,
      "q" : "10",
      "p" : "0.91057",
      "s" : "sell",
      "i" : "ONDOUSD-PERP",
      "m" : "4611686018430429113"
    }, {
      "d" : "1756461880079302686",
      "t" : 1756461880079,
      "tn" : 1756461880079302686,
      "q" : "10",
      "p" : "0.91008",
      "s" : "buy",
      "i" : "ONDOUSD-PERP",
      "m" : "4611686018430429112"
    }, {
      "d" : "1756461878631661326",
      "t" : 1756461878631,
      "tn" : 1756461878631661326,
      "q" : "10",
      "p" : "0.91000",
      "s" : "buy",
      "i" : "ONDOUSD-PERP",
      "m" : "4611686018430429111"
    }, {
      "d" : "1756461876035704205",
      "t" : 1756461876035,
      "tn" : 1756461876035704205,
      "q" : "10",
      "p" : "0.91029",
      "s" : "sell",
      "i" : "ONDOUSD-PERP",
      "m" : "4611686018430429110"
    }, {
      "d" : "1756461873999572661",
      "t" : 1756461873999,
      "tn" : 1756461873999572661,
      "q" : "10",
      "p" : "0.91047",
      "s" : "sell",
      "i" : "ONDOUSD-PERP",
      "m" : "4611686018430429109"
    }, {
      "d" : "1756461871700416241",
      "t" : 1756461871700,
      "tn" : 1756461871700416241,
      "q" : "10",
      "p" : "0.91095",
      "s" : "sell",
      "i" : "ONDOUSD-PERP",
      "m" : "4611686018430429108"
    }, {
      "d" : "1756461865750003502",
      "t" : 1756461865750,
      "tn" : 1756461865750003502,
      "q" : "10",
      "p" : "0.91066",
      "s" : "buy",
      "i" : "ONDOUSD-PERP",
      "m" : "4611686018430429107"
    }, {
      "d" : "1756461864072621298",
      "t" : 1756461864072,
      "tn" : 1756461864072621298,
      "q" : "10",
      "p" : "0.91055",
      "s" : "sell",
      "i" : "ONDOUSD-PERP",
      "m" : "4611686018430429106"
    }, {
      "d" : "1756461862355693904",
      "t" : 1756461862355,
      "tn" : 1756461862355693904,
      "q" : "10",
      "p" : "0.91083",
      "s" : "sell",
      "i" : "ONDOUSD-PERP",
      "m" : "4611686018430429105"
    }, {
      "d" : "1756461859428987312",
      "t" : 1756461859428,
      "tn" : 1756461859428987312,
      "q" : "160",
      "p" : "0.91079",
      "s" : "buy",
      "i" : "ONDOUSD-PERP",
      "m" : "4611686018430429104"
    }, {
      "d" : "1756461851060133787",
      "t" : 1756461851060,
      "tn" : 1756461851060133787,
      "q" : "10",
      "p" : "0.91131",
      "s" : "sell",
      "i" : "ONDOUSD-PERP",
      "m" : "4611686018430429103"
    }, {
      "d" : "1756461847434565387",
      "t" : 1756461847434,
      "tn" : 1756461847434565387,
      "q" : "10",
      "p" : "0.91112",
      "s" : "buy",
      "i" : "ONDOUSD-PERP",
      "m" : "4611686018430429102"
    }, {
      "d" : "1756461829421140122",
      "t" : 1756461829421,
      "tn" : 1756461829421140122,
      "q" : "10",
      "p" : "0.91101",
      "s" : "sell",
      "i" : "ONDOUSD-PERP",
      "m" : "4611686018430429101"
    }, {
      "d" : "1756461828408662754",
      "t" : 1756461828408,
      "tn" : 1756461828408662754,
      "q" : "10",
      "p" : "0.91092",
      "s" : "buy",
      "i" : "ONDOUSD-PERP",
      "m" : "4611686018430429100"
    }, {
      "d" : "1756461823307969431",
      "t" : 1756461823307,
      "tn" : 1756461823307969431,
      "q" : "10",
      "p" : "0.91074",
      "s" : "buy",
      "i" : "ONDOUSD-PERP",
      "m" : "4611686018430429099"
    }, {
      "d" : "1756461818398911391",
      "t" : 1756461818398,
      "tn" : 1756461818398911391,
      "q" : "100",
      "p" : "0.91026",
      "s" : "buy",
      "i" : "ONDOUSD-PERP",
      "m" : "4611686018430429098"
    }, {
      "d" : "1756461807986875594",
      "t" : 1756461807986,
      "tn" : 1756461807986875594,
      "q" : "10",
      "p" : "0.91086",
      "s" : "buy",
      "i" : "ONDOUSD-PERP",
      "m" : "4611686018430429097"
    }, {
      "d" : "1756461781533893631",
      "t" : 1756461781533,
      "tn" : 1756461781533893631,
      "q" : "10",
      "p" : "0.91098",
      "s" : "buy",
      "i" : "ONDOUSD-PERP",
      "m" : "4611686018430429096"
    }, {
      "d" : "1756461775623351737",
      "t" : 1756461775623,
      "tn" : 1756461775623351737,
      "q" : "10",
      "p" : "0.91070",
      "s" : "buy",
      "i" : "ONDOUSD-PERP",
      "m" : "4611686018430429095"
    }, {
      "d" : "1756461771755618468",
      "t" : 1756461771755,
      "tn" : 1756461771755618468,
      "q" : "40",
      "p" : "0.91075",
      "s" : "sell",
      "i" : "ONDOUSD-PERP",
      "m" : "4611686018430429094"
    }, {
      "d" : "1756461771733144859",
      "t" : 1756461771733,
      "tn" : 1756461771733144859,
      "q" : "160",
      "p" : "0.91075",
      "s" : "sell",
      "i" : "ONDOUSD-PERP",
      "m" : "4611686018430429093"
    }, {
      "d" : "1756461769011911874",
      "t" : 1756461769011,
      "tn" : 1756461769011911874,
      "q" : "10",
      "p" : "0.91089",
      "s" : "sell",
      "i" : "ONDOUSD-PERP",
      "m" : "4611686018430429092"
    }, {
      "d" : "1756461759587864735",
      "t" : 1756461759587,
      "tn" : 1756461759587864735,
      "q" : "10",
      "p" : "0.91090",
      "s" : "buy",
      "i" : "ONDOUSD-PERP",
      "m" : "4611686018430429091"
    }, {
      "d" : "1756461757873763760",
      "t" : 1756461757873,
      "tn" : 1756461757873763760,
      "q" : "10",
      "p" : "0.91109",
      "s" : "sell",
      "i" : "ONDOUSD-PERP",
      "m" : "4611686018430429090"
    }, {
      "d" : "1756461756480976400",
      "t" : 1756461756480,
      "tn" : 1756461756480976400,
      "q" : "10",
      "p" : "0.91127",
      "s" : "sell",
      "i" : "ONDOUSD-PERP",
      "m" : "4611686018430429089"
    }, {
      "d" : "1756461754836862005",
      "t" : 1756461754836,
      "tn" : 1756461754836862005,
      "q" : "10",
      "p" : "0.91135",
      "s" : "sell",
      "i" : "ONDOUSD-PERP",
      "m" : "4611686018430429088"
    }, {
      "d" : "1756461753507246712",
      "t" : 1756461753507,
      "tn" : 1756461753507246712,
      "q" : "10",
      "p" : "0.91106",
      "s" : "buy",
      "i" : "ONDOUSD-PERP",
      "m" : "4611686018430429087"
    }, {
      "d" : "1756461750607676495",
      "t" : 1756461750607,
      "tn" : 1756461750607676495,
      "q" : "10",
      "p" : "0.91048",
      "s" : "buy",
      "i" : "ONDOUSD-PERP",
      "m" : "4611686018430429086"
    }, {
      "d" : "1756461748962418648",
      "t" : 1756461748962,
      "tn" : 1756461748962418648,
      "q" : "10",
      "p" : "0.91030",
      "s" : "buy",
      "i" : "ONDOUSD-PERP",
      "m" : "4611686018430429085"
    }, {
      "d" : "1756461747576285508",
      "t" : 1756461747576,
      "tn" : 1756461747576285508,
      "q" : "10",
      "p" : "0.91039",
      "s" : "sell",
      "i" : "ONDOUSD-PERP",
      "m" : "4611686018430429084"
    }, {
      "d" : "1756461741031043929",
      "t" : 1756461741031,
      "tn" : 1756461741031043929,
      "q" : "10",
      "p" : "0.91057",
      "s" : "sell",
      "i" : "ONDOUSD-PERP",
      "m" : "4611686018430429083"
    }, {
      "d" : "1756461733392068057",
      "t" : 1756461733392,
      "tn" : 1756461733392068057,
      "q" : "10",
      "p" : "0.91055",
      "s" : "sell",
      "i" : "ONDOUSD-PERP",
      "m" : "4611686018430429082"
    }, {
      "d" : "1756461731830878392",
      "t" : 1756461731830,
      "tn" : 1756461731830878392,
      "q" : "10",
      "p" : "0.91043",
      "s" : "sell",
      "i" : "ONDOUSD-PERP",
      "m" : "4611686018430429081"
    }, {
      "d" : "1756461730821762198",
      "t" : 1756461730821,
      "tn" : 1756461730821762198,
      "q" : "10",
      "p" : "0.91066",
      "s" : "sell",
      "i" : "ONDOUSD-PERP",
      "m" : "4611686018430429080"
    }, {
      "d" : "1756461725040912895",
      "t" : 1756461725040,
      "tn" : 1756461725040912895,
      "q" : "10",
      "p" : "0.91052",
      "s" : "buy",
      "i" : "ONDOUSD-PERP",
      "m" : "4611686018430429079"
    }, {
      "d" : "1756461723398788411",
      "t" : 1756461723398,
      "tn" : 1756461723398788411,
      "q" : "270",
      "p" : "0.91035",
      "s" : "buy",
      "i" : "ONDOUSD-PERP",
      "m" : "4611686018430429078"
    }, {
      "d" : "1756461723398540948",
      "t" : 1756461723398,
      "tn" : 1756461723398540947,
      "q" : "230",
      "p" : "0.91035",
      "s" : "buy",
      "i" : "ONDOUSD-PERP",
      "m" : "4611686018430429077"
    }, {
      "d" : "1756461723398540947",
      "t" : 1756461723398,
      "tn" : 1756461723398540947,
      "q" : "10",
      "p" : "0.91035",
      "s" : "buy",
      "i" : "ONDOUSD-PERP",
      "m" : "4611686018430429077"
    }, {
      "d" : "1756461723395592791",
      "t" : 1756461723395,
      "tn" : 1756461723395592791,
      "q" : "30",
      "p" : "0.91024",
      "s" : "buy",
      "i" : "ONDOUSD-PERP",
      "m" : "4611686018430429076"
    }, {
      "d" : "1756461723395232039",
      "t" : 1756461723395,
      "tn" : 1756461723395232039,
      "q" : "10",
      "p" : "0.91014",
      "s" : "buy",
      "i" : "ONDOUSD-PERP",
      "m" : "4611686018430429075"
    }, {
      "d" : "1756461716827718077",
      "t" : 1756461716827,
      "tn" : 1756461716827718077,
      "q" : "10",
      "p" : "0.90996",
      "s" : "buy",
      "i" : "ONDOUSD-PERP",
      "m" : "4611686018430429074"
    }, {
      "d" : "1756461715650408705",
      "t" : 1756461715650,
      "tn" : 1756461715650408705,
      "q" : "10",
      "p" : "0.90968",
      "s" : "buy",
      "i" : "ONDOUSD-PERP",
      "m" : "4611686018430429073"
    }, {
      "d" : "1756461714638611781",
      "t" : 1756461714638,
      "tn" : 1756461714638611781,
      "q" : "10",
      "p" : "0.90977",
      "s" : "sell",
      "i" : "ONDOUSD-PERP",
      "m" : "4611686018430429072"
    }, {
      "d" : "1756461701396938716",
      "t" : 1756461701396,
      "tn" : 1756461701396938716,
      "q" : "10",
      "p" : "0.90995",
      "s" : "sell",
      "i" : "ONDOUSD-PERP",
      "m" : "4611686018430429071"
    }, {
      "d" : "1756461701287832102",
      "t" : 1756461701287,
      "tn" : 1756461701287832102,
      "q" : "160",
      "p" : "0.90981",
      "s" : "buy",
      "i" : "ONDOUSD-PERP",
      "m" : "4611686018430429070"
    }, {
      "d" : "1756461698029398709",
      "t" : 1756461698029,
      "tn" : 1756461698029398709,
      "q" : "10",
      "p" : "0.90956",
      "s" : "buy",
      "i" : "ONDOUSD-PERP",
      "m" : "4611686018430429069"
    }, {
      "d" : "1756461691423212426",
      "t" : 1756461691423,
      "tn" : 1756461691423212426,
      "q" : "10",
      "p" : "0.90975",
      "s" : "sell",
      "i" : "ONDOUSD-PERP",
      "m" : "4611686018430429068"
    }, {
      "d" : "1756461690120692338",
      "t" : 1756461690120,
      "tn" : 1756461690120692338,
      "q" : "10",
      "p" : "0.90983",
      "s" : "sell",
      "i" : "ONDOUSD-PERP",
      "m" : "4611686018430429067"
    }, {
      "d" : "1756461686782384981",
      "t" : 1756461686782,
      "tn" : 1756461686782384981,
      "q" : "10",
      "p" : "0.90934",
      "s" : "buy",
      "i" : "ONDOUSD-PERP",
      "m" : "4611686018430429066"
    }, {
      "d" : "1756461683708745378",
      "t" : 1756461683708,
      "tn" : 1756461683708745378,
      "q" : "10",
      "p" : "0.90906",
      "s" : "buy",
      "i" : "ONDOUSD-PERP",
      "m" : "4611686018430429065"
    }, {
      "d" : "1756461682236853243",
      "t" : 1756461682236,
      "tn" : 1756461682236853243,
      "q" : "10",
      "p" : "0.90898",
      "s" : "buy",
      "i" : "ONDOUSD-PERP",
      "m" : "4611686018430429064"
    }, {
      "d" : "1756461681081069971",
      "t" : 1756461681081,
      "tn" : 1756461681081069971,
      "q" : "10",
      "p" : "0.90917",
      "s" : "sell",
      "i" : "ONDOUSD-PERP",
      "m" : "4611686018430429063"
    }, {
      "d" : "1756461677781340043",
      "t" : 1756461677781,
      "tn" : 1756461677781340043,
      "q" : "10",
      "p" : "0.90965",
      "s" : "sell",
      "i" : "ONDOUSD-PERP",
      "m" : "4611686018430429062"
    }, {
      "d" : "1756461674983394271",
      "t" : 1756461674983,
      "tn" : 1756461674983394271,
      "q" : "10",
      "p" : "0.90973",
      "s" : "sell",
      "i" : "ONDOUSD-PERP",
      "m" : "4611686018430429061"
    }, {
      "d" : "1756461669043917460",
      "t" : 1756461669043,
      "tn" : 1756461669043917460,
      "q" : "10",
      "p" : "0.90954",
      "s" : "buy",
      "i" : "ONDOUSD-PERP",
      "m" : "4611686018430429060"
    }, {
      "d" : "1756461660403148636",
      "t" : 1756461660403,
      "tn" : 1756461660403148636,
      "q" : "10",
      "p" : "0.90926",
      "s" : "buy",
      "i" : "ONDOUSD-PERP",
      "m" : "4611686018430429059"
    }, {
      "d" : "1756461658970899152",
      "t" : 1756461658970,
      "tn" : 1756461658970899152,
      "q" : "10",
      "p" : "0.90908",
      "s" : "buy",
      "i" : "ONDOUSD-PERP",
      "m" : "4611686018430429058"
    }, {
      "d" : "1756461657962105028",
      "t" : 1756461657962,
      "tn" : 1756461657962105028,
      "q" : "10",
      "p" : "0.90917",
      "s" : "sell",
      "i" : "ONDOUSD-PERP",
      "m" : "4611686018430429057"
    }, {
      "d" : "1756461656950378934",
      "t" : 1756461656950,
      "tn" : 1756461656950378934,
      "q" : "10",
      "p" : "0.90925",
      "s" : "sell",
      "i" : "ONDOUSD-PERP",
      "m" : "4611686018430429056"
    }, {
      "d" : "1756461650160669360",
      "t" : 1756461650160,
      "tn" : 1756461650160669360,
      "q" : "10",
      "p" : "0.90906",
      "s" : "buy",
      "i" : "ONDOUSD-PERP",
      "m" : "4611686018430429055"
    }, {
      "d" : "1756461646120117618",
      "t" : 1756461646120,
      "tn" : 1756461646120117618,
      "q" : "10",
      "p" : "0.90915",
      "s" : "sell",
      "i" : "ONDOUSD-PERP",
      "m" : "4611686018430429054"
    }, {
      "d" : "1756461642293156766",
      "t" : 1756461642293,
      "tn" : 1756461642293156766,
      "q" : "10",
      "p" : "0.90923",
      "s" : "sell",
      "i" : "ONDOUSD-PERP",
      "m" : "4611686018430429053"
    }, {
      "d" : "1756461641282513581",
      "t" : 1756461641282,
      "tn" : 1756461641282513581,
      "q" : "10",
      "p" : "0.90894",
      "s" : "buy",
      "i" : "ONDOUSD-PERP",
      "m" : "4611686018430429052"
    }, {
      "d" : "1756461638520092381",
      "t" : 1756461638520,
      "tn" : 1756461638520092381,
      "q" : "10",
      "p" : "0.90893",
      "s" : "sell",
      "i" : "ONDOUSD-PERP",
      "m" : "4611686018430429051"
    }, {
      "d" : "1756461636864197488",
      "t" : 1756461636864,
      "tn" : 1756461636864197488,
      "q" : "10",
      "p" : "0.90864",
      "s" : "buy",
      "i" : "ONDOUSD-PERP",
      "m" : "4611686018430429050"
    }, {
      "d" : "1756461635231772200",
      "t" : 1756461635231,
      "tn" : 1756461635231772200,
      "q" : "10",
      "p" : "0.90836",
      "s" : "buy",
      "i" : "ONDOUSD-PERP",
      "m" : "4611686018430429049"
    }, {
      "d" : "1756461632616541000",
      "t" : 1756461632616,
      "tn" : 1756461632616541000,
      "q" : "10",
      "p" : "0.90798",
      "s" : "buy",
      "i" : "ONDOUSD-PERP",
      "m" : "4611686018430429048"
    }, {
      "d" : "1756461629279272246",
      "t" : 1756461629279,
      "tn" : 1756461629279272246,
      "q" : "10",
      "p" : "0.90807",
      "s" : "sell",
      "i" : "ONDOUSD-PERP",
      "m" : "4611686018430429047"
    }, {
      "d" : "1756461627468253786",
      "t" : 1756461627468,
      "tn" : 1756461627468253786,
      "q" : "10",
      "p" : "0.90798",
      "s" : "buy",
      "i" : "ONDOUSD-PERP",
      "m" : "4611686018430429046"
    }, {
      "d" : "1756461624689479015",
      "t" : 1756461624689,
      "tn" : 1756461624689479015,
      "q" : "10",
      "p" : "0.90837",
      "s" : "sell",
      "i" : "ONDOUSD-PERP",
      "m" : "4611686018430429045"
    }, {
      "d" : "1756461622096426852",
      "t" : 1756461622096,
      "tn" : 1756461622096426852,
      "q" : "10",
      "p" : "0.90838",
      "s" : "buy",
      "i" : "ONDOUSD-PERP",
      "m" : "4611686018430429044"
    }, {
      "d" : "1756461612507410327",
      "t" : 1756461612507,
      "tn" : 1756461612507410327,
      "q" : "10",
      "p" : "0.90867",
      "s" : "sell",
      "i" : "ONDOUSD-PERP",
      "m" : "4611686018430429043"
    }, {
      "d" : "1756461609876666358",
      "t" : 1756461609876,
      "tn" : 1756461609876666358,
      "q" : "10",
      "p" : "0.90858",
      "s" : "buy",
      "i" : "ONDOUSD-PERP",
      "m" : "4611686018430429042"
    }, {
      "d" : "1756461607300715662",
      "t" : 1756461607300,
      "tn" : 1756461607300715662,
      "q" : "10",
      "p" : "0.90857",
      "s" : "sell",
      "i" : "ONDOUSD-PERP",
      "m" : "4611686018430429041"
    }, {
      "d" : "1756461606292469528",
      "t" : 1756461606292,
      "tn" : 1756461606292469528,
      "q" : "10",
      "p" : "0.90858",
      "s" : "buy",
      "i" : "ONDOUSD-PERP",
      "m" : "4611686018430429040"
    }, {
      "d" : "1756461604671826294",
      "t" : 1756461604671,
      "tn" : 1756461604671826293,
      "q" : "130",
      "p" : "0.90840",
      "s" : "buy",
      "i" : "ONDOUSD-PERP",
      "m" : "4611686018430429039"
    }, {
      "d" : "1756461604671826293",
      "t" : 1756461604671,
      "tn" : 1756461604671826293,
      "q" : "10",
      "p" : "0.90840",
      "s" : "buy",
      "i" : "ONDOUSD-PERP",
      "m" : "4611686018430429039"
    }, {
      "d" : "1756461604642608107",
      "t" : 1756461604642,
      "tn" : 1756461604642608107,
      "q" : "130",
      "p" : "0.90838",
      "s" : "buy",
      "i" : "ONDOUSD-PERP",
      "m" : "4611686018430429038"
    }, {
      "d" : "1756461601334182414",
      "t" : 1756461601334,
      "tn" : 1756461601334182414,
      "q" : "10",
      "p" : "0.90899",
      "s" : "sell",
      "i" : "ONDOUSD-PERP",
      "m" : "4611686018430429037"
    }, {
      "d" : "1756461599319697761",
      "t" : 1756461599319,
      "tn" : 1756461599319697761,
      "q" : "10",
      "p" : "0.90917",
      "s" : "sell",
      "i" : "ONDOUSD-PERP",
      "m" : "4611686018430429036"
    }, {
      "d" : "1756461597559975712",
      "t" : 1756461597559,
      "tn" : 1756461597559975712,
      "q" : "10",
      "p" : "0.90898",
      "s" : "buy",
      "i" : "ONDOUSD-PERP",
      "m" : "4611686018430429035"
    }, {
      "d" : "1756461593504473351",
      "t" : 1756461593504,
      "tn" : 1756461593504473351,
      "q" : "10",
      "p" : "0.90927",
      "s" : "sell",
      "i" : "ONDOUSD-PERP",
      "m" : "4611686018430429034"
    }, {
      "d" : "1756461586272423773",
      "t" : 1756461586272,
      "tn" : 1756461586272423773,
      "q" : "10",
      "p" : "0.90955",
      "s" : "sell",
      "i" : "ONDOUSD-PERP",
      "m" : "4611686018430429033"
    }, {
      "d" : "1756461583866484617",
      "t" : 1756461583866,
      "tn" : 1756461583866484617,
      "q" : "30",
      "p" : "0.90941",
      "s" : "buy",
      "i" : "ONDOUSD-PERP",
      "m" : "4611686018430429032"
    }, {
      "d" : "1756461548529981104",
      "t" : 1756461548529,
      "tn" : 1756461548529981104,
      "q" : "10",
      "p" : "0.90956",
      "s" : "sell",
      "i" : "ONDOUSD-PERP",
      "m" : "4611686018430429031"
    }, {
      "d" : "1756461547004033705",
      "t" : 1756461547004,
      "tn" : 1756461547004033705,
      "q" : "10",
      "p" : "0.90954",
      "s" : "buy",
      "i" : "ONDOUSD-PERP",
      "m" : "4611686018430429030"
    }, {
      "d" : "1756461541225164758",
      "t" : 1756461541225,
      "tn" : 1756461541225164758,
      "q" : "10",
      "p" : "0.90946",
      "s" : "buy",
      "i" : "ONDOUSD-PERP",
      "m" : "4611686018430429029"
    }, {
      "d" : "1756461533550110713",
      "t" : 1756461533550,
      "tn" : 1756461533550110713,
      "q" : "10",
      "p" : "0.90918",
      "s" : "buy",
      "i" : "ONDOUSD-PERP",
      "m" : "4611686018430429028"
    }, {
      "d" : "1756461532539960491",
      "t" : 1756461532539,
      "tn" : 1756461532539960491,
      "q" : "10",
      "p" : "0.90890",
      "s" : "buy",
      "i" : "ONDOUSD-PERP",
      "m" : "4611686018430429027"
    }, {
      "d" : "1756461514361241719",
      "t" : 1756461514361,
      "tn" : 1756461514361241718,
      "q" : "150",
      "p" : "0.90945",
      "s" : "sell",
      "i" : "ONDOUSD-PERP",
      "m" : "4611686018430429026"
    }, {
      "d" : "1756461514361241718",
      "t" : 1756461514361,
      "tn" : 1756461514361241718,
      "q" : "10",
      "p" : "0.90945",
      "s" : "sell",
      "i" : "ONDOUSD-PERP",
      "m" : "4611686018430429026"
    }, {
      "d" : "1756461508546539935",
      "t" : 1756461508546,
      "tn" : 1756461508546539935,
      "q" : "10",
      "p" : "0.90959",
      "s" : "sell",
      "i" : "ONDOUSD-PERP",
      "m" : "4611686018430429025"
    }, {
      "d" : "1756461499813224336",
      "t" : 1756461499813,
      "tn" : 1756461499813224336,
      "q" : "10",
      "p" : "0.90940",
      "s" : "buy",
      "i" : "ONDOUSD-PERP",
      "m" : "4611686018430429024"
    }, {
      "d" : "1756461499368871236",
      "t" : 1756461499368,
      "tn" : 1756461499368871236,
      "q" : "160",
      "p" : "0.90939",
      "s" : "sell",
      "i" : "ONDOUSD-PERP",
      "m" : "4611686018430429023"
    }, {
      "d" : "1756461487139049512",
      "t" : 1756461487139,
      "tn" : 1756461487139049512,
      "q" : "10",
      "p" : "0.90979",
      "s" : "sell",
      "i" : "ONDOUSD-PERP",
      "m" : "4611686018430429022"
    }, {
      "d" : "1756461480043492478",
      "t" : 1756461480043,
      "tn" : 1756461480043492478,
      "q" : "10",
      "p" : "0.90987",
      "s" : "sell",
      "i" : "ONDOUSD-PERP",
      "m" : "4611686018430429021"
    }, {
      "d" : "1756461477401093686",
      "t" : 1756461477401,
      "tn" : 1756461477401093686,
      "q" : "10",
      "p" : "0.90995",
      "s" : "sell",
      "i" : "ONDOUSD-PERP",
      "m" : "4611686018430429020"
    }, {
      "d" : "1756461476384051187",
      "t" : 1756461476384,
      "tn" : 1756461476384051187,
      "q" : "10",
      "p" : "0.90986",
      "s" : "buy",
      "i" : "ONDOUSD-PERP",
      "m" : "4611686018430429019"
    }, {
      "d" : "1756461469020035425",
      "t" : 1756461469020,
      "tn" : 1756461469020035425,
      "q" : "10",
      "p" : "0.90968",
      "s" : "buy",
      "i" : "ONDOUSD-PERP",
      "m" : "4611686018430429018"
    }, {
      "d" : "1756461467523035666",
      "t" : 1756461467523,
      "tn" : 1756461467523035666,
      "q" : "10",
      "p" : "0.90950",
      "s" : "buy",
      "i" : "ONDOUSD-PERP",
      "m" : "4611686018430429017"
    }, {
      "d" : "1756461459893522694",
      "t" : 1756461459893,
      "tn" : 1756461459893522694,
      "q" : "10",
      "p" : "0.90969",
      "s" : "sell",
      "i" : "ONDOUSD-PERP",
      "m" : "4611686018430429016"
    }, {
      "d" : "1756461457298265549",
      "t" : 1756461457298,
      "tn" : 1756461457298265549,
      "q" : "10",
      "p" : "0.90977",
      "s" : "sell",
      "i" : "ONDOUSD-PERP",
      "m" : "4611686018430429015"
    }, {
      "d" : "1756461456205555032",
      "t" : 1756461456205,
      "tn" : 1756461456205555032,
      "q" : "10",
      "p" : "0.90985",
      "s" : "sell",
      "i" : "ONDOUSD-PERP",
      "m" : "4611686018430429014"
    }, {
      "d" : "1756461454606287586",
      "t" : 1756461454606,
      "tn" : 1756461454606287586,
      "q" : "30",
      "p" : "0.90972",
      "s" : "buy",
      "i" : "ONDOUSD-PERP",
      "m" : "4611686018430429013"
    }, {
      "d" : "1756461440961651798",
      "t" : 1756461440961,
      "tn" : 1756461440961651798,
      "q" : "10",
      "p" : "0.90926",
      "s" : "buy",
      "i" : "ONDOUSD-PERP",
      "m" : "4611686018430429012"
    }, {
      "d" : "1756461432893910068",
      "t" : 1756461432893,
      "tn" : 1756461432893910068,
      "q" : "10",
      "p" : "0.90935",
      "s" : "sell",
      "i" : "ONDOUSD-PERP",
      "m" : "4611686018430429011"
    }, {
      "d" : "1756461429076525416",
      "t" : 1756461429076,
      "tn" : 1756461429076525416,
      "q" : "10",
      "p" : "0.90916",
      "s" : "buy",
      "i" : "ONDOUSD-PERP",
      "m" : "4611686018430429010"
    }, {
      "d" : "1756461425477967957",
      "t" : 1756461425477,
      "tn" : 1756461425477967957,
      "q" : "10",
      "p" : "0.90888",
      "s" : "buy",
      "i" : "ONDOUSD-PERP",
      "m" : "4611686018430429009"
    }, {
      "d" : "1756461424452023162",
      "t" : 1756461424452,
      "tn" : 1756461424452023162,
      "q" : "10",
      "p" : "0.90870",
      "s" : "buy",
      "i" : "ONDOUSD-PERP",
      "m" : "4611686018430429008"
    }, {
      "d" : "1756461423433813651",
      "t" : 1756461423433,
      "tn" : 1756461423433813651,
      "q" : "10",
      "p" : "0.90889",
      "s" : "sell",
      "i" : "ONDOUSD-PERP",
      "m" : "4611686018430429007"
    }, {
      "d" : "1756461420555200167",
      "t" : 1756461420555,
      "tn" : 1756461420555200167,
      "q" : "10",
      "p" : "0.90907",
      "s" : "sell",
      "i" : "ONDOUSD-PERP",
      "m" : "4611686018430429006"
    }, {
      "d" : "1756461410050137720",
      "t" : 1756461410050,
      "tn" : 1756461410050137720,
      "q" : "10",
      "p" : "0.90925",
      "s" : "sell",
      "i" : "ONDOUSD-PERP",
      "m" : "4611686018430429005"
    }, {
      "d" : "1756461405684891420",
      "t" : 1756461405684,
      "tn" : 1756461405684891420,
      "q" : "10",
      "p" : "0.90896",
      "s" : "buy",
      "i" : "ONDOUSD-PERP",
      "m" : "4611686018430429004"
    }, {
      "d" : "1756461404064709378",
      "t" : 1756461404064,
      "tn" : 1756461404064709378,
      "q" : "10",
      "p" : "0.90878",
      "s" : "buy",
      "i" : "ONDOUSD-PERP",
      "m" : "4611686018430429003"
    }, {
      "d" : "1756461402995788264",
      "t" : 1756461402995,
      "tn" : 1756461402995788264,
      "q" : "10",
      "p" : "0.90850",
      "s" : "buy",
      "i" : "ONDOUSD-PERP",
      "m" : "4611686018430429002"
    }, {
      "d" : "1756461399536976456",
      "t" : 1756461399536,
      "tn" : 1756461399536976456,
      "q" : "10",
      "p" : "0.90859",
      "s" : "sell",
      "i" : "ONDOUSD-PERP",
      "m" : "4611686018430429001"
    }, {
      "d" : "1756461395506526360",
      "t" : 1756461395506,
      "tn" : 1756461395506526360,
      "q" : "10",
      "p" : "0.90850",
      "s" : "buy",
      "i" : "ONDOUSD-PERP",
      "m" : "4611686018430429000"
    }, {
      "d" : "1756461394424932878",
      "t" : 1756461394424,
      "tn" : 1756461394424932878,
      "q" : "10",
      "p" : "0.90869",
      "s" : "sell",
      "i" : "ONDOUSD-PERP",
      "m" : "4611686018430428999"
    }, {
      "d" : "1756461386942814511",
      "t" : 1756461386942,
      "tn" : 1756461386942814511,
      "q" : "10",
      "p" : "0.90850",
      "s" : "buy",
      "i" : "ONDOUSD-PERP",
      "m" : "4611686018430428998"
    }, {
      "d" : "1756461385933512940",
      "t" : 1756461385933,
      "tn" : 1756461385933512940,
      "q" : "260",
      "p" : "0.90891",
      "s" : "sell",
      "i" : "ONDOUSD-PERP",
      "m" : "4611686018430428997"
    }, {
      "d" : "1756461385932919233",
      "t" : 1756461385932,
      "tn" : 1756461385932919233,
      "q" : "270",
      "p" : "0.90891",
      "s" : "sell",
      "i" : "ONDOUSD-PERP",
      "m" : "4611686018430428996"
    }, {
      "d" : "1756461385932916705",
      "t" : 1756461385932,
      "tn" : 1756461385932916705,
      "q" : "250",
      "p" : "0.90891",
      "s" : "sell",
      "i" : "ONDOUSD-PERP",
      "m" : "4611686018430428995"
    }, {
      "d" : "1756461385932915725",
      "t" : 1756461385932,
      "tn" : 1756461385932915725,
      "q" : "10",
      "p" : "0.90899",
      "s" : "sell",
      "i" : "ONDOUSD-PERP",
      "m" : "4611686018430428994"
    }, {
      "d" : "1756461384657078990",
      "t" : 1756461384657,
      "tn" : 1756461384657078990,
      "q" : "10",
      "p" : "0.90890",
      "s" : "buy",
      "i" : "ONDOUSD-PERP",
      "m" : "4611686018430428993"
    }, {
      "d" : "1756461381500131138",
      "t" : 1756461381500,
      "tn" : 1756461381500131138,
      "q" : "10",
      "p" : "0.90939",
      "s" : "sell",
      "i" : "ONDOUSD-PERP",
      "m" : "4611686018430428992"
    }, {
      "d" : "1756461377446486677",
      "t" : 1756461377446,
      "tn" : 1756461377446486677,
      "q" : "10",
      "p" : "0.90937",
      "s" : "sell",
      "i" : "ONDOUSD-PERP",
      "m" : "4611686018430428991"
    } ]
  }
}