{
  "id" : -1,
  "method" : "public/get-trades",
  "code" : 0,
  "result" : {
    "data" : [ {
      "d" : "1756454986319022236",
      "t" : 1756454986319,
      "tn" : 1756454986319022236,
      "q" : "4690",
      "p" : "0.010402",
      "s" : "sell",
      "i" : "ONE_USDT",
      "m" : "4611686018430847692"
    }, {
      "d" : "1756444975137074240",
      "t" : 1756444975137,
      "tn" : 1756444975137074240,
      "q" : "18630",
      "p" : "0.010735",
      "s" : "sell",
      "i" : "ONE_USDT",
      "m" : "4611686018430847691"
    }, {
      "d" : "1756426493938975828",
      "t" : 1756426493938,
      "tn" : 1756426493938975828,
      "q" : "110",
      "p" : "0.010849",
      "s" : "sell",
      "i" : "ONE_USDT",
      "m" : "4611686018430847690"
    }, {
      "d" : "1756422682684604227",
      "t" : 1756422682684,
      "tn" : 1756422682684604227,
      "q" : "5610",
      "p" : "0.010779",
      "s" : "sell",
      "i" : "ONE_USDT",
      "m" : "4611686018430847689"
    }, {
      "d" : "1756422568239652147",
      "t" : 1756422568239,
      "tn" : 1756422568239652147,
      "q" : "1000",
      "p" : "0.010779",
      "s" : "sell",
      "i" : "ONE_USDT",
      "m" : "4611686018430847688"
    }, {
      "d" : "1756418873364361315",
      "t" : 1756418873364,
      "tn" : 1756418873364361315,
      "q" : "2330",
      "p" : "0.010670",
      "s" : "sell",
      "i" : "ONE_USDT",
      "m" : "4611686018430847687"
    }, {
      "d" : "1756418453111053181",
      "t" : 1756418453111,
      "tn" : 1756418453111053181,
      "q" : "37590",
      "p" : "0.010630",
      "s" : "buy",
      "i" : "ONE_USDT",
      "m" : "4611686018430847686"
    }, {
      "d" : "1756414702270789025",
      "t" : 1756414702270,
      "tn" : 1756414702270789025,
      "q" : "2350",
      "p" : "0.010601",
      "s" : "buy",
      "i" : "ONE_USDT",
      "m" : "4611686018430847685"
    }, {
      "d" : "1756392927889344643",
      "t" : 1756392927889,
      "tn" : 1756392927889344643,
      "q" : "6120",
      "p" : "0.010778",
      "s" : "sell",
      "i" : "ONE_USDT",
      "m" : "4611686018430847684"
    }, {
      "d" : "1756392927889342726",
      "t" : 1756392927889,
      "tn" : 1756392927889342725,
      "q" : "92550",
      "p" : "0.010795",
      "s" : "sell",
      "i" : "ONE_USDT",
      "m" : "4611686018430847683"
    }, {
      "d" : "1756392927889342725",
      "t" : 1756392927889,
      "tn" : 1756392927889342725,
      "q" : "36680",
      "p" : "0.010795",
      "s" : "sell",
      "i" : "ONE_USDT",
      "m" : "4611686018430847683"
    }, {
      "d" : "1756390676819159941",
      "t" : 1756390676819,
      "tn" : 1756390676819159941,
      "q" : "460",
      "p" : "0.010794",
      "s" : "sell",
      "i" : "ONE_USDT",
      "m" : "4611686018430847682"
    }, {
      "d" : "1756390627577666584",
      "t" : 1756390627577,
      "tn" : 1756390627577666584,
      "q" : "470",
      "p" : "0.010779",
      "s" : "buy",
      "i" : "ONE_USDT",
      "m" : "4611686018430847681"
    }, {
      "d" : "1756389970760202960",
      "t" : 1756389970760,
      "tn" : 1756389970760202960,
      "q" : "2040",
      "p" : "0.010720",
      "s" : "sell",
      "i" : "ONE_USDT",
      "m" : "4611686018430847680"
    }, {
      "d" : "1756389224397431481",
      "t" : 1756389224397,
      "tn" : 1756389224397431481,
      "q" : "5920",
      "p" : "0.010625",
      "s" : "sell",
      "i" : "ONE_USDT",
      "m" : "4611686018430847679"
    }, {
      "d" : "1756387652122937138",
      "t" : 1756387652122,
      "tn" : 1756387652122937138,
      "q" : "2410",
      "p" : "0.010666",
      "s" : "sell",
      "i" : "ONE_USDT",
      "m" : "4611686018430847678"
    }, {
      "d" : "1756384811140748218",
      "t" : 1756384811140,
      "tn" : 1756384811140748218,
      "q" : "1680",
      "p" : "0.010661",
      "s" : "sell",
      "i" : "ONE_USDT",
      "m" : "4611686018430847677"
    }, {
      "d" : "1756383507193270530",
      "t" : 1756383507193,
      "tn" : 1756383507193270530,
      "q" : "6170",
      "p" : "0.010635",
      "s" : "sell",
      "i" : "ONE_USDT",
      "m" : "4611686018430847676"
    } ]
  }
}