{
  "id" : -1,
  "method" : "public/get-trades",
  "code" : 0,
  "result" : {
    "data" : [ {
      "d" : "1756460979813873814",
      "t" : 1756460979813,
      "tn" : 1756460979813873814,
      "q" : "36490",
      "p" : "0.010388",
      "s" : "sell",
      "i" : "ONE_USD",
      "m" : "4611686018430577270"
    }, {
      "d" : "1756459914260185379",
      "t" : 1756459914260,
      "tn" : 1756459914260185379,
      "q" : "4860",
      "p" : "0.010297",
      "s" : "buy",
      "i" : "ONE_USD",
      "m" : "4611686018430577269"
    }, {
      "d" : "1756459914242366312",
      "t" : 1756459914242,
      "tn" : 1756459914242366312,
      "q" : "8740",
      "p" : "0.010297",
      "s" : "buy",
      "i" : "ONE_USD",
      "m" : "4611686018430577268"
    }, {
      "d" : "1756459914178335175",
      "t" : 1756459914178,
      "tn" : 1756459914178335175,
      "q" : "8740",
      "p" : "0.010297",
      "s" : "buy",
      "i" : "ONE_USD",
      "m" : "4611686018430577267"
    }, {
      "d" : "1756459914160140701",
      "t" : 1756459914160,
      "tn" : 1756459914160140701,
      "q" : "8740",
      "p" : "0.010297",
      "s" : "buy",
      "i" : "ONE_USD",
      "m" : "4611686018430577266"
    }, {
      "d" : "1756459914142236091",
      "t" : 1756459914142,
      "tn" : 1756459914142236091,
      "q" : "8740",
      "p" : "0.010297",
      "s" : "buy",
      "i" : "ONE_USD",
      "m" : "4611686018430577265"
    }, {
      "d" : "1756459914060146044",
      "t" : 1756459914060,
      "tn" : 1756459914060146044,
      "q" : "8740",
      "p" : "0.010297",
      "s" : "buy",
      "i" : "ONE_USD",
      "m" : "4611686018430577264"
    }, {
      "d" : "1756459914042495138",
      "t" : 1756459914042,
      "tn" : 1756459914042495138,
      "q" : "8740",
      "p" : "0.010297",
      "s" : "buy",
      "i" : "ONE_USD",
      "m" : "4611686018430577263"
    }, {
      "d" : "1756459913975565132",
      "t" : 1756459913975,
      "tn" : 1756459913975565132,
      "q" : "8740",
      "p" : "0.010297",
      "s" : "buy",
      "i" : "ONE_USD",
      "m" : "4611686018430577262"
    }, {
      "d" : "1756459913959184263",
      "t" : 1756459913959,
      "tn" : 1756459913959184263,
      "q" : "8740",
      "p" : "0.010297",
      "s" : "buy",
      "i" : "ONE_USD",
      "m" : "4611686018430577261"
    }, {
      "d" : "1756459913942243744",
      "t" : 1756459913942,
      "tn" : 1756459913942243744,
      "q" : "8740",
      "p" : "0.010297",
      "s" : "buy",
      "i" : "ONE_USD",
      "m" : "4611686018430577260"
    }, {
      "d" : "1756459913859197156",
      "t" : 1756459913859,
      "tn" : 1756459913859197156,
      "q" : "8740",
      "p" : "0.010297",
      "s" : "buy",
      "i" : "ONE_USD",
      "m" : "4611686018430577259"
    }, {
      "d" : "1756459913842359945",
      "t" : 1756459913842,
      "tn" : 1756459913842359945,
      "q" : "8740",
      "p" : "0.010297",
      "s" : "buy",
      "i" : "ONE_USD",
      "m" : "4611686018430577258"
    }, {
      "d" : "1756459913782336558",
      "t" : 1756459913782,
      "tn" : 1756459913782336558,
      "q" : "8740",
      "p" : "0.010297",
      "s" : "buy",
      "i" : "ONE_USD",
      "m" : "4611686018430577257"
    }, {
      "d" : "1756459855477149754",
      "t" : 1756459855477,
      "tn" : 1756459855477149754,
      "q" : "4370",
      "p" : "0.010300",
      "s" : "buy",
      "i" : "ONE_USD",
      "m" : "4611686018430577256"
    }, {
      "d" : "1756459855472166656",
      "t" : 1756459855472,
      "tn" : 1756459855472166656,
      "q" : "36500",
      "p" : "0.010300",
      "s" : "buy",
      "i" : "ONE_USD",
      "m" : "4611686018430577255"
    }, {
      "d" : "1756459855467310121",
      "t" : 1756459855467,
      "tn" : 1756459855467310121,
      "q" : "40340",
      "p" : "0.010300",
      "s" : "buy",
      "i" : "ONE_USD",
      "m" : "4611686018430577254"
    }, {
      "d" : "1756459795363404109",
      "t" : 1756459795363,
      "tn" : 1756459795363404109,
      "q" : "9530",
      "p" : "0.010307",
      "s" : "buy",
      "i" : "ONE_USD",
      "m" : "4611686018430577253"
    }, {
      "d" : "1756459795363375348",
      "t" : 1756459795363,
      "tn" : 1756459795363375348,
      "q" : "78000",
      "p" : "0.010307",
      "s" : "buy",
      "i" : "ONE_USD",
      "m" : "4611686018430577252"
    }, {
      "d" : "1756459795362603667",
      "t" : 1756459795362,
      "tn" : 1756459795362603667,
      "q" : "8730",
      "p" : "0.010307",
      "s" : "buy",
      "i" : "ONE_USD",
      "m" : "4611686018430577251"
    }, {
      "d" : "1756459733720184800",
      "t" : 1756459733720,
      "tn" : 1756459733720184800,
      "q" : "2910",
      "p" : "0.010301",
      "s" : "buy",
      "i" : "ONE_USD",
      "m" : "4611686018430577250"
    }, {
      "d" : "1756459733690239648",
      "t" : 1756459733690,
      "tn" : 1756459733690239648,
      "q" : "8740",
      "p" : "0.010301",
      "s" : "buy",
      "i" : "ONE_USD",
      "m" : "4611686018430577249"
    }, {
      "d" : "1756459733684820740",
      "t" : 1756459733684,
      "tn" : 1756459733684820740,
      "q" : "83930",
      "p" : "0.010301",
      "s" : "buy",
      "i" : "ONE_USD",
      "m" : "4611686018430577248"
    }, {
      "d" : "1756459674810351087",
      "t" : 1756459674810,
      "tn" : 1756459674810351087,
      "q" : "40420",
      "p" : "0.010290",
      "s" : "buy",
      "i" : "ONE_USD",
      "m" : "4611686018430577247"
    }, {
      "d" : "1756459674810239580",
      "t" : 1756459674810,
      "tn" : 1756459674810239580,
      "q" : "46750",
      "p" : "0.010290",
      "s" : "buy",
      "i" : "ONE_USD",
      "m" : "4611686018430577246"
    }, {
      "d" : "1756459674808894901",
      "t" : 1756459674808,
      "tn" : 1756459674808894901,
      "q" : "8750",
      "p" : "0.010290",
      "s" : "buy",
      "i" : "ONE_USD",
      "m" : "4611686018430577245"
    }, {
      "d" : "1756459284383069601",
      "t" : 1756459284383,
      "tn" : 1756459284383069601,
      "q" : "170",
      "p" : "0.010348",
      "s" : "sell",
      "i" : "ONE_USD",
      "m" : "4611686018430577244"
    }, {
      "d" : "1756459284382961827",
      "t" : 1756459284382,
      "tn" : 1756459284382961827,
      "q" : "19330",
      "p" : "0.010348",
      "s" : "sell",
      "i" : "ONE_USD",
      "m" : "4611686018430577243"
    }, {
      "d" : "1756458148049159865",
      "t" : 1756458148049,
      "tn" : 1756458148049159865,
      "q" : "3000",
      "p" : "0.010250",
      "s" : "sell",
      "i" : "ONE_USD",
      "m" : "4611686018430577242"
    }, {
      "d" : "1756458135360114914",
      "t" : 1756458135360,
      "tn" : 1756458135360114914,
      "q" : "4860",
      "p" : "0.010269",
      "s" : "sell",
      "i" : "ONE_USD",
      "m" : "4611686018430577241"
    }, {
      "d" : "1756457847967975258",
      "t" : 1756457847967,
      "tn" : 1756457847967975258,
      "q" : "80",
      "p" : "0.010300",
      "s" : "sell",
      "i" : "ONE_USD",
      "m" : "4611686018430577240"
    }, {
      "d" : "1756457847966545900",
      "t" : 1756457847966,
      "tn" : 1756457847966545899,
      "q" : "7960",
      "p" : "0.010300",
      "s" : "sell",
      "i" : "ONE_USD",
      "m" : "4611686018430577239"
    }, {
      "d" : "1756457847966545899",
      "t" : 1756457847966,
      "tn" : 1756457847966545899,
      "q" : "5540",
      "p" : "0.010300",
      "s" : "sell",
      "i" : "ONE_USD",
      "m" : "4611686018430577239"
    }, {
      "d" : "1756455343055920927",
      "t" : 1756455343055,
      "tn" : 1756455343055920927,
      "q" : "3650",
      "p" : "0.010420",
      "s" : "sell",
      "i" : "ONE_USD",
      "m" : "4611686018430577238"
    }, {
      "d" : "1756455343053908112",
      "t" : 1756455343053,
      "tn" : 1756455343053908112,
      "q" : "19190",
      "p" : "0.010420",
      "s" : "sell",
      "i" : "ONE_USD",
      "m" : "4611686018430577237"
    }, {
      "d" : "1756455041095381272",
      "t" : 1756455041095,
      "tn" : 1756455041095381272,
      "q" : "140",
      "p" : "0.010351",
      "s" : "sell",
      "i" : "ONE_USD",
      "m" : "4611686018430577236"
    }, {
      "d" : "1756455041095379344",
      "t" : 1756455041095,
      "tn" : 1756455041095379344,
      "q" : "4550",
      "p" : "0.010354",
      "s" : "sell",
      "i" : "ONE_USD",
      "m" : "4611686018430577235"
    }, {
      "d" : "1756454986319010359",
      "t" : 1756454986319,
      "tn" : 1756454986319010359,
      "q" : "5490",
      "p" : "0.010401",
      "s" : "sell",
      "i" : "ONE_USD",
      "m" : "4611686018430577234"
    }, {
      "d" : "1756454986319007406",
      "t" : 1756454986319,
      "tn" : 1756454986319007406,
      "q" : "4790",
      "p" : "0.010418",
      "s" : "sell",
      "i" : "ONE_USD",
      "m" : "4611686018430577233"
    }, {
      "d" : "1756452260800161509",
      "t" : 1756452260800,
      "tn" : 1756452260800161509,
      "q" : "5430",
      "p" : "0.010505",
      "s" : "sell",
      "i" : "ONE_USD",
      "m" : "4611686018430577232"
    }, {
      "d" : "1756451243031784943",
      "t" : 1756451243031,
      "tn" : 1756451243031784943,
      "q" : "4730",
      "p" : "0.010566",
      "s" : "sell",
      "i" : "ONE_USD",
      "m" : "4611686018430577231"
    }, {
      "d" : "1756450968948849255",
      "t" : 1756450968948,
      "tn" : 1756450968948849255,
      "q" : "5380",
      "p" : "0.010609",
      "s" : "sell",
      "i" : "ONE_USD",
      "m" : "4611686018430577230"
    }, {
      "d" : "1756448306204953582",
      "t" : 1756448306204,
      "tn" : 1756448306204953582,
      "q" : "18280",
      "p" : "0.010681",
      "s" : "sell",
      "i" : "ONE_USD",
      "m" : "4611686018430577229"
    }, {
      "d" : "1756448306204716427",
      "t" : 1756448306204,
      "tn" : 1756448306204716427,
      "q" : "46810",
      "p" : "0.010681",
      "s" : "sell",
      "i" : "ONE_USD",
      "m" : "4611686018430577228"
    }, {
      "d" : "1756447852632401029",
      "t" : 1756447852632,
      "tn" : 1756447852632401029,
      "q" : "4530",
      "p" : "0.010663",
      "s" : "buy",
      "i" : "ONE_USD",
      "m" : "4611686018430577227"
    }, {
      "d" : "1756447852629609093",
      "t" : 1756447852629,
      "tn" : 1756447852629609093,
      "q" : "14060",
      "p" : "0.010663",
      "s" : "sell",
      "i" : "ONE_USD",
      "m" : "4611686018430577226"
    }, {
      "d" : "1756444754953528592",
      "t" : 1756444754953,
      "tn" : 1756444754953528592,
      "q" : "300",
      "p" : "0.010749",
      "s" : "buy",
      "i" : "ONE_USD",
      "m" : "4611686018430577225"
    }, {
      "d" : "1756444754953526719",
      "t" : 1756444754953,
      "tn" : 1756444754953526719,
      "q" : "17440",
      "p" : "0.010746",
      "s" : "buy",
      "i" : "ONE_USD",
      "m" : "4611686018430577224"
    }, {
      "d" : "1756444589869229005",
      "t" : 1756444589869,
      "tn" : 1756444589869229005,
      "q" : "22050",
      "p" : "0.010718",
      "s" : "sell",
      "i" : "ONE_USD",
      "m" : "4611686018430577223"
    }, {
      "d" : "1756443927982257940",
      "t" : 1756443927982,
      "tn" : 1756443927982257939,
      "q" : "4660",
      "p" : "0.010713",
      "s" : "sell",
      "i" : "ONE_USD",
      "m" : "4611686018430577222"
    }, {
      "d" : "1756442851595732766",
      "t" : 1756442851595,
      "tn" : 1756442851595732766,
      "q" : "7620",
      "p" : "0.010781",
      "s" : "buy",
      "i" : "ONE_USD",
      "m" : "4611686018430577221"
    }, {
      "d" : "1756442851595522914",
      "t" : 1756442851595,
      "tn" : 1756442851595522914,
      "q" : "8350",
      "p" : "0.010781",
      "s" : "buy",
      "i" : "ONE_USD",
      "m" : "4611686018430577220"
    }, {
      "d" : "1756441721342646185",
      "t" : 1756441721342,
      "tn" : 1756441721342646185,
      "q" : "22190",
      "p" : "0.010871",
      "s" : "sell",
      "i" : "ONE_USD",
      "m" : "4611686018430577219"
    }, {
      "d" : "1756441557997983922",
      "t" : 1756441557997,
      "tn" : 1756441557997983917,
      "q" : "4600",
      "p" : "0.010852",
      "s" : "sell",
      "i" : "ONE_USD",
      "m" : "4611686018430577218"
    }, {
      "d" : "1756441557997983921",
      "t" : 1756441557997,
      "tn" : 1756441557997983917,
      "q" : "4600",
      "p" : "0.010852",
      "s" : "sell",
      "i" : "ONE_USD",
      "m" : "4611686018430577218"
    }, {
      "d" : "1756441557997983920",
      "t" : 1756441557997,
      "tn" : 1756441557997983917,
      "q" : "4600",
      "p" : "0.010852",
      "s" : "sell",
      "i" : "ONE_USD",
      "m" : "4611686018430577218"
    }, {
      "d" : "1756441557997983919",
      "t" : 1756441557997,
      "tn" : 1756441557997983917,
      "q" : "4600",
      "p" : "0.010852",
      "s" : "sell",
      "i" : "ONE_USD",
      "m" : "4611686018430577218"
    }, {
      "d" : "1756441557997983918",
      "t" : 1756441557997,
      "tn" : 1756441557997983917,
      "q" : "4600",
      "p" : "0.010852",
      "s" : "sell",
      "i" : "ONE_USD",
      "m" : "4611686018430577218"
    }, {
      "d" : "1756441557997983917",
      "t" : 1756441557997,
      "tn" : 1756441557997983917,
      "q" : "4600",
      "p" : "0.010852",
      "s" : "sell",
      "i" : "ONE_USD",
      "m" : "4611686018430577218"
    }, {
      "d" : "1756441458830631498",
      "t" : 1756441458830,
      "tn" : 1756441458830631498,
      "q" : "18850",
      "p" : "0.010853",
      "s" : "sell",
      "i" : "ONE_USD",
      "m" : "4611686018430577217"
    }, {
      "d" : "1756441456804699454",
      "t" : 1756441456804,
      "tn" : 1756441456804699454,
      "q" : "5330",
      "p" : "0.010819",
      "s" : "buy",
      "i" : "ONE_USD",
      "m" : "4611686018430577216"
    }, {
      "d" : "1756441456804697150",
      "t" : 1756441456804,
      "tn" : 1756441456804697150,
      "q" : "9390",
      "p" : "0.010818",
      "s" : "buy",
      "i" : "ONE_USD",
      "m" : "4611686018430577215"
    }, {
      "d" : "1756440899985059005",
      "t" : 1756440899985,
      "tn" : 1756440899985059005,
      "q" : "8380",
      "p" : "0.010721",
      "s" : "sell",
      "i" : "ONE_USD",
      "m" : "4611686018430577214"
    }, {
      "d" : "1756440899985056987",
      "t" : 1756440899985,
      "tn" : 1756440899985056987,
      "q" : "1030",
      "p" : "0.010722",
      "s" : "sell",
      "i" : "ONE_USD",
      "m" : "4611686018430577213"
    }, {
      "d" : "1756440669021469154",
      "t" : 1756440669021,
      "tn" : 1756440669021469154,
      "q" : "21230",
      "p" : "0.010801",
      "s" : "sell",
      "i" : "ONE_USD",
      "m" : "4611686018430577212"
    }, {
      "d" : "1756439618343910236",
      "t" : 1756439618343,
      "tn" : 1756439618343910236,
      "q" : "18010",
      "p" : "0.010761",
      "s" : "sell",
      "i" : "ONE_USD",
      "m" : "4611686018430577211"
    }, {
      "d" : "1756439618343908398",
      "t" : 1756439618343,
      "tn" : 1756439618343908398,
      "q" : "1030",
      "p" : "0.010762",
      "s" : "sell",
      "i" : "ONE_USD",
      "m" : "4611686018430577210"
    }, {
      "d" : "1756438634303590599",
      "t" : 1756438634303,
      "tn" : 1756438634303590599,
      "q" : "12980",
      "p" : "0.010701",
      "s" : "sell",
      "i" : "ONE_USD",
      "m" : "4611686018430577209"
    }, {
      "d" : "1756438634303588748",
      "t" : 1756438634303,
      "tn" : 1756438634303588748,
      "q" : "6120",
      "p" : "0.010702",
      "s" : "sell",
      "i" : "ONE_USD",
      "m" : "4611686018430577208"
    }, {
      "d" : "1756434217902545469",
      "t" : 1756434217902,
      "tn" : 1756434217902545469,
      "q" : "5080",
      "p" : "0.010730",
      "s" : "sell",
      "i" : "ONE_USD",
      "m" : "4611686018430577207"
    }, {
      "d" : "1756434217902541832",
      "t" : 1756434217902,
      "tn" : 1756434217902541832,
      "q" : "13970",
      "p" : "0.010732",
      "s" : "sell",
      "i" : "ONE_USD",
      "m" : "4611686018430577206"
    }, {
      "d" : "1756430718867374467",
      "t" : 1756430718867,
      "tn" : 1756430718867374467,
      "q" : "15990",
      "p" : "0.010691",
      "s" : "sell",
      "i" : "ONE_USD",
      "m" : "4611686018430577205"
    }, {
      "d" : "1756430311877832366",
      "t" : 1756430311877,
      "tn" : 1756430311877832366,
      "q" : "5330",
      "p" : "0.010713",
      "s" : "sell",
      "i" : "ONE_USD",
      "m" : "4611686018430577204"
    }, {
      "d" : "1756429698759280745",
      "t" : 1756429698759,
      "tn" : 1756429698759280745,
      "q" : "23340",
      "p" : "0.010753",
      "s" : "buy",
      "i" : "ONE_USD",
      "m" : "4611686018430577203"
    }, {
      "d" : "1756429698758276448",
      "t" : 1756429698758,
      "tn" : 1756429698758276448,
      "q" : "8370",
      "p" : "0.010753",
      "s" : "buy",
      "i" : "ONE_USD",
      "m" : "4611686018430577202"
    }, {
      "d" : "1756429147438707919",
      "t" : 1756429147438,
      "tn" : 1756429147438707919,
      "q" : "20910",
      "p" : "0.010853",
      "s" : "sell",
      "i" : "ONE_USD",
      "m" : "4611686018430577201"
    }, {
      "d" : "1756428328417248785",
      "t" : 1756428328417,
      "tn" : 1756428328417248785,
      "q" : "5280",
      "p" : "0.010819",
      "s" : "sell",
      "i" : "ONE_USD",
      "m" : "4611686018430577200"
    }, {
      "d" : "1756427520802326826",
      "t" : 1756427520802,
      "tn" : 1756427520802326826,
      "q" : "4950",
      "p" : "0.010839",
      "s" : "sell",
      "i" : "ONE_USD",
      "m" : "4611686018430577199"
    }, {
      "d" : "1756427520802325249",
      "t" : 1756427520802,
      "tn" : 1756427520802325249,
      "q" : "13830",
      "p" : "0.010842",
      "s" : "sell",
      "i" : "ONE_USD",
      "m" : "4611686018430577198"
    }, {
      "d" : "1756427491487752401",
      "t" : 1756427491487,
      "tn" : 1756427491487752401,
      "q" : "18950",
      "p" : "0.010839",
      "s" : "sell",
      "i" : "ONE_USD",
      "m" : "4611686018430577197"
    }, {
      "d" : "1756427366652974976",
      "t" : 1756427366652,
      "tn" : 1756427366652974975,
      "q" : "100",
      "p" : "0.010926",
      "s" : "buy",
      "i" : "ONE_USD",
      "m" : "4611686018430577196"
    }, {
      "d" : "1756427366652974975",
      "t" : 1756427366652,
      "tn" : 1756427366652974975,
      "q" : "5280",
      "p" : "0.010926",
      "s" : "buy",
      "i" : "ONE_USD",
      "m" : "4611686018430577196"
    }, {
      "d" : "1756427330961314545",
      "t" : 1756427330961,
      "tn" : 1756427330961314545,
      "q" : "7580",
      "p" : "0.010911",
      "s" : "buy",
      "i" : "ONE_USD",
      "m" : "4611686018430577195"
    }, {
      "d" : "1756427330957400265",
      "t" : 1756427330957,
      "tn" : 1756427330957400265,
      "q" : "8250",
      "p" : "0.010911",
      "s" : "buy",
      "i" : "ONE_USD",
      "m" : "4611686018430577194"
    }, {
      "d" : "1756426475295800409",
      "t" : 1756426475295,
      "tn" : 1756426475295800409,
      "q" : "48130",
      "p" : "0.010906",
      "s" : "sell",
      "i" : "ONE_USD",
      "m" : "4611686018430577193"
    }, {
      "d" : "1756424896920341976",
      "t" : 1756424896920,
      "tn" : 1756424896920341976,
      "q" : "30000",
      "p" : "0.010884",
      "s" : "sell",
      "i" : "ONE_USD",
      "m" : "4611686018430577192"
    }, {
      "d" : "1756424656433554121",
      "t" : 1756424656433,
      "tn" : 1756424656433554121,
      "q" : "28980",
      "p" : "0.010894",
      "s" : "buy",
      "i" : "ONE_USD",
      "m" : "4611686018430577191"
    }, {
      "d" : "1756424656433552226",
      "t" : 1756424656433,
      "tn" : 1756424656433552226,
      "q" : "1020",
      "p" : "0.010893",
      "s" : "buy",
      "i" : "ONE_USD",
      "m" : "4611686018430577190"
    }, {
      "d" : "1756424095472655473",
      "t" : 1756424095472,
      "tn" : 1756424095472655473,
      "q" : "38350",
      "p" : "0.010773",
      "s" : "buy",
      "i" : "ONE_USD",
      "m" : "4611686018430577189"
    }, {
      "d" : "1756424013327773105",
      "t" : 1756424013327,
      "tn" : 1756424013327773105,
      "q" : "100",
      "p" : "0.010774",
      "s" : "sell",
      "i" : "ONE_USD",
      "m" : "4611686018430577188"
    }, {
      "d" : "1756423939012620385",
      "t" : 1756423939012,
      "tn" : 1756423939012620385,
      "q" : "20060",
      "p" : "0.010843",
      "s" : "sell",
      "i" : "ONE_USD",
      "m" : "4611686018430577187"
    }, {
      "d" : "1756422904454247753",
      "t" : 1756422904454,
      "tn" : 1756422904454247753,
      "q" : "40800",
      "p" : "0.010834",
      "s" : "sell",
      "i" : "ONE_USD",
      "m" : "4611686018430577186"
    }, {
      "d" : "1756422865323068027",
      "t" : 1756422865323,
      "tn" : 1756422865323068027,
      "q" : "34600",
      "p" : "0.010823",
      "s" : "sell",
      "i" : "ONE_USD",
      "m" : "4611686018430577185"
    }, {
      "d" : "1756422763895494622",
      "t" : 1756422763895,
      "tn" : 1756422763895494622,
      "q" : "3710",
      "p" : "0.010778",
      "s" : "buy",
      "i" : "ONE_USD",
      "m" : "4611686018430577184"
    }, {
      "d" : "1756422763842479912",
      "t" : 1756422763842,
      "tn" : 1756422763842479912,
      "q" : "2320",
      "p" : "0.010778",
      "s" : "buy",
      "i" : "ONE_USD",
      "m" : "4611686018430577183"
    }, {
      "d" : "1756422763790300551",
      "t" : 1756422763790,
      "tn" : 1756422763790300551,
      "q" : "8350",
      "p" : "0.010778",
      "s" : "buy",
      "i" : "ONE_USD",
      "m" : "4611686018430577182"
    }, {
      "d" : "1756422763774483606",
      "t" : 1756422763774,
      "tn" : 1756422763774483606,
      "q" : "8350",
      "p" : "0.010778",
      "s" : "buy",
      "i" : "ONE_USD",
      "m" : "4611686018430577181"
    }, {
      "d" : "1756422763642335465",
      "t" : 1756422763642,
      "tn" : 1756422763642335465,
      "q" : "4640",
      "p" : "0.010778",
      "s" : "buy",
      "i" : "ONE_USD",
      "m" : "4611686018430577180"
    }, {
      "d" : "1756422763554191032",
      "t" : 1756422763554,
      "tn" : 1756422763554191032,
      "q" : "5510",
      "p" : "0.010778",
      "s" : "buy",
      "i" : "ONE_USD",
      "m" : "4611686018430577179"
    }, {
      "d" : "1756422763535457014",
      "t" : 1756422763535,
      "tn" : 1756422763535457014,
      "q" : "5510",
      "p" : "0.010778",
      "s" : "buy",
      "i" : "ONE_USD",
      "m" : "4611686018430577178"
    }, {
      "d" : "1756422763042140539",
      "t" : 1756422763042,
      "tn" : 1756422763042140539,
      "q" : "4640",
      "p" : "0.010778",
      "s" : "buy",
      "i" : "ONE_USD",
      "m" : "4611686018430577177"
    }, {
      "d" : "1756422762954249529",
      "t" : 1756422762954,
      "tn" : 1756422762954249529,
      "q" : "5510",
      "p" : "0.010778",
      "s" : "buy",
      "i" : "ONE_USD",
      "m" : "4611686018430577176"
    }, {
      "d" : "1756422762938398517",
      "t" : 1756422762938,
      "tn" : 1756422762938398517,
      "q" : "2980",
      "p" : "0.010778",
      "s" : "buy",
      "i" : "ONE_USD",
      "m" : "4611686018430577175"
    }, {
      "d" : "1756422762859296413",
      "t" : 1756422762859,
      "tn" : 1756422762859296413,
      "q" : "5510",
      "p" : "0.010778",
      "s" : "buy",
      "i" : "ONE_USD",
      "m" : "4611686018430577174"
    }, {
      "d" : "1756422762841363590",
      "t" : 1756422762841,
      "tn" : 1756422762841363590,
      "q" : "8350",
      "p" : "0.010778",
      "s" : "buy",
      "i" : "ONE_USD",
      "m" : "4611686018430577173"
    }, {
      "d" : "1756422748042248329",
      "t" : 1756422748042,
      "tn" : 1756422748042248329,
      "q" : "2320",
      "p" : "0.010793",
      "s" : "buy",
      "i" : "ONE_USD",
      "m" : "4611686018430577172"
    }, {
      "d" : "1756422747972489207",
      "t" : 1756422747972,
      "tn" : 1756422747972489207,
      "q" : "8340",
      "p" : "0.010793",
      "s" : "buy",
      "i" : "ONE_USD",
      "m" : "4611686018430577171"
    }, {
      "d" : "1756422747954919519",
      "t" : 1756422747954,
      "tn" : 1756422747954919519,
      "q" : "8340",
      "p" : "0.010793",
      "s" : "buy",
      "i" : "ONE_USD",
      "m" : "4611686018430577170"
    }, {
      "d" : "1756422741242633282",
      "t" : 1756422741242,
      "tn" : 1756422741242633282,
      "q" : "4630",
      "p" : "0.010793",
      "s" : "buy",
      "i" : "ONE_USD",
      "m" : "4611686018430577169"
    }, {
      "d" : "1756422741219537797",
      "t" : 1756422741219,
      "tn" : 1756422741219537797,
      "q" : "5510",
      "p" : "0.010793",
      "s" : "buy",
      "i" : "ONE_USD",
      "m" : "4611686018430577168"
    }, {
      "d" : "1756422741198749403",
      "t" : 1756422741198,
      "tn" : 1756422741198749403,
      "q" : "8340",
      "p" : "0.010793",
      "s" : "buy",
      "i" : "ONE_USD",
      "m" : "4611686018430577167"
    }, {
      "d" : "1756422337856536679",
      "t" : 1756422337856,
      "tn" : 1756422337856536679,
      "q" : "1170",
      "p" : "0.010892",
      "s" : "buy",
      "i" : "ONE_USD",
      "m" : "4611686018430577166"
    }, {
      "d" : "1756422337856534704",
      "t" : 1756422337856,
      "tn" : 1756422337856534704,
      "q" : "17210",
      "p" : "0.010891",
      "s" : "buy",
      "i" : "ONE_USD",
      "m" : "4611686018430577165"
    }, {
      "d" : "1756422073828922639",
      "t" : 1756422073828,
      "tn" : 1756422073828922639,
      "q" : "710",
      "p" : "0.010819",
      "s" : "buy",
      "i" : "ONE_USD",
      "m" : "4611686018430577164"
    }, {
      "d" : "1756422049572536800",
      "t" : 1756422049572,
      "tn" : 1756422049572536800,
      "q" : "4620",
      "p" : "0.010819",
      "s" : "buy",
      "i" : "ONE_USD",
      "m" : "4611686018430577163"
    }, {
      "d" : "1756421678706618305",
      "t" : 1756421678706,
      "tn" : 1756421678706618305,
      "q" : "17170",
      "p" : "0.010816",
      "s" : "buy",
      "i" : "ONE_USD",
      "m" : "4611686018430577162"
    }, {
      "d" : "1756421678706616350",
      "t" : 1756421678706,
      "tn" : 1756421678706616350,
      "q" : "470",
      "p" : "0.010762",
      "s" : "buy",
      "i" : "ONE_USD",
      "m" : "4611686018430577161"
    }, {
      "d" : "1756419690833140939",
      "t" : 1756419690833,
      "tn" : 1756419690833140939,
      "q" : "25370",
      "p" : "0.010758",
      "s" : "sell",
      "i" : "ONE_USD",
      "m" : "4611686018430577160"
    }, {
      "d" : "1756418719513590676",
      "t" : 1756418719513,
      "tn" : 1756418719513590676,
      "q" : "41230",
      "p" : "0.010661",
      "s" : "buy",
      "i" : "ONE_USD",
      "m" : "4611686018430577159"
    }, {
      "d" : "1756418719507615477",
      "t" : 1756418719507,
      "tn" : 1756418719507615477,
      "q" : "1040",
      "p" : "0.010661",
      "s" : "sell",
      "i" : "ONE_USD",
      "m" : "4611686018430577158"
    }, {
      "d" : "1756418676261257191",
      "t" : 1756418676261,
      "tn" : 1756418676261257191,
      "q" : "10860",
      "p" : "0.010733",
      "s" : "buy",
      "i" : "ONE_USD",
      "m" : "4611686018430577157"
    }, {
      "d" : "1756418676261254942",
      "t" : 1756418676261,
      "tn" : 1756418676261254942,
      "q" : "5380",
      "p" : "0.010713",
      "s" : "buy",
      "i" : "ONE_USD",
      "m" : "4611686018430577156"
    }, {
      "d" : "1756418676261252128",
      "t" : 1756418676261,
      "tn" : 1756418676261252128,
      "q" : "1500",
      "p" : "0.010712",
      "s" : "buy",
      "i" : "ONE_USD",
      "m" : "4611686018430577155"
    }, {
      "d" : "1756417482845729675",
      "t" : 1756417482845,
      "tn" : 1756417482845729675,
      "q" : "14010",
      "p" : "0.010712",
      "s" : "buy",
      "i" : "ONE_USD",
      "m" : "4611686018430577154"
    }, {
      "d" : "1756417482845727577",
      "t" : 1756417482845,
      "tn" : 1756417482845727577,
      "q" : "3750",
      "p" : "0.010711",
      "s" : "buy",
      "i" : "ONE_USD",
      "m" : "4611686018430577153"
    }, {
      "d" : "1756416238868958941",
      "t" : 1756416238868,
      "tn" : 1756416238868958941,
      "q" : "720",
      "p" : "0.010609",
      "s" : "buy",
      "i" : "ONE_USD",
      "m" : "4611686018430577152"
    }, {
      "d" : "1756416080054413308",
      "t" : 1756416080054,
      "tn" : 1756416080054413308,
      "q" : "4710",
      "p" : "0.010609",
      "s" : "buy",
      "i" : "ONE_USD",
      "m" : "4611686018430577151"
    }, {
      "d" : "1756413407455885266",
      "t" : 1756413407455,
      "tn" : 1756413407455885266,
      "q" : "200",
      "p" : "0.010591",
      "s" : "buy",
      "i" : "ONE_USD",
      "m" : "4611686018430577150"
    }, {
      "d" : "1756411205554981945",
      "t" : 1756411205554,
      "tn" : 1756411205554981945,
      "q" : "5430",
      "p" : "0.010505",
      "s" : "sell",
      "i" : "ONE_USD",
      "m" : "4611686018430577149"
    }, {
      "d" : "1756411205554979777",
      "t" : 1756411205554,
      "tn" : 1756411205554979777,
      "q" : "4200",
      "p" : "0.010506",
      "s" : "sell",
      "i" : "ONE_USD",
      "m" : "4611686018430577148"
    }, {
      "d" : "1756409903147037174",
      "t" : 1756409903147,
      "tn" : 1756409903147037174,
      "q" : "5380",
      "p" : "0.010609",
      "s" : "sell",
      "i" : "ONE_USD",
      "m" : "4611686018430577147"
    }, {
      "d" : "1756407779827963572",
      "t" : 1756407779827,
      "tn" : 1756407779827963572,
      "q" : "38350",
      "p" : "0.010662",
      "s" : "buy",
      "i" : "ONE_USD",
      "m" : "4611686018430577146"
    }, {
      "d" : "1756407418402203045",
      "t" : 1756407418402,
      "tn" : 1756407418402203045,
      "q" : "4000",
      "p" : "0.010650",
      "s" : "sell",
      "i" : "ONE_USD",
      "m" : "4611686018430577145"
    }, {
      "d" : "1756407287772752302",
      "t" : 1756407287772,
      "tn" : 1756407287772752302,
      "q" : "40750",
      "p" : "0.010683",
      "s" : "buy",
      "i" : "ONE_USD",
      "m" : "4611686018430577144"
    }, {
      "d" : "1756406888085635821",
      "t" : 1756406888085,
      "tn" : 1756406888085635821,
      "q" : "12610",
      "p" : "0.010733",
      "s" : "buy",
      "i" : "ONE_USD",
      "m" : "4611686018430577143"
    }, {
      "d" : "1756406888085633845",
      "t" : 1756406888085,
      "tn" : 1756406888085633844,
      "q" : "3760",
      "p" : "0.010732",
      "s" : "buy",
      "i" : "ONE_USD",
      "m" : "4611686018430577142"
    }, {
      "d" : "1756406888085633844",
      "t" : 1756406888085,
      "tn" : 1756406888085633844,
      "q" : "1390",
      "p" : "0.010732",
      "s" : "buy",
      "i" : "ONE_USD",
      "m" : "4611686018430577142"
    }, {
      "d" : "1756406207699829693",
      "t" : 1756406207699,
      "tn" : 1756406207699829693,
      "q" : "5380",
      "p" : "0.010762",
      "s" : "buy",
      "i" : "ONE_USD",
      "m" : "4611686018430577141"
    }, {
      "d" : "1756406207699827636",
      "t" : 1756406207699,
      "tn" : 1756406207699827636,
      "q" : "5380",
      "p" : "0.010713",
      "s" : "buy",
      "i" : "ONE_USD",
      "m" : "4611686018430577140"
    }, {
      "d" : "1756405531629573488",
      "t" : 1756405531629,
      "tn" : 1756405531629573488,
      "q" : "47590",
      "p" : "0.010649",
      "s" : "sell",
      "i" : "ONE_USD",
      "m" : "4611686018430577139"
    }, {
      "d" : "1756404936959540595",
      "t" : 1756404936959,
      "tn" : 1756404936959540595,
      "q" : "3780",
      "p" : "0.010582",
      "s" : "buy",
      "i" : "ONE_USD",
      "m" : "4611686018430577138"
    }, {
      "d" : "1756404936942310065",
      "t" : 1756404936942,
      "tn" : 1756404936942310065,
      "q" : "8510",
      "p" : "0.010582",
      "s" : "buy",
      "i" : "ONE_USD",
      "m" : "4611686018430577137"
    }, {
      "d" : "1756404936842265541",
      "t" : 1756404936842,
      "tn" : 1756404936842265541,
      "q" : "8510",
      "p" : "0.010582",
      "s" : "buy",
      "i" : "ONE_USD",
      "m" : "4611686018430577136"
    }, {
      "d" : "1756404936742038504",
      "t" : 1756404936742,
      "tn" : 1756404936742038504,
      "q" : "8510",
      "p" : "0.010582",
      "s" : "buy",
      "i" : "ONE_USD",
      "m" : "4611686018430577135"
    }, {
      "d" : "1756404936642273240",
      "t" : 1756404936642,
      "tn" : 1756404936642273240,
      "q" : "8510",
      "p" : "0.010582",
      "s" : "buy",
      "i" : "ONE_USD",
      "m" : "4611686018430577134"
    }, {
      "d" : "1756404936586258197",
      "t" : 1756404936586,
      "tn" : 1756404936586258197,
      "q" : "8510",
      "p" : "0.010582",
      "s" : "buy",
      "i" : "ONE_USD",
      "m" : "4611686018430577133"
    }, {
      "d" : "1756404936571235762",
      "t" : 1756404936571,
      "tn" : 1756404936571235762,
      "q" : "8510",
      "p" : "0.010582",
      "s" : "buy",
      "i" : "ONE_USD",
      "m" : "4611686018430577132"
    }, {
      "d" : "1756404936556235668",
      "t" : 1756404936556,
      "tn" : 1756404936556235668,
      "q" : "8510",
      "p" : "0.010582",
      "s" : "buy",
      "i" : "ONE_USD",
      "m" : "4611686018430577131"
    }, {
      "d" : "1756404936542162574",
      "t" : 1756404936542,
      "tn" : 1756404936542162574,
      "q" : "8510",
      "p" : "0.010582",
      "s" : "buy",
      "i" : "ONE_USD",
      "m" : "4611686018430577130"
    }, {
      "d" : "1756404936442009855",
      "t" : 1756404936442,
      "tn" : 1756404936442009855,
      "q" : "8510",
      "p" : "0.010582",
      "s" : "buy",
      "i" : "ONE_USD",
      "m" : "4611686018430577129"
    } ]
  }
}