{
  "id" : -1,
  "method" : "public/get-trades",
  "code" : 0,
  "result" : {
    "data" : [ {
      "d" : "1756461195846038537",
      "t" : 1756461195846,
      "tn" : 1756461195846038537,
      "q" : "499",
      "p" : "0.14872",
      "s" : "buy",
      "i" : "ONT_USD",
      "m" : "4611686018430076382"
    }, {
      "d" : "1756460404804741775",
      "t" : 1756460404804,
      "tn" : 1756460404804741775,
      "q" : "8",
      "p" : "0.14910",
      "s" : "buy",
      "i" : "ONT_USD",
      "m" : "4611686018430076381"
    }, {
      "d" : "1756459107170011601",
      "t" : 1756459107170,
      "tn" : 1756459107170011601,
      "q" : "8",
      "p" : "0.14862",
      "s" : "buy",
      "i" : "ONT_USD",
      "m" : "4611686018430076380"
    }, {
      "d" : "1756459095356910420",
      "t" : 1756459095356,
      "tn" : 1756459095356910420,
      "q" : "8",
      "p" : "0.14862",
      "s" : "buy",
      "i" : "ONT_USD",
      "m" : "4611686018430076379"
    }, {
      "d" : "1756459060791354724",
      "t" : 1756459060791,
      "tn" : 1756459060791354724,
      "q" : "135",
      "p" : "0.14861",
      "s" : "sell",
      "i" : "ONT_USD",
      "m" : "4611686018430076378"
    }, {
      "d" : "1756459060691263949",
      "t" : 1756459060691,
      "tn" : 1756459060691263949,
      "q" : "269",
      "p" : "0.14861",
      "s" : "sell",
      "i" : "ONT_USD",
      "m" : "4611686018430076377"
    }, {
      "d" : "1756456419312397861",
      "t" : 1756456419312,
      "tn" : 1756456419312397861,
      "q" : "8",
      "p" : "0.15017",
      "s" : "buy",
      "i" : "ONT_USD",
      "m" : "4611686018430076376"
    }, {
      "d" : "1756456374238523730",
      "t" : 1756456374238,
      "tn" : 1756456374238523730,
      "q" : "8",
      "p" : "0.15022",
      "s" : "buy",
      "i" : "ONT_USD",
      "m" : "4611686018430076375"
    }, {
      "d" : "1756456296230850716",
      "t" : 1756456296230,
      "tn" : 1756456296230850716,
      "q" : "8",
      "p" : "0.15012",
      "s" : "buy",
      "i" : "ONT_USD",
      "m" : "4611686018430076374"
    }, {
      "d" : "1756456263217982026",
      "t" : 1756456263217,
      "tn" : 1756456263217982026,
      "q" : "997",
      "p" : "0.15043",
      "s" : "sell",
      "i" : "ONT_USD",
      "m" : "4611686018430076373"
    }, {
      "d" : "1756456209243282535",
      "t" : 1756456209243,
      "tn" : 1756456209243282535,
      "q" : "8",
      "p" : "0.15022",
      "s" : "buy",
      "i" : "ONT_USD",
      "m" : "4611686018430076372"
    }, {
      "d" : "1756456197487849452",
      "t" : 1756456197487,
      "tn" : 1756456197487849452,
      "q" : "8",
      "p" : "0.15012",
      "s" : "buy",
      "i" : "ONT_USD",
      "m" : "4611686018430076371"
    }, {
      "d" : "1756456188332017886",
      "t" : 1756456188332,
      "tn" : 1756456188332017886,
      "q" : "8",
      "p" : "0.15022",
      "s" : "buy",
      "i" : "ONT_USD",
      "m" : "4611686018430076370"
    }, {
      "d" : "1756456119185992766",
      "t" : 1756456119185,
      "tn" : 1756456119185992766,
      "q" : "8",
      "p" : "0.14982",
      "s" : "buy",
      "i" : "ONT_USD",
      "m" : "4611686018430076369"
    }, {
      "d" : "1756456098368115191",
      "t" : 1756456098368,
      "tn" : 1756456098368115191,
      "q" : "8",
      "p" : "0.15031",
      "s" : "buy",
      "i" : "ONT_USD",
      "m" : "4611686018430076368"
    }, {
      "d" : "1756456080268760325",
      "t" : 1756456080268,
      "tn" : 1756456080268760325,
      "q" : "8",
      "p" : "0.15022",
      "s" : "buy",
      "i" : "ONT_USD",
      "m" : "4611686018430076367"
    }, {
      "d" : "1756456062251610473",
      "t" : 1756456062251,
      "tn" : 1756456062251610473,
      "q" : "8",
      "p" : "0.15022",
      "s" : "buy",
      "i" : "ONT_USD",
      "m" : "4611686018430076366"
    }, {
      "d" : "1756456035097918136",
      "t" : 1756456035097,
      "tn" : 1756456035097918136,
      "q" : "8",
      "p" : "0.15056",
      "s" : "buy",
      "i" : "ONT_USD",
      "m" : "4611686018430076365"
    }, {
      "d" : "1756455960148953868",
      "t" : 1756455960148,
      "tn" : 1756455960148953868,
      "q" : "8",
      "p" : "0.15044",
      "s" : "buy",
      "i" : "ONT_USD",
      "m" : "4611686018430076364"
    }, {
      "d" : "1756455939133503228",
      "t" : 1756455939133,
      "tn" : 1756455939133503228,
      "q" : "1908",
      "p" : "0.15063",
      "s" : "sell",
      "i" : "ONT_USD",
      "m" : "4611686018430076363"
    }, {
      "d" : "1756455282167726860",
      "t" : 1756455282167,
      "tn" : 1756455282167726860,
      "q" : "322",
      "p" : "0.15053",
      "s" : "sell",
      "i" : "ONT_USD",
      "m" : "4611686018430076362"
    }, {
      "d" : "1756451772138322200",
      "t" : 1756451772138,
      "tn" : 1756451772138322200,
      "q" : "42",
      "p" : "0.15215",
      "s" : "sell",
      "i" : "ONT_USD",
      "m" : "4611686018430076361"
    }, {
      "d" : "1756451309967985630",
      "t" : 1756451309967,
      "tn" : 1756451309967985630,
      "q" : "54",
      "p" : "0.15217",
      "s" : "sell",
      "i" : "ONT_USD",
      "m" : "4611686018430076360"
    }, {
      "d" : "1756439292984400589",
      "t" : 1756439292984,
      "tn" : 1756439292984400589,
      "q" : "8",
      "p" : "0.16144",
      "s" : "sell",
      "i" : "ONT_USD",
      "m" : "4611686018430076359"
    }, {
      "d" : "1756435610924077532",
      "t" : 1756435610924,
      "tn" : 1756435610924077531,
      "q" : "389",
      "p" : "0.15696",
      "s" : "buy",
      "i" : "ONT_USD",
      "m" : "4611686018430076358"
    }, {
      "d" : "1756435610924077531",
      "t" : 1756435610924,
      "tn" : 1756435610924077531,
      "q" : "788",
      "p" : "0.15696",
      "s" : "buy",
      "i" : "ONT_USD",
      "m" : "4611686018430076358"
    }, {
      "d" : "1756435610924073702",
      "t" : 1756435610924,
      "tn" : 1756435610924073702,
      "q" : "8",
      "p" : "0.15654",
      "s" : "buy",
      "i" : "ONT_USD",
      "m" : "4611686018430076357"
    }, {
      "d" : "1756433894873261289",
      "t" : 1756433894873,
      "tn" : 1756433894873261289,
      "q" : "144",
      "p" : "0.15736",
      "s" : "sell",
      "i" : "ONT_USD",
      "m" : "4611686018430076356"
    }, {
      "d" : "1756431259431018277",
      "t" : 1756431259431,
      "tn" : 1756431259431018277,
      "q" : "112",
      "p" : "0.15624",
      "s" : "buy",
      "i" : "ONT_USD",
      "m" : "4611686018430076355"
    }, {
      "d" : "1756431235294290534",
      "t" : 1756431235294,
      "tn" : 1756431235294290534,
      "q" : "8",
      "p" : "0.15642",
      "s" : "sell",
      "i" : "ONT_USD",
      "m" : "4611686018430076354"
    }, {
      "d" : "1756430580667226072",
      "t" : 1756430580667,
      "tn" : 1756430580667226072,
      "q" : "67",
      "p" : "0.15604",
      "s" : "buy",
      "i" : "ONT_USD",
      "m" : "4611686018430076353"
    }, {
      "d" : "1756430580644379903",
      "t" : 1756430580644,
      "tn" : 1756430580644379903,
      "q" : "8",
      "p" : "0.15632",
      "s" : "sell",
      "i" : "ONT_USD",
      "m" : "4611686018430076352"
    }, {
      "d" : "1756430542334567319",
      "t" : 1756430542334,
      "tn" : 1756430542334567319,
      "q" : "8",
      "p" : "0.15632",
      "s" : "sell",
      "i" : "ONT_USD",
      "m" : "4611686018430076351"
    }, {
      "d" : "1756430527341712938",
      "t" : 1756430527341,
      "tn" : 1756430527341712938,
      "q" : "8",
      "p" : "0.15630",
      "s" : "sell",
      "i" : "ONT_USD",
      "m" : "4611686018430076350"
    }, {
      "d" : "1756430491812606690",
      "t" : 1756430491812,
      "tn" : 1756430491812606690,
      "q" : "8",
      "p" : "0.15642",
      "s" : "sell",
      "i" : "ONT_USD",
      "m" : "4611686018430076349"
    }, {
      "d" : "1756430452944776728",
      "t" : 1756430452944,
      "tn" : 1756430452944776728,
      "q" : "101",
      "p" : "0.15634",
      "s" : "buy",
      "i" : "ONT_USD",
      "m" : "4611686018430076348"
    }, {
      "d" : "1756428528032139166",
      "t" : 1756428528032,
      "tn" : 1756428528032139166,
      "q" : "109",
      "p" : "0.15759",
      "s" : "buy",
      "i" : "ONT_USD",
      "m" : "4611686018430076347"
    }, {
      "d" : "1756424739773320725",
      "t" : 1756424739773,
      "tn" : 1756424739773320725,
      "q" : "91",
      "p" : "0.15956",
      "s" : "sell",
      "i" : "ONT_USD",
      "m" : "4611686018430076346"
    }, {
      "d" : "1756424670151114457",
      "t" : 1756424670151,
      "tn" : 1756424670151114457,
      "q" : "291",
      "p" : "0.15913",
      "s" : "buy",
      "i" : "ONT_USD",
      "m" : "4611686018430076345"
    }, {
      "d" : "1756424670142049845",
      "t" : 1756424670142,
      "tn" : 1756424670142049845,
      "q" : "8",
      "p" : "0.15932",
      "s" : "sell",
      "i" : "ONT_USD",
      "m" : "4611686018430076344"
    }, {
      "d" : "1756421383103972718",
      "t" : 1756421383103,
      "tn" : 1756421383103972718,
      "q" : "17",
      "p" : "0.15842",
      "s" : "buy",
      "i" : "ONT_USD",
      "m" : "4611686018430076343"
    }, {
      "d" : "1756417584892031378",
      "t" : 1756417584892,
      "tn" : 1756417584892031378,
      "q" : "8",
      "p" : "0.15792",
      "s" : "sell",
      "i" : "ONT_USD",
      "m" : "4611686018430076342"
    }, {
      "d" : "1756417390738675509",
      "t" : 1756417390738,
      "tn" : 1756417390738675509,
      "q" : "61",
      "p" : "0.15817",
      "s" : "sell",
      "i" : "ONT_USD",
      "m" : "4611686018430076341"
    }, {
      "d" : "1756416123088071215",
      "t" : 1756416123088,
      "tn" : 1756416123088071215,
      "q" : "1432",
      "p" : "0.15770",
      "s" : "buy",
      "i" : "ONT_USD",
      "m" : "4611686018430076340"
    }, {
      "d" : "1756416020899801063",
      "t" : 1756416020899,
      "tn" : 1756416020899801063,
      "q" : "264",
      "p" : "0.15730",
      "s" : "buy",
      "i" : "ONT_USD",
      "m" : "4611686018430076339"
    }, {
      "d" : "1756415834165453170",
      "t" : 1756415834165,
      "tn" : 1756415834165453170,
      "q" : "851",
      "p" : "0.15767",
      "s" : "sell",
      "i" : "ONT_USD",
      "m" : "4611686018430076338"
    }, {
      "d" : "1756413630814561294",
      "t" : 1756413630814,
      "tn" : 1756413630814561294,
      "q" : "614",
      "p" : "0.15571",
      "s" : "buy",
      "i" : "ONT_USD",
      "m" : "4611686018430076337"
    }, {
      "d" : "1756413057935103787",
      "t" : 1756413057935,
      "tn" : 1756413057935103787,
      "q" : "22",
      "p" : "0.15684",
      "s" : "buy",
      "i" : "ONT_USD",
      "m" : "4611686018430076336"
    }, {
      "d" : "1756411265861034492",
      "t" : 1756411265861,
      "tn" : 1756411265861034492,
      "q" : "32",
      "p" : "0.15544",
      "s" : "buy",
      "i" : "ONT_USD",
      "m" : "4611686018430076335"
    }, {
      "d" : "1756411061693708322",
      "t" : 1756411061693,
      "tn" : 1756411061693708322,
      "q" : "60",
      "p" : "0.15580",
      "s" : "buy",
      "i" : "ONT_USD",
      "m" : "4611686018430076334"
    }, {
      "d" : "1756410677189373284",
      "t" : 1756410677189,
      "tn" : 1756410677189373284,
      "q" : "314",
      "p" : "0.15598",
      "s" : "buy",
      "i" : "ONT_USD",
      "m" : "4611686018430076333"
    }, {
      "d" : "1756410654043861310",
      "t" : 1756410654043,
      "tn" : 1756410654043861310,
      "q" : "8",
      "p" : "0.15602",
      "s" : "sell",
      "i" : "ONT_USD",
      "m" : "4611686018430076332"
    }, {
      "d" : "1756409186815252058",
      "t" : 1756409186815,
      "tn" : 1756409186815252058,
      "q" : "109",
      "p" : "0.15752",
      "s" : "sell",
      "i" : "ONT_USD",
      "m" : "4611686018430076331"
    }, {
      "d" : "1756409186809217381",
      "t" : 1756409186809,
      "tn" : 1756409186809217381,
      "q" : "8",
      "p" : "0.15732",
      "s" : "buy",
      "i" : "ONT_USD",
      "m" : "4611686018430076330"
    }, {
      "d" : "1756409174760436320",
      "t" : 1756409174760,
      "tn" : 1756409174760436320,
      "q" : "114",
      "p" : "0.15707",
      "s" : "buy",
      "i" : "ONT_USD",
      "m" : "4611686018430076329"
    }, {
      "d" : "1756408800294148770",
      "t" : 1756408800294,
      "tn" : 1756408800294148770,
      "q" : "100",
      "p" : "0.15714",
      "s" : "buy",
      "i" : "ONT_USD",
      "m" : "4611686018430076328"
    }, {
      "d" : "1756407878060105221",
      "t" : 1756407878060,
      "tn" : 1756407878060105221,
      "q" : "62",
      "p" : "0.15745",
      "s" : "buy",
      "i" : "ONT_USD",
      "m" : "4611686018430076327"
    }, {
      "d" : "1756407638203429705",
      "t" : 1756407638203,
      "tn" : 1756407638203429705,
      "q" : "400",
      "p" : "0.15765",
      "s" : "buy",
      "i" : "ONT_USD",
      "m" : "4611686018430076326"
    }, {
      "d" : "1756406957682196143",
      "t" : 1756406957682,
      "tn" : 1756406957682196143,
      "q" : "135",
      "p" : "0.15725",
      "s" : "buy",
      "i" : "ONT_USD",
      "m" : "4611686018430076325"
    }, {
      "d" : "1756406867033171758",
      "t" : 1756406867033,
      "tn" : 1756406867033171758,
      "q" : "130",
      "p" : "0.15725",
      "s" : "buy",
      "i" : "ONT_USD",
      "m" : "4611686018430076324"
    }, {
      "d" : "1756406345865293237",
      "t" : 1756406345865,
      "tn" : 1756406345865293237,
      "q" : "318",
      "p" : "0.15817",
      "s" : "sell",
      "i" : "ONT_USD",
      "m" : "4611686018430076323"
    }, {
      "d" : "1756406334619490910",
      "t" : 1756406334619,
      "tn" : 1756406334619490910,
      "q" : "8",
      "p" : "0.15802",
      "s" : "buy",
      "i" : "ONT_USD",
      "m" : "4611686018430076322"
    }, {
      "d" : "1756406312885383277",
      "t" : 1756406312885,
      "tn" : 1756406312885383277,
      "q" : "8",
      "p" : "0.15802",
      "s" : "buy",
      "i" : "ONT_USD",
      "m" : "4611686018430076321"
    }, {
      "d" : "1756406285384976908",
      "t" : 1756406285384,
      "tn" : 1756406285384976908,
      "q" : "8",
      "p" : "0.15802",
      "s" : "buy",
      "i" : "ONT_USD",
      "m" : "4611686018430076320"
    }, {
      "d" : "1756406235295818664",
      "t" : 1756406235295,
      "tn" : 1756406235295818664,
      "q" : "8",
      "p" : "0.15782",
      "s" : "buy",
      "i" : "ONT_USD",
      "m" : "4611686018430076319"
    }, {
      "d" : "1756400565742807574",
      "t" : 1756400565742,
      "tn" : 1756400565742807574,
      "q" : "73",
      "p" : "0.15758",
      "s" : "sell",
      "i" : "ONT_USD",
      "m" : "4611686018430076318"
    }, {
      "d" : "1756400448053662237",
      "t" : 1756400448053,
      "tn" : 1756400448053662237,
      "q" : "1678",
      "p" : "0.15637",
      "s" : "sell",
      "i" : "ONT_USD",
      "m" : "4611686018430076317"
    }, {
      "d" : "1756400448053660666",
      "t" : 1756400448053,
      "tn" : 1756400448053660666,
      "q" : "639",
      "p" : "0.15640",
      "s" : "sell",
      "i" : "ONT_USD",
      "m" : "4611686018430076316"
    }, {
      "d" : "1756399532999041074",
      "t" : 1756399532999,
      "tn" : 1756399532999041074,
      "q" : "147",
      "p" : "0.15872",
      "s" : "sell",
      "i" : "ONT_USD",
      "m" : "4611686018430076315"
    }, {
      "d" : "1756399247540307733",
      "t" : 1756399247540,
      "tn" : 1756399247540307733,
      "q" : "126",
      "p" : "0.15876",
      "s" : "buy",
      "i" : "ONT_USD",
      "m" : "4611686018430076314"
    }, {
      "d" : "1756399245309945190",
      "t" : 1756399245309,
      "tn" : 1756399245309945190,
      "q" : "8",
      "p" : "0.15904",
      "s" : "sell",
      "i" : "ONT_USD",
      "m" : "4611686018430076313"
    }, {
      "d" : "1756399218480014983",
      "t" : 1756399218480,
      "tn" : 1756399218480014983,
      "q" : "8",
      "p" : "0.15903",
      "s" : "sell",
      "i" : "ONT_USD",
      "m" : "4611686018430076312"
    }, {
      "d" : "1756399200568219056",
      "t" : 1756399200568,
      "tn" : 1756399200568219056,
      "q" : "8",
      "p" : "0.15904",
      "s" : "sell",
      "i" : "ONT_USD",
      "m" : "4611686018430076311"
    }, {
      "d" : "1756399153300956188",
      "t" : 1756399153300,
      "tn" : 1756399153300956188,
      "q" : "113",
      "p" : "0.15876",
      "s" : "buy",
      "i" : "ONT_USD",
      "m" : "4611686018430076310"
    }, {
      "d" : "1756399153300292096",
      "t" : 1756399153300,
      "tn" : 1756399153300292095,
      "q" : "79",
      "p" : "0.15876",
      "s" : "buy",
      "i" : "ONT_USD",
      "m" : "4611686018430076309"
    }, {
      "d" : "1756399153300292095",
      "t" : 1756399153300,
      "tn" : 1756399153300292095,
      "q" : "34",
      "p" : "0.15876",
      "s" : "buy",
      "i" : "ONT_USD",
      "m" : "4611686018430076309"
    }, {
      "d" : "1756398783302734903",
      "t" : 1756398783302,
      "tn" : 1756398783302734903,
      "q" : "8",
      "p" : "0.15924",
      "s" : "sell",
      "i" : "ONT_USD",
      "m" : "4611686018430076308"
    }, {
      "d" : "1756398675588067058",
      "t" : 1756398675588,
      "tn" : 1756398675588067058,
      "q" : "8",
      "p" : "0.15944",
      "s" : "sell",
      "i" : "ONT_USD",
      "m" : "4611686018430076307"
    }, {
      "d" : "1756397886300445542",
      "t" : 1756397886300,
      "tn" : 1756397886300445542,
      "q" : "8",
      "p" : "0.15984",
      "s" : "sell",
      "i" : "ONT_USD",
      "m" : "4611686018430076306"
    }, {
      "d" : "1756397871497627029",
      "t" : 1756397871497,
      "tn" : 1756397871497627029,
      "q" : "8",
      "p" : "0.15974",
      "s" : "sell",
      "i" : "ONT_USD",
      "m" : "4611686018430076305"
    }, {
      "d" : "1756397861755417449",
      "t" : 1756397861755,
      "tn" : 1756397861755417449,
      "q" : "157",
      "p" : "0.15947",
      "s" : "buy",
      "i" : "ONT_USD",
      "m" : "4611686018430076304"
    }, {
      "d" : "1756397836241687912",
      "t" : 1756397836241,
      "tn" : 1756397836241687912,
      "q" : "98",
      "p" : "0.15954",
      "s" : "buy",
      "i" : "ONT_USD",
      "m" : "4611686018430076303"
    }, {
      "d" : "1756397769405441336",
      "t" : 1756397769405,
      "tn" : 1756397769405441336,
      "q" : "79",
      "p" : "0.15930",
      "s" : "buy",
      "i" : "ONT_USD",
      "m" : "4611686018430076302"
    }, {
      "d" : "1756397760895984360",
      "t" : 1756397760895,
      "tn" : 1756397760895984360,
      "q" : "8",
      "p" : "0.15954",
      "s" : "sell",
      "i" : "ONT_USD",
      "m" : "4611686018430076301"
    }, {
      "d" : "1756397685597300470",
      "t" : 1756397685597,
      "tn" : 1756397685597300470,
      "q" : "8",
      "p" : "0.15934",
      "s" : "sell",
      "i" : "ONT_USD",
      "m" : "4611686018430076300"
    }, {
      "d" : "1756397682325233501",
      "t" : 1756397682325,
      "tn" : 1756397682325233501,
      "q" : "8",
      "p" : "0.15934",
      "s" : "sell",
      "i" : "ONT_USD",
      "m" : "4611686018430076299"
    }, {
      "d" : "1756397671328162769",
      "t" : 1756397671328,
      "tn" : 1756397671328162769,
      "q" : "566",
      "p" : "0.15906",
      "s" : "buy",
      "i" : "ONT_USD",
      "m" : "4611686018430076298"
    }, {
      "d" : "1756397664728003447",
      "t" : 1756397664728,
      "tn" : 1756397664728003447,
      "q" : "96",
      "p" : "0.15907",
      "s" : "buy",
      "i" : "ONT_USD",
      "m" : "4611686018430076297"
    }, {
      "d" : "1756397664725447515",
      "t" : 1756397664725,
      "tn" : 1756397664725447515,
      "q" : "96",
      "p" : "0.15907",
      "s" : "buy",
      "i" : "ONT_USD",
      "m" : "4611686018430076296"
    }, {
      "d" : "1756397654473397184",
      "t" : 1756397654473,
      "tn" : 1756397654473397184,
      "q" : "226",
      "p" : "0.15906",
      "s" : "buy",
      "i" : "ONT_USD",
      "m" : "4611686018430076295"
    }, {
      "d" : "1756397654425697576",
      "t" : 1756397654425,
      "tn" : 1756397654425697576,
      "q" : "94",
      "p" : "0.15906",
      "s" : "buy",
      "i" : "ONT_USD",
      "m" : "4611686018430076294"
    }, {
      "d" : "1756397654421757480",
      "t" : 1756397654421,
      "tn" : 1756397654421757480,
      "q" : "94",
      "p" : "0.15906",
      "s" : "buy",
      "i" : "ONT_USD",
      "m" : "4611686018430076293"
    }, {
      "d" : "1756397654291070798",
      "t" : 1756397654291,
      "tn" : 1756397654291070798,
      "q" : "440",
      "p" : "0.15906",
      "s" : "buy",
      "i" : "ONT_USD",
      "m" : "4611686018430076292"
    }, {
      "d" : "1756397654191377575",
      "t" : 1756397654191,
      "tn" : 1756397654191377575,
      "q" : "566",
      "p" : "0.15906",
      "s" : "buy",
      "i" : "ONT_USD",
      "m" : "4611686018430076291"
    }, {
      "d" : "1756397653091197150",
      "t" : 1756397653091,
      "tn" : 1756397653091197150,
      "q" : "310",
      "p" : "0.15906",
      "s" : "buy",
      "i" : "ONT_USD",
      "m" : "4611686018430076290"
    }, {
      "d" : "1756397653089283807",
      "t" : 1756397653089,
      "tn" : 1756397653089283807,
      "q" : "310",
      "p" : "0.15906",
      "s" : "buy",
      "i" : "ONT_USD",
      "m" : "4611686018430076289"
    }, {
      "d" : "1756397652451440779",
      "t" : 1756397652451,
      "tn" : 1756397652451440779,
      "q" : "106",
      "p" : "0.15906",
      "s" : "buy",
      "i" : "ONT_USD",
      "m" : "4611686018430076288"
    }, {
      "d" : "1756397548874019961",
      "t" : 1756397548874,
      "tn" : 1756397548874019961,
      "q" : "106",
      "p" : "0.15944",
      "s" : "sell",
      "i" : "ONT_USD",
      "m" : "4611686018430076287"
    }, {
      "d" : "1756396915938462776",
      "t" : 1756396915938,
      "tn" : 1756396915938462776,
      "q" : "8",
      "p" : "0.15884",
      "s" : "sell",
      "i" : "ONT_USD",
      "m" : "4611686018430076286"
    }, {
      "d" : "1756396900812492291",
      "t" : 1756396900812,
      "tn" : 1756396900812492291,
      "q" : "8",
      "p" : "0.15867",
      "s" : "sell",
      "i" : "ONT_USD",
      "m" : "4611686018430076285"
    }, {
      "d" : "1756396820690996688",
      "t" : 1756396820690,
      "tn" : 1756396820690996688,
      "q" : "252",
      "p" : "0.15866",
      "s" : "buy",
      "i" : "ONT_USD",
      "m" : "4611686018430076284"
    }, {
      "d" : "1756396810810944259",
      "t" : 1756396810810,
      "tn" : 1756396810810944259,
      "q" : "407",
      "p" : "0.15865",
      "s" : "buy",
      "i" : "ONT_USD",
      "m" : "4611686018430076283"
    }, {
      "d" : "1756396810808502015",
      "t" : 1756396810808,
      "tn" : 1756396810808502015,
      "q" : "677",
      "p" : "0.15865",
      "s" : "buy",
      "i" : "ONT_USD",
      "m" : "4611686018430076282"
    }, {
      "d" : "1756396810779778920",
      "t" : 1756396810779,
      "tn" : 1756396810779778920,
      "q" : "1103",
      "p" : "0.15865",
      "s" : "buy",
      "i" : "ONT_USD",
      "m" : "4611686018430076281"
    }, {
      "d" : "1756394434869126582",
      "t" : 1756394434869,
      "tn" : 1756394434869126582,
      "q" : "8",
      "p" : "0.15976",
      "s" : "sell",
      "i" : "ONT_USD",
      "m" : "4611686018430076280"
    }, {
      "d" : "1756394063651711724",
      "t" : 1756394063651,
      "tn" : 1756394063651711724,
      "q" : "32",
      "p" : "0.16005",
      "s" : "buy",
      "i" : "ONT_USD",
      "m" : "4611686018430076279"
    }, {
      "d" : "1756393728038568678",
      "t" : 1756393728038,
      "tn" : 1756393728038568678,
      "q" : "412",
      "p" : "0.16063",
      "s" : "buy",
      "i" : "ONT_USD",
      "m" : "4611686018430076278"
    }, {
      "d" : "1756393728032264211",
      "t" : 1756393728032,
      "tn" : 1756393728032264211,
      "q" : "8",
      "p" : "0.16072",
      "s" : "sell",
      "i" : "ONT_USD",
      "m" : "4611686018430076277"
    }, {
      "d" : "1756393496931314001",
      "t" : 1756393496931,
      "tn" : 1756393496931314001,
      "q" : "45",
      "p" : "0.16080",
      "s" : "buy",
      "i" : "ONT_USD",
      "m" : "4611686018430076276"
    }, {
      "d" : "1756393496926286145",
      "t" : 1756393496926,
      "tn" : 1756393496926286145,
      "q" : "8",
      "p" : "0.16102",
      "s" : "sell",
      "i" : "ONT_USD",
      "m" : "4611686018430076275"
    }, {
      "d" : "1756393481964010854",
      "t" : 1756393481964,
      "tn" : 1756393481964010854,
      "q" : "8",
      "p" : "0.16102",
      "s" : "sell",
      "i" : "ONT_USD",
      "m" : "4611686018430076274"
    }, {
      "d" : "1756392142029760437",
      "t" : 1756392142029,
      "tn" : 1756392142029760437,
      "q" : "427",
      "p" : "0.16142",
      "s" : "sell",
      "i" : "ONT_USD",
      "m" : "4611686018430076273"
    }, {
      "d" : "1756391138152055522",
      "t" : 1756391138152,
      "tn" : 1756391138152055522,
      "q" : "1165",
      "p" : "0.16176",
      "s" : "sell",
      "i" : "ONT_USD",
      "m" : "4611686018430076272"
    }, {
      "d" : "1756391138143887393",
      "t" : 1756391138143,
      "tn" : 1756391138143887393,
      "q" : "8",
      "p" : "0.16158",
      "s" : "buy",
      "i" : "ONT_USD",
      "m" : "4611686018430076271"
    }, {
      "d" : "1756388733723906062",
      "t" : 1756388733723,
      "tn" : 1756388733723906062,
      "q" : "8",
      "p" : "0.16322",
      "s" : "sell",
      "i" : "ONT_USD",
      "m" : "4611686018430076270"
    }, {
      "d" : "1756388720203520169",
      "t" : 1756388720203,
      "tn" : 1756388720203520169,
      "q" : "8",
      "p" : "0.16342",
      "s" : "sell",
      "i" : "ONT_USD",
      "m" : "4611686018430076269"
    }, {
      "d" : "1756388701416627817",
      "t" : 1756388701416,
      "tn" : 1756388701416627817,
      "q" : "8",
      "p" : "0.16362",
      "s" : "sell",
      "i" : "ONT_USD",
      "m" : "4611686018430076268"
    }, {
      "d" : "1756386219606340945",
      "t" : 1756386219606,
      "tn" : 1756386219606340945,
      "q" : "118",
      "p" : "0.16247",
      "s" : "buy",
      "i" : "ONT_USD",
      "m" : "4611686018430076267"
    }, {
      "d" : "1756386193040653223",
      "t" : 1756386193040,
      "tn" : 1756386193040653223,
      "q" : "58",
      "p" : "0.16228",
      "s" : "buy",
      "i" : "ONT_USD",
      "m" : "4611686018430076266"
    }, {
      "d" : "1756386193035581348",
      "t" : 1756386193035,
      "tn" : 1756386193035581348,
      "q" : "8",
      "p" : "0.16247",
      "s" : "sell",
      "i" : "ONT_USD",
      "m" : "4611686018430076265"
    }, {
      "d" : "1756386180789948095",
      "t" : 1756386180789,
      "tn" : 1756386180789948095,
      "q" : "8",
      "p" : "0.16252",
      "s" : "sell",
      "i" : "ONT_USD",
      "m" : "4611686018430076264"
    }, {
      "d" : "1756385847892760752",
      "t" : 1756385847892,
      "tn" : 1756385847892760752,
      "q" : "58",
      "p" : "0.16243",
      "s" : "sell",
      "i" : "ONT_USD",
      "m" : "4611686018430076263"
    }, {
      "d" : "1756385847887072151",
      "t" : 1756385847887,
      "tn" : 1756385847887072151,
      "q" : "8",
      "p" : "0.16233",
      "s" : "buy",
      "i" : "ONT_USD",
      "m" : "4611686018430076262"
    }, {
      "d" : "1756385620006690235",
      "t" : 1756385620006,
      "tn" : 1756385620006690235,
      "q" : "8",
      "p" : "0.16192",
      "s" : "sell",
      "i" : "ONT_USD",
      "m" : "4611686018430076261"
    }, {
      "d" : "1756383398698814654",
      "t" : 1756383398698,
      "tn" : 1756383398698814654,
      "q" : "9",
      "p" : "0.16098",
      "s" : "sell",
      "i" : "ONT_USD",
      "m" : "4611686018430076260"
    }, {
      "d" : "1756383398698812767",
      "t" : 1756383398698,
      "tn" : 1756383398698812767,
      "q" : "8",
      "p" : "0.16132",
      "s" : "sell",
      "i" : "ONT_USD",
      "m" : "4611686018430076259"
    }, {
      "d" : "1756382526711105476",
      "t" : 1756382526711,
      "tn" : 1756382526711105476,
      "q" : "154",
      "p" : "0.16075",
      "s" : "buy",
      "i" : "ONT_USD",
      "m" : "4611686018430076258"
    }, {
      "d" : "1756382493802721739",
      "t" : 1756382493802,
      "tn" : 1756382493802721739,
      "q" : "8",
      "p" : "0.16092",
      "s" : "sell",
      "i" : "ONT_USD",
      "m" : "4611686018430076257"
    }, {
      "d" : "1756382424889143581",
      "t" : 1756382424889,
      "tn" : 1756382424889143581,
      "q" : "8",
      "p" : "0.16102",
      "s" : "sell",
      "i" : "ONT_USD",
      "m" : "4611686018430076256"
    }, {
      "d" : "1756382327127754496",
      "t" : 1756382327127,
      "tn" : 1756382327127754496,
      "q" : "98",
      "p" : "0.16074",
      "s" : "buy",
      "i" : "ONT_USD",
      "m" : "4611686018430076255"
    }, {
      "d" : "1756382288007261590",
      "t" : 1756382288007,
      "tn" : 1756382288007261590,
      "q" : "226",
      "p" : "0.16084",
      "s" : "buy",
      "i" : "ONT_USD",
      "m" : "4611686018430076254"
    }, {
      "d" : "1756382288000155496",
      "t" : 1756382288000,
      "tn" : 1756382288000155496,
      "q" : "226",
      "p" : "0.16084",
      "s" : "buy",
      "i" : "ONT_USD",
      "m" : "4611686018430076253"
    }, {
      "d" : "1756382287998067489",
      "t" : 1756382287998,
      "tn" : 1756382287998067489,
      "q" : "98",
      "p" : "0.16084",
      "s" : "buy",
      "i" : "ONT_USD",
      "m" : "4611686018430076252"
    }, {
      "d" : "1756382221911470761",
      "t" : 1756382221911,
      "tn" : 1756382221911470761,
      "q" : "8",
      "p" : "0.16102",
      "s" : "sell",
      "i" : "ONT_USD",
      "m" : "4611686018430076251"
    }, {
      "d" : "1756382210024664563",
      "t" : 1756382210024,
      "tn" : 1756382210024664563,
      "q" : "226",
      "p" : "0.16085",
      "s" : "buy",
      "i" : "ONT_USD",
      "m" : "4611686018430076250"
    }, {
      "d" : "1756382209968877605",
      "t" : 1756382209968,
      "tn" : 1756382209968877605,
      "q" : "226",
      "p" : "0.16085",
      "s" : "buy",
      "i" : "ONT_USD",
      "m" : "4611686018430076249"
    }, {
      "d" : "1756382209938151685",
      "t" : 1756382209938,
      "tn" : 1756382209938151685,
      "q" : "8",
      "p" : "0.16112",
      "s" : "sell",
      "i" : "ONT_USD",
      "m" : "4611686018430076248"
    }, {
      "d" : "1756381440820860915",
      "t" : 1756381440820,
      "tn" : 1756381440820860915,
      "q" : "8",
      "p" : "0.16071",
      "s" : "sell",
      "i" : "ONT_USD",
      "m" : "4611686018430076247"
    }, {
      "d" : "1756381395911880795",
      "t" : 1756381395911,
      "tn" : 1756381395911880795,
      "q" : "8",
      "p" : "0.16062",
      "s" : "sell",
      "i" : "ONT_USD",
      "m" : "4611686018430076246"
    }, {
      "d" : "1756381380821594173",
      "t" : 1756381380821,
      "tn" : 1756381380821594173,
      "q" : "8",
      "p" : "0.16062",
      "s" : "sell",
      "i" : "ONT_USD",
      "m" : "4611686018430076245"
    }, {
      "d" : "1756381332101073548",
      "t" : 1756381332101,
      "tn" : 1756381332101073548,
      "q" : "8",
      "p" : "0.16082",
      "s" : "sell",
      "i" : "ONT_USD",
      "m" : "4611686018430076244"
    }, {
      "d" : "1756380369523906990",
      "t" : 1756380369523,
      "tn" : 1756380369523906990,
      "q" : "602",
      "p" : "0.16055",
      "s" : "buy",
      "i" : "ONT_USD",
      "m" : "4611686018430076243"
    }, {
      "d" : "1756380325825643099",
      "t" : 1756380325825,
      "tn" : 1756380325825643099,
      "q" : "8",
      "p" : "0.16061",
      "s" : "sell",
      "i" : "ONT_USD",
      "m" : "4611686018430076242"
    }, {
      "d" : "1756380278901406332",
      "t" : 1756380278901,
      "tn" : 1756380278901406332,
      "q" : "8",
      "p" : "0.16062",
      "s" : "sell",
      "i" : "ONT_USD",
      "m" : "4611686018430076241"
    }, {
      "d" : "1756380243063195417",
      "t" : 1756380243063,
      "tn" : 1756380243063195417,
      "q" : "8",
      "p" : "0.16072",
      "s" : "sell",
      "i" : "ONT_USD",
      "m" : "4611686018430076240"
    }, {
      "d" : "1756380227954762347",
      "t" : 1756380227954,
      "tn" : 1756380227954762347,
      "q" : "8",
      "p" : "0.16072",
      "s" : "sell",
      "i" : "ONT_USD",
      "m" : "4611686018430076239"
    }, {
      "d" : "1756380221997131533",
      "t" : 1756380221997,
      "tn" : 1756380221997131533,
      "q" : "8",
      "p" : "0.16072",
      "s" : "sell",
      "i" : "ONT_USD",
      "m" : "4611686018430076238"
    }, {
      "d" : "1756380137981482834",
      "t" : 1756380137981,
      "tn" : 1756380137981482834,
      "q" : "8",
      "p" : "0.16072",
      "s" : "sell",
      "i" : "ONT_USD",
      "m" : "4611686018430076237"
    }, {
      "d" : "1756380119970107612",
      "t" : 1756380119970,
      "tn" : 1756380119970107612,
      "q" : "8",
      "p" : "0.16072",
      "s" : "sell",
      "i" : "ONT_USD",
      "m" : "4611686018430076236"
    }, {
      "d" : "1756380084003742832",
      "t" : 1756380084003,
      "tn" : 1756380084003742832,
      "q" : "8",
      "p" : "0.16072",
      "s" : "sell",
      "i" : "ONT_USD",
      "m" : "4611686018430076235"
    } ]
  }
}