{
  "id" : -1,
  "method" : "public/get-trades",
  "code" : 0,
  "result" : {
    "data" : [ {
      "d" : "1756461817975459367",
      "t" : 1756461817975,
      "tn" : 1756461817975459367,
      "q" : "169.3",
      "p" : "0.6961",
      "s" : "sell",
      "i" : "OP_USD",
      "m" : "4611686018431000700"
    }, {
      "d" : "1756461817850017788",
      "t" : 1756461817850,
      "tn" : 1756461817850017788,
      "q" : "1.7",
      "p" : "0.6965",
      "s" : "sell",
      "i" : "OP_USD",
      "m" : "4611686018431000699"
    }, {
      "d" : "1756461801634197486",
      "t" : 1756461801634,
      "tn" : 1756461801634197486,
      "q" : "137.8",
      "p" : "0.6978",
      "s" : "buy",
      "i" : "OP_USD",
      "m" : "4611686018431000698"
    }, {
      "d" : "1756461801634195412",
      "t" : 1756461801634,
      "tn" : 1756461801634195412,
      "q" : "1428.0",
      "p" : "0.6976",
      "s" : "buy",
      "i" : "OP_USD",
      "m" : "4611686018431000697"
    }, {
      "d" : "1756461801630407429",
      "t" : 1756461801630,
      "tn" : 1756461801630407429,
      "q" : "717.1",
      "p" : "0.6974",
      "s" : "buy",
      "i" : "OP_USD",
      "m" : "4611686018431000696"
    }, {
      "d" : "1756461801630311250",
      "t" : 1756461801630,
      "tn" : 1756461801630311250,
      "q" : "717.1",
      "p" : "0.6973",
      "s" : "buy",
      "i" : "OP_USD",
      "m" : "4611686018431000695"
    }, {
      "d" : "1756461801630309186",
      "t" : 1756461801630,
      "tn" : 1756461801630309186,
      "q" : "358.6",
      "p" : "0.6972",
      "s" : "buy",
      "i" : "OP_USD",
      "m" : "4611686018431000694"
    }, {
      "d" : "1756461801630147908",
      "t" : 1756461801630,
      "tn" : 1756461801630147908,
      "q" : "17.4",
      "p" : "0.6971",
      "s" : "buy",
      "i" : "OP_USD",
      "m" : "4611686018431000693"
    }, {
      "d" : "1756461801630133709",
      "t" : 1756461801630,
      "tn" : 1756461801630133709,
      "q" : "1.7",
      "p" : "0.6968",
      "s" : "buy",
      "i" : "OP_USD",
      "m" : "4611686018431000692"
    }, {
      "d" : "1756461732979040894",
      "t" : 1756461732979,
      "tn" : 1756461732979040894,
      "q" : "1.7",
      "p" : "0.6960",
      "s" : "sell",
      "i" : "OP_USD",
      "m" : "4611686018431000691"
    }, {
      "d" : "1756461607482001014",
      "t" : 1756461607482,
      "tn" : 1756461607482001014,
      "q" : "130.9",
      "p" : "0.6944",
      "s" : "sell",
      "i" : "OP_USD",
      "m" : "4611686018431000690"
    }, {
      "d" : "1756461378252515303",
      "t" : 1756461378252,
      "tn" : 1756461378252515303,
      "q" : "1.7",
      "p" : "0.6956",
      "s" : "sell",
      "i" : "OP_USD",
      "m" : "4611686018431000689"
    }, {
      "d" : "1756461287409263841",
      "t" : 1756461287409,
      "tn" : 1756461287409263840,
      "q" : "186.6",
      "p" : "0.6948",
      "s" : "sell",
      "i" : "OP_USD",
      "m" : "4611686018431000688"
    }, {
      "d" : "1756461287409263840",
      "t" : 1756461287409,
      "tn" : 1756461287409263840,
      "q" : "223.0",
      "p" : "0.6948",
      "s" : "sell",
      "i" : "OP_USD",
      "m" : "4611686018431000688"
    }, {
      "d" : "1756461287309135450",
      "t" : 1756461287309,
      "tn" : 1756461287309135450,
      "q" : "383.4",
      "p" : "0.6948",
      "s" : "sell",
      "i" : "OP_USD",
      "m" : "4611686018431000687"
    }, {
      "d" : "1756461237817681944",
      "t" : 1756461237817,
      "tn" : 1756461237817681944,
      "q" : "1.7",
      "p" : "0.6944",
      "s" : "buy",
      "i" : "OP_USD",
      "m" : "4611686018431000686"
    }, {
      "d" : "1756461078807995503",
      "t" : 1756461078807,
      "tn" : 1756461078807995503,
      "q" : "1.7",
      "p" : "0.6940",
      "s" : "sell",
      "i" : "OP_USD",
      "m" : "4611686018431000685"
    }, {
      "d" : "1756461069543227741",
      "t" : 1756461069543,
      "tn" : 1756461069543227741,
      "q" : "16.3",
      "p" : "0.6944",
      "s" : "sell",
      "i" : "OP_USD",
      "m" : "4611686018431000684"
    }, {
      "d" : "1756460822820864653",
      "t" : 1756460822820,
      "tn" : 1756460822820864653,
      "q" : "32.6",
      "p" : "0.6940",
      "s" : "buy",
      "i" : "OP_USD",
      "m" : "4611686018431000683"
    }, {
      "d" : "1756460806054248381",
      "t" : 1756460806054,
      "tn" : 1756460806054248381,
      "q" : "1.7",
      "p" : "0.6942",
      "s" : "sell",
      "i" : "OP_USD",
      "m" : "4611686018431000682"
    }, {
      "d" : "1756460733413821875",
      "t" : 1756460733413,
      "tn" : 1756460733413821875,
      "q" : "23.5",
      "p" : "0.6934",
      "s" : "buy",
      "i" : "OP_USD",
      "m" : "4611686018431000681"
    }, {
      "d" : "1756460733413819785",
      "t" : 1756460733413,
      "tn" : 1756460733413819785,
      "q" : "17.5",
      "p" : "0.6933",
      "s" : "buy",
      "i" : "OP_USD",
      "m" : "4611686018431000680"
    }, {
      "d" : "1756460301818915657",
      "t" : 1756460301818,
      "tn" : 1756460301818915657,
      "q" : "28.1",
      "p" : "0.6931",
      "s" : "sell",
      "i" : "OP_USD",
      "m" : "4611686018431000679"
    }, {
      "d" : "1756460195173974668",
      "t" : 1756460195173,
      "tn" : 1756460195173974668,
      "q" : "25.0",
      "p" : "0.6930",
      "s" : "sell",
      "i" : "OP_USD",
      "m" : "4611686018431000678"
    }, {
      "d" : "1756460182141152139",
      "t" : 1756460182141,
      "tn" : 1756460182141152138,
      "q" : "39.9",
      "p" : "0.6921",
      "s" : "buy",
      "i" : "OP_USD",
      "m" : "4611686018431000677"
    }, {
      "d" : "1756460182141152138",
      "t" : 1756460182141,
      "tn" : 1756460182141152138,
      "q" : "1.7",
      "p" : "0.6921",
      "s" : "buy",
      "i" : "OP_USD",
      "m" : "4611686018431000677"
    }, {
      "d" : "1756460115723753313",
      "t" : 1756460115723,
      "tn" : 1756460115723753313,
      "q" : "259.3",
      "p" : "0.6929",
      "s" : "sell",
      "i" : "OP_USD",
      "m" : "4611686018431000676"
    }, {
      "d" : "1756459600888973875",
      "t" : 1756459600888,
      "tn" : 1756459600888973875,
      "q" : "98.5",
      "p" : "0.6944",
      "s" : "sell",
      "i" : "OP_USD",
      "m" : "4611686018431000675"
    }, {
      "d" : "1756459545453316497",
      "t" : 1756459545453,
      "tn" : 1756459545453316497,
      "q" : "1.7",
      "p" : "0.6943",
      "s" : "buy",
      "i" : "OP_USD",
      "m" : "4611686018431000674"
    }, {
      "d" : "1756458224858808964",
      "t" : 1756458224858,
      "tn" : 1756458224858808964,
      "q" : "32.9",
      "p" : "0.6882",
      "s" : "sell",
      "i" : "OP_USD",
      "m" : "4611686018431000673"
    }, {
      "d" : "1756458183693541461",
      "t" : 1756458183693,
      "tn" : 1756458183693541461,
      "q" : "19.3",
      "p" : "0.6875",
      "s" : "sell",
      "i" : "OP_USD",
      "m" : "4611686018431000672"
    }, {
      "d" : "1756457868974763255",
      "t" : 1756457868974,
      "tn" : 1756457868974763255,
      "q" : "1.7",
      "p" : "0.6913",
      "s" : "sell",
      "i" : "OP_USD",
      "m" : "4611686018431000671"
    }, {
      "d" : "1756457863823220585",
      "t" : 1756457863823,
      "tn" : 1756457863823220585,
      "q" : "1.7",
      "p" : "0.6912",
      "s" : "sell",
      "i" : "OP_USD",
      "m" : "4611686018431000670"
    }, {
      "d" : "1756457802889241711",
      "t" : 1756457802889,
      "tn" : 1756457802889241711,
      "q" : "133.1",
      "p" : "0.6931",
      "s" : "buy",
      "i" : "OP_USD",
      "m" : "4611686018431000669"
    }, {
      "d" : "1756457739650247700",
      "t" : 1756457739650,
      "tn" : 1756457739650247700,
      "q" : "1.7",
      "p" : "0.6930",
      "s" : "sell",
      "i" : "OP_USD",
      "m" : "4611686018431000668"
    }, {
      "d" : "1756457692010468058",
      "t" : 1756457692010,
      "tn" : 1756457692010468057,
      "q" : "191.5",
      "p" : "0.6937",
      "s" : "sell",
      "i" : "OP_USD",
      "m" : "4611686018431000667"
    }, {
      "d" : "1756457692010468057",
      "t" : 1756457692010,
      "tn" : 1756457692010468057,
      "q" : "1.7",
      "p" : "0.6937",
      "s" : "sell",
      "i" : "OP_USD",
      "m" : "4611686018431000667"
    }, {
      "d" : "1756457404413630812",
      "t" : 1756457404413,
      "tn" : 1756457404413630812,
      "q" : "136.2",
      "p" : "0.6956",
      "s" : "sell",
      "i" : "OP_USD",
      "m" : "4611686018431000666"
    }, {
      "d" : "1756457403889442762",
      "t" : 1756457403889,
      "tn" : 1756457403889442762,
      "q" : "1.7",
      "p" : "0.6956",
      "s" : "buy",
      "i" : "OP_USD",
      "m" : "4611686018431000665"
    }, {
      "d" : "1756457300195629808",
      "t" : 1756457300195,
      "tn" : 1756457300195629808,
      "q" : "1.7",
      "p" : "0.6947",
      "s" : "sell",
      "i" : "OP_USD",
      "m" : "4611686018431000664"
    }, {
      "d" : "1756457239635681316",
      "t" : 1756457239635,
      "tn" : 1756457239635681316,
      "q" : "198.3",
      "p" : "0.6957",
      "s" : "sell",
      "i" : "OP_USD",
      "m" : "4611686018431000663"
    }, {
      "d" : "1756457238881795439",
      "t" : 1756457238881,
      "tn" : 1756457238881795439,
      "q" : "1.7",
      "p" : "0.6955",
      "s" : "buy",
      "i" : "OP_USD",
      "m" : "4611686018431000662"
    }, {
      "d" : "1756457140989494377",
      "t" : 1756457140989,
      "tn" : 1756457140989494377,
      "q" : "91.2",
      "p" : "0.6964",
      "s" : "buy",
      "i" : "OP_USD",
      "m" : "4611686018431000661"
    }, {
      "d" : "1756456740636843043",
      "t" : 1756456740636,
      "tn" : 1756456740636843043,
      "q" : "10.3",
      "p" : "0.6965",
      "s" : "sell",
      "i" : "OP_USD",
      "m" : "4611686018431000660"
    }, {
      "d" : "1756456740636842613",
      "t" : 1756456740636,
      "tn" : 1756456740636842613,
      "q" : "1.7",
      "p" : "0.6974",
      "s" : "sell",
      "i" : "OP_USD",
      "m" : "4611686018431000659"
    }, {
      "d" : "1756456638268867728",
      "t" : 1756456638268,
      "tn" : 1756456638268867728,
      "q" : "139.3",
      "p" : "0.6968",
      "s" : "buy",
      "i" : "OP_USD",
      "m" : "4611686018431000658"
    }, {
      "d" : "1756456268227764112",
      "t" : 1756456268227,
      "tn" : 1756456268227764112,
      "q" : "1.7",
      "p" : "0.6965",
      "s" : "sell",
      "i" : "OP_USD",
      "m" : "4611686018431000657"
    }, {
      "d" : "1756456204914755671",
      "t" : 1756456204914,
      "tn" : 1756456204914755671,
      "q" : "137.7",
      "p" : "0.6963",
      "s" : "buy",
      "i" : "OP_USD",
      "m" : "4611686018431000656"
    }, {
      "d" : "1756456122422304100",
      "t" : 1756456122422,
      "tn" : 1756456122422304100,
      "q" : "20.0",
      "p" : "0.6965",
      "s" : "buy",
      "i" : "OP_USD",
      "m" : "4611686018431000655"
    }, {
      "d" : "1756456122422302021",
      "t" : 1756456122422,
      "tn" : 1756456122422302021,
      "q" : "17.4",
      "p" : "0.6964",
      "s" : "buy",
      "i" : "OP_USD",
      "m" : "4611686018431000654"
    }, {
      "d" : "1756455631633199974",
      "t" : 1756455631633,
      "tn" : 1756455631633199974,
      "q" : "1.7",
      "p" : "0.6962",
      "s" : "sell",
      "i" : "OP_USD",
      "m" : "4611686018431000653"
    }, {
      "d" : "1756454983518447164",
      "t" : 1756454983518,
      "tn" : 1756454983518447164,
      "q" : "151.7",
      "p" : "0.6995",
      "s" : "buy",
      "i" : "OP_USD",
      "m" : "4611686018431000652"
    }, {
      "d" : "1756454949707012497",
      "t" : 1756454949707,
      "tn" : 1756454949707012497,
      "q" : "1.7",
      "p" : "0.7003",
      "s" : "buy",
      "i" : "OP_USD",
      "m" : "4611686018431000651"
    }, {
      "d" : "1756454499044560562",
      "t" : 1756454499044,
      "tn" : 1756454499044560562,
      "q" : "80.3",
      "p" : "0.7040",
      "s" : "sell",
      "i" : "OP_USD",
      "m" : "4611686018431000650"
    }, {
      "d" : "1756454371262094775",
      "t" : 1756454371262,
      "tn" : 1756454371262094775,
      "q" : "1.7",
      "p" : "0.7020",
      "s" : "buy",
      "i" : "OP_USD",
      "m" : "4611686018431000649"
    }, {
      "d" : "1756454332092121218",
      "t" : 1756454332092,
      "tn" : 1756454332092121218,
      "q" : "670.1",
      "p" : "0.7006",
      "s" : "sell",
      "i" : "OP_USD",
      "m" : "4611686018431000648"
    }, {
      "d" : "1756454331119199532",
      "t" : 1756454331119,
      "tn" : 1756454331119199532,
      "q" : "1.7",
      "p" : "0.7006",
      "s" : "buy",
      "i" : "OP_USD",
      "m" : "4611686018431000647"
    }, {
      "d" : "1756454091647903967",
      "t" : 1756454091647,
      "tn" : 1756454091647903967,
      "q" : "184.4",
      "p" : "0.7033",
      "s" : "sell",
      "i" : "OP_USD",
      "m" : "4611686018431000646"
    }, {
      "d" : "1756453670238845172",
      "t" : 1756453670238,
      "tn" : 1756453670238845172,
      "q" : "1.7",
      "p" : "0.7030",
      "s" : "buy",
      "i" : "OP_USD",
      "m" : "4611686018431000645"
    }, {
      "d" : "1756453497013856815",
      "t" : 1756453497013,
      "tn" : 1756453497013856815,
      "q" : "411.1",
      "p" : "0.7030",
      "s" : "sell",
      "i" : "OP_USD",
      "m" : "4611686018431000644"
    }, {
      "d" : "1756452617840402379",
      "t" : 1756452617840,
      "tn" : 1756452617840402379,
      "q" : "1.7",
      "p" : "0.7024",
      "s" : "sell",
      "i" : "OP_USD",
      "m" : "4611686018431000643"
    }, {
      "d" : "1756452617805173310",
      "t" : 1756452617805,
      "tn" : 1756452617805173310,
      "q" : "1.7",
      "p" : "0.7024",
      "s" : "sell",
      "i" : "OP_USD",
      "m" : "4611686018431000642"
    }, {
      "d" : "1756452537647623778",
      "t" : 1756452537647,
      "tn" : 1756452537647623778,
      "q" : "1.7",
      "p" : "0.7030",
      "s" : "sell",
      "i" : "OP_USD",
      "m" : "4611686018431000641"
    }, {
      "d" : "1756452537644870999",
      "t" : 1756452537644,
      "tn" : 1756452537644870999,
      "q" : "278.3",
      "p" : "0.7026",
      "s" : "sell",
      "i" : "OP_USD",
      "m" : "4611686018431000640"
    }, {
      "d" : "1756452537644864715",
      "t" : 1756452537644,
      "tn" : 1756452537644864715,
      "q" : "1.7",
      "p" : "0.7030",
      "s" : "sell",
      "i" : "OP_USD",
      "m" : "4611686018431000639"
    }, {
      "d" : "1756452374025272079",
      "t" : 1756452374025,
      "tn" : 1756452374025272079,
      "q" : "1.7",
      "p" : "0.7025",
      "s" : "sell",
      "i" : "OP_USD",
      "m" : "4611686018431000638"
    }, {
      "d" : "1756452372327474279",
      "t" : 1756452372327,
      "tn" : 1756452372327474279,
      "q" : "1.7",
      "p" : "0.7025",
      "s" : "sell",
      "i" : "OP_USD",
      "m" : "4611686018431000637"
    }, {
      "d" : "1756452259949874583",
      "t" : 1756452259949,
      "tn" : 1756452259949874583,
      "q" : "18.9",
      "p" : "0.7033",
      "s" : "sell",
      "i" : "OP_USD",
      "m" : "4611686018431000636"
    }, {
      "d" : "1756452136484107257",
      "t" : 1756452136484,
      "tn" : 1756452136484107257,
      "q" : "1.7",
      "p" : "0.7037",
      "s" : "sell",
      "i" : "OP_USD",
      "m" : "4611686018431000635"
    }, {
      "d" : "1756451971400235690",
      "t" : 1756451971400,
      "tn" : 1756451971400235690,
      "q" : "1.7",
      "p" : "0.7051",
      "s" : "sell",
      "i" : "OP_USD",
      "m" : "4611686018431000634"
    }, {
      "d" : "1756451734133008914",
      "t" : 1756451734133,
      "tn" : 1756451734133008914,
      "q" : "277.7",
      "p" : "0.7058",
      "s" : "sell",
      "i" : "OP_USD",
      "m" : "4611686018431000633"
    }, {
      "d" : "1756451734133007077",
      "t" : 1756451734133,
      "tn" : 1756451734133007077,
      "q" : "1.7",
      "p" : "0.7062",
      "s" : "sell",
      "i" : "OP_USD",
      "m" : "4611686018431000632"
    }, {
      "d" : "1756451725752502643",
      "t" : 1756451725752,
      "tn" : 1756451725752502642,
      "q" : "15.4",
      "p" : "0.7067",
      "s" : "buy",
      "i" : "OP_USD",
      "m" : "4611686018431000631"
    }, {
      "d" : "1756451725752502642",
      "t" : 1756451725752,
      "tn" : 1756451725752502642,
      "q" : "153.4",
      "p" : "0.7067",
      "s" : "buy",
      "i" : "OP_USD",
      "m" : "4611686018431000631"
    }, {
      "d" : "1756451725752498879",
      "t" : 1756451725752,
      "tn" : 1756451725752498879,
      "q" : "1.7",
      "p" : "0.7066",
      "s" : "buy",
      "i" : "OP_USD",
      "m" : "4611686018431000630"
    }, {
      "d" : "1756451625592247691",
      "t" : 1756451625592,
      "tn" : 1756451625592247691,
      "q" : "157.7",
      "p" : "0.7082",
      "s" : "buy",
      "i" : "OP_USD",
      "m" : "4611686018431000629"
    }, {
      "d" : "1756451625592245930",
      "t" : 1756451625592,
      "tn" : 1756451625592245930,
      "q" : "17.1",
      "p" : "0.7081",
      "s" : "buy",
      "i" : "OP_USD",
      "m" : "4611686018431000628"
    }, {
      "d" : "1756451625592243537",
      "t" : 1756451625592,
      "tn" : 1756451625592243537,
      "q" : "1.7",
      "p" : "0.7080",
      "s" : "buy",
      "i" : "OP_USD",
      "m" : "4611686018431000627"
    }, {
      "d" : "1756451623113156020",
      "t" : 1756451623113,
      "tn" : 1756451623113156020,
      "q" : "1.7",
      "p" : "0.7075",
      "s" : "sell",
      "i" : "OP_USD",
      "m" : "4611686018431000626"
    }, {
      "d" : "1756451570167149480",
      "t" : 1756451570167,
      "tn" : 1756451570167149480,
      "q" : "1.7",
      "p" : "0.7089",
      "s" : "sell",
      "i" : "OP_USD",
      "m" : "4611686018431000625"
    }, {
      "d" : "1756451493001467386",
      "t" : 1756451493001,
      "tn" : 1756451493001467386,
      "q" : "282.8",
      "p" : "0.7095",
      "s" : "sell",
      "i" : "OP_USD",
      "m" : "4611686018431000624"
    }, {
      "d" : "1756451493001465097",
      "t" : 1756451493001,
      "tn" : 1756451493001465097,
      "q" : "1.7",
      "p" : "0.7099",
      "s" : "sell",
      "i" : "OP_USD",
      "m" : "4611686018431000623"
    }, {
      "d" : "1756451410955370132",
      "t" : 1756451410955,
      "tn" : 1756451410955370132,
      "q" : "1.7",
      "p" : "0.7118",
      "s" : "buy",
      "i" : "OP_USD",
      "m" : "4611686018431000622"
    }, {
      "d" : "1756451293363374854",
      "t" : 1756451293363,
      "tn" : 1756451293363374854,
      "q" : "1.7",
      "p" : "0.7107",
      "s" : "buy",
      "i" : "OP_USD",
      "m" : "4611686018431000621"
    }, {
      "d" : "1756451292406941625",
      "t" : 1756451292406,
      "tn" : 1756451292406941625,
      "q" : "350.1",
      "p" : "0.7105",
      "s" : "sell",
      "i" : "OP_USD",
      "m" : "4611686018431000620"
    }, {
      "d" : "1756451292406939703",
      "t" : 1756451292406,
      "tn" : 1756451292406939703,
      "q" : "1.7",
      "p" : "0.7108",
      "s" : "sell",
      "i" : "OP_USD",
      "m" : "4611686018431000619"
    }, {
      "d" : "1756451228820188829",
      "t" : 1756451228820,
      "tn" : 1756451228820188829,
      "q" : "195.1",
      "p" : "0.7121",
      "s" : "sell",
      "i" : "OP_USD",
      "m" : "4611686018431000618"
    }, {
      "d" : "1756451228820187725",
      "t" : 1756451228820,
      "tn" : 1756451228820187725,
      "q" : "1.7",
      "p" : "0.7123",
      "s" : "sell",
      "i" : "OP_USD",
      "m" : "4611686018431000617"
    }, {
      "d" : "1756451208568713693",
      "t" : 1756451208568,
      "tn" : 1756451208568713693,
      "q" : "141.2",
      "p" : "0.7126",
      "s" : "sell",
      "i" : "OP_USD",
      "m" : "4611686018431000616"
    }, {
      "d" : "1756451082512324497",
      "t" : 1756451082512,
      "tn" : 1756451082512324497,
      "q" : "174.6",
      "p" : "0.7156",
      "s" : "buy",
      "i" : "OP_USD",
      "m" : "4611686018431000615"
    }, {
      "d" : "1756450946686250630",
      "t" : 1756450946686,
      "tn" : 1756450946686250630,
      "q" : "1.7",
      "p" : "0.7136",
      "s" : "sell",
      "i" : "OP_USD",
      "m" : "4611686018431000614"
    }, {
      "d" : "1756450902698957959",
      "t" : 1756450902698,
      "tn" : 1756450902698957959,
      "q" : "1.7",
      "p" : "0.7134",
      "s" : "sell",
      "i" : "OP_USD",
      "m" : "4611686018431000613"
    }, {
      "d" : "1756450902038016110",
      "t" : 1756450902038,
      "tn" : 1756450902038016110,
      "q" : "1.7",
      "p" : "0.7135",
      "s" : "sell",
      "i" : "OP_USD",
      "m" : "4611686018431000612"
    }, {
      "d" : "1756450899089236512",
      "t" : 1756450899089,
      "tn" : 1756450899089236512,
      "q" : "1.7",
      "p" : "0.7133",
      "s" : "sell",
      "i" : "OP_USD",
      "m" : "4611686018431000611"
    }, {
      "d" : "1756450897954435767",
      "t" : 1756450897954,
      "tn" : 1756450897954435767,
      "q" : "1.7",
      "p" : "0.7139",
      "s" : "sell",
      "i" : "OP_USD",
      "m" : "4611686018431000610"
    }, {
      "d" : "1756450897778967514",
      "t" : 1756450897778,
      "tn" : 1756450897778967514,
      "q" : "1.7",
      "p" : "0.7145",
      "s" : "sell",
      "i" : "OP_USD",
      "m" : "4611686018431000609"
    }, {
      "d" : "1756450897359671777",
      "t" : 1756450897359,
      "tn" : 1756450897359671777,
      "q" : "1.7",
      "p" : "0.7154",
      "s" : "sell",
      "i" : "OP_USD",
      "m" : "4611686018431000608"
    }, {
      "d" : "1756450897298486816",
      "t" : 1756450897298,
      "tn" : 1756450897298486816,
      "q" : "1.7",
      "p" : "0.7155",
      "s" : "sell",
      "i" : "OP_USD",
      "m" : "4611686018431000607"
    }, {
      "d" : "1756450889345119308",
      "t" : 1756450889345,
      "tn" : 1756450889345119308,
      "q" : "1.7",
      "p" : "0.7164",
      "s" : "sell",
      "i" : "OP_USD",
      "m" : "4611686018431000606"
    }, {
      "d" : "1756450889219939930",
      "t" : 1756450889219,
      "tn" : 1756450889219939930,
      "q" : "1.7",
      "p" : "0.7165",
      "s" : "sell",
      "i" : "OP_USD",
      "m" : "4611686018431000605"
    }, {
      "d" : "1756450821906137461",
      "t" : 1756450821906,
      "tn" : 1756450821906137461,
      "q" : "69.2",
      "p" : "0.7191",
      "s" : "sell",
      "i" : "OP_USD",
      "m" : "4611686018431000604"
    }, {
      "d" : "1756450821638821747",
      "t" : 1756450821638,
      "tn" : 1756450821638821747,
      "q" : "69.1",
      "p" : "0.7191",
      "s" : "sell",
      "i" : "OP_USD",
      "m" : "4611686018431000603"
    }, {
      "d" : "1756450820846734571",
      "t" : 1756450820846,
      "tn" : 1756450820846734571,
      "q" : "69.0",
      "p" : "0.7194",
      "s" : "sell",
      "i" : "OP_USD",
      "m" : "4611686018431000602"
    }, {
      "d" : "1756450811035243864",
      "t" : 1756450811035,
      "tn" : 1756450811035243864,
      "q" : "138.9",
      "p" : "0.7195",
      "s" : "sell",
      "i" : "OP_USD",
      "m" : "4611686018431000601"
    }, {
      "d" : "1756450799739898750",
      "t" : 1756450799739,
      "tn" : 1756450799739898750,
      "q" : "138.9",
      "p" : "0.7195",
      "s" : "sell",
      "i" : "OP_USD",
      "m" : "4611686018431000600"
    }, {
      "d" : "1756450624852817525",
      "t" : 1756450624852,
      "tn" : 1756450624852817525,
      "q" : "13.6",
      "p" : "0.7196",
      "s" : "sell",
      "i" : "OP_USD",
      "m" : "4611686018431000599"
    }, {
      "d" : "1756450624233152358",
      "t" : 1756450624233,
      "tn" : 1756450624233152358,
      "q" : "1.7",
      "p" : "0.7195",
      "s" : "sell",
      "i" : "OP_USD",
      "m" : "4611686018431000598"
    }, {
      "d" : "1756450504579355186",
      "t" : 1756450504579,
      "tn" : 1756450504579355186,
      "q" : "175.4",
      "p" : "0.7212",
      "s" : "sell",
      "i" : "OP_USD",
      "m" : "4611686018431000597"
    }, {
      "d" : "1756450497007925159",
      "t" : 1756450497007,
      "tn" : 1756450497007925159,
      "q" : "1.7",
      "p" : "0.7214",
      "s" : "buy",
      "i" : "OP_USD",
      "m" : "4611686018431000596"
    }, {
      "d" : "1756450484852008081",
      "t" : 1756450484852,
      "tn" : 1756450484852008081,
      "q" : "1.7",
      "p" : "0.7210",
      "s" : "buy",
      "i" : "OP_USD",
      "m" : "4611686018431000595"
    }, {
      "d" : "1756450483382064402",
      "t" : 1756450483382,
      "tn" : 1756450483382064402,
      "q" : "1.7",
      "p" : "0.7210",
      "s" : "sell",
      "i" : "OP_USD",
      "m" : "4611686018431000594"
    }, {
      "d" : "1756450474115809703",
      "t" : 1756450474115,
      "tn" : 1756450474115809703,
      "q" : "1.7",
      "p" : "0.7209",
      "s" : "sell",
      "i" : "OP_USD",
      "m" : "4611686018431000593"
    }, {
      "d" : "1756450468838814768",
      "t" : 1756450468838,
      "tn" : 1756450468838814768,
      "q" : "1.7",
      "p" : "0.7206",
      "s" : "sell",
      "i" : "OP_USD",
      "m" : "4611686018431000592"
    }, {
      "d" : "1756450434976167080",
      "t" : 1756450434976,
      "tn" : 1756450434976167080,
      "q" : "1.7",
      "p" : "0.7199",
      "s" : "sell",
      "i" : "OP_USD",
      "m" : "4611686018431000591"
    }, {
      "d" : "1756450371427667680",
      "t" : 1756450371427,
      "tn" : 1756450371427667680,
      "q" : "1.7",
      "p" : "0.7220",
      "s" : "sell",
      "i" : "OP_USD",
      "m" : "4611686018431000590"
    }, {
      "d" : "1756450367447763076",
      "t" : 1756450367447,
      "tn" : 1756450367447763076,
      "q" : "1.7",
      "p" : "0.7221",
      "s" : "sell",
      "i" : "OP_USD",
      "m" : "4611686018431000589"
    }, {
      "d" : "1756450347965071312",
      "t" : 1756450347965,
      "tn" : 1756450347965071312,
      "q" : "1.7",
      "p" : "0.7226",
      "s" : "sell",
      "i" : "OP_USD",
      "m" : "4611686018431000588"
    }, {
      "d" : "1756450299884827896",
      "t" : 1756450299884,
      "tn" : 1756450299884827896,
      "q" : "1.7",
      "p" : "0.7226",
      "s" : "sell",
      "i" : "OP_USD",
      "m" : "4611686018431000587"
    }, {
      "d" : "1756450283149236675",
      "t" : 1756450283149,
      "tn" : 1756450283149236675,
      "q" : "78.0",
      "p" : "0.7222",
      "s" : "buy",
      "i" : "OP_USD",
      "m" : "4611686018431000586"
    }, {
      "d" : "1756450264980698033",
      "t" : 1756450264980,
      "tn" : 1756450264980698033,
      "q" : "1.7",
      "p" : "0.7224",
      "s" : "sell",
      "i" : "OP_USD",
      "m" : "4611686018431000585"
    }, {
      "d" : "1756450258366328768",
      "t" : 1756450258366,
      "tn" : 1756450258366328768,
      "q" : "1.7",
      "p" : "0.7220",
      "s" : "sell",
      "i" : "OP_USD",
      "m" : "4611686018431000584"
    }, {
      "d" : "1756450238320334604",
      "t" : 1756450238320,
      "tn" : 1756450238320334604,
      "q" : "1.7",
      "p" : "0.7222",
      "s" : "sell",
      "i" : "OP_USD",
      "m" : "4611686018431000583"
    }, {
      "d" : "1756450167653403859",
      "t" : 1756450167653,
      "tn" : 1756450167653403859,
      "q" : "1.7",
      "p" : "0.7229",
      "s" : "sell",
      "i" : "OP_USD",
      "m" : "4611686018431000582"
    }, {
      "d" : "1756450154350183524",
      "t" : 1756450154350,
      "tn" : 1756450154350183524,
      "q" : "233.7",
      "p" : "0.7227",
      "s" : "sell",
      "i" : "OP_USD",
      "m" : "4611686018431000581"
    }, {
      "d" : "1756450154350181663",
      "t" : 1756450154350,
      "tn" : 1756450154350181662,
      "q" : "16.8",
      "p" : "0.7228",
      "s" : "sell",
      "i" : "OP_USD",
      "m" : "4611686018431000580"
    }, {
      "d" : "1756450154350181662",
      "t" : 1756450154350,
      "tn" : 1756450154350181662,
      "q" : "1.7",
      "p" : "0.7228",
      "s" : "sell",
      "i" : "OP_USD",
      "m" : "4611686018431000580"
    }, {
      "d" : "1756450150267364068",
      "t" : 1756450150267,
      "tn" : 1756450150267364068,
      "q" : "274.2",
      "p" : "0.7224",
      "s" : "sell",
      "i" : "OP_USD",
      "m" : "4611686018431000579"
    }, {
      "d" : "1756450115754823533",
      "t" : 1756450115754,
      "tn" : 1756450115754823533,
      "q" : "1.7",
      "p" : "0.7215",
      "s" : "sell",
      "i" : "OP_USD",
      "m" : "4611686018431000578"
    }, {
      "d" : "1756450085729338978",
      "t" : 1756450085729,
      "tn" : 1756450085729338978,
      "q" : "1.7",
      "p" : "0.7223",
      "s" : "sell",
      "i" : "OP_USD",
      "m" : "4611686018431000577"
    }, {
      "d" : "1756450070551973440",
      "t" : 1756450070551,
      "tn" : 1756450070551973440,
      "q" : "1.7",
      "p" : "0.7222",
      "s" : "sell",
      "i" : "OP_USD",
      "m" : "4611686018431000576"
    }, {
      "d" : "1756450056910066765",
      "t" : 1756450056910,
      "tn" : 1756450056910066765,
      "q" : "26.0",
      "p" : "0.7229",
      "s" : "sell",
      "i" : "OP_USD",
      "m" : "4611686018431000575"
    }, {
      "d" : "1756449984234113083",
      "t" : 1756449984234,
      "tn" : 1756449984234113083,
      "q" : "1.7",
      "p" : "0.7211",
      "s" : "sell",
      "i" : "OP_USD",
      "m" : "4611686018431000574"
    }, {
      "d" : "1756449964837721410",
      "t" : 1756449964837,
      "tn" : 1756449964837721410,
      "q" : "1.7",
      "p" : "0.7207",
      "s" : "sell",
      "i" : "OP_USD",
      "m" : "4611686018431000573"
    }, {
      "d" : "1756449758927735136",
      "t" : 1756449758927,
      "tn" : 1756449758927735136,
      "q" : "1.7",
      "p" : "0.7196",
      "s" : "sell",
      "i" : "OP_USD",
      "m" : "4611686018431000572"
    }, {
      "d" : "1756449743955755133",
      "t" : 1756449743955,
      "tn" : 1756449743955755133,
      "q" : "1.7",
      "p" : "0.7193",
      "s" : "buy",
      "i" : "OP_USD",
      "m" : "4611686018431000571"
    }, {
      "d" : "1756449637278120547",
      "t" : 1756449637278,
      "tn" : 1756449637278120547,
      "q" : "1.7",
      "p" : "0.7173",
      "s" : "sell",
      "i" : "OP_USD",
      "m" : "4611686018431000570"
    }, {
      "d" : "1756449631167409860",
      "t" : 1756449631167,
      "tn" : 1756449631167409860,
      "q" : "1.7",
      "p" : "0.7176",
      "s" : "sell",
      "i" : "OP_USD",
      "m" : "4611686018431000569"
    }, {
      "d" : "1756449624948263006",
      "t" : 1756449624948,
      "tn" : 1756449624948263006,
      "q" : "73.9",
      "p" : "0.7168",
      "s" : "buy",
      "i" : "OP_USD",
      "m" : "4611686018431000568"
    }, {
      "d" : "1756449624946731993",
      "t" : 1756449624946,
      "tn" : 1756449624946731993,
      "q" : "1.7",
      "p" : "0.7172",
      "s" : "sell",
      "i" : "OP_USD",
      "m" : "4611686018431000567"
    }, {
      "d" : "1756449591431607547",
      "t" : 1756449591431,
      "tn" : 1756449591431607547,
      "q" : "1.7",
      "p" : "0.7205",
      "s" : "buy",
      "i" : "OP_USD",
      "m" : "4611686018431000566"
    }, {
      "d" : "1756449590328495245",
      "t" : 1756449590328,
      "tn" : 1756449590328495245,
      "q" : "1.7",
      "p" : "0.7181",
      "s" : "sell",
      "i" : "OP_USD",
      "m" : "4611686018431000565"
    }, {
      "d" : "1756449588645587674",
      "t" : 1756449588645,
      "tn" : 1756449588645587674,
      "q" : "1.7",
      "p" : "0.7179",
      "s" : "sell",
      "i" : "OP_USD",
      "m" : "4611686018431000564"
    }, {
      "d" : "1756449570450400551",
      "t" : 1756449570450,
      "tn" : 1756449570450400551,
      "q" : "1.7",
      "p" : "0.7201",
      "s" : "buy",
      "i" : "OP_USD",
      "m" : "4611686018431000563"
    }, {
      "d" : "1756449531568636151",
      "t" : 1756449531568,
      "tn" : 1756449531568636151,
      "q" : "1.7",
      "p" : "0.7195",
      "s" : "buy",
      "i" : "OP_USD",
      "m" : "4611686018431000562"
    }, {
      "d" : "1756449520135179911",
      "t" : 1756449520135,
      "tn" : 1756449520135179911,
      "q" : "1.7",
      "p" : "0.7211",
      "s" : "buy",
      "i" : "OP_USD",
      "m" : "4611686018431000561"
    }, {
      "d" : "1756449500885816514",
      "t" : 1756449500885,
      "tn" : 1756449500885816514,
      "q" : "1.7",
      "p" : "0.7176",
      "s" : "sell",
      "i" : "OP_USD",
      "m" : "4611686018431000560"
    }, {
      "d" : "1756449449364047749",
      "t" : 1756449449364,
      "tn" : 1756449449364047748,
      "q" : "347.5",
      "p" : "0.7194",
      "s" : "buy",
      "i" : "OP_USD",
      "m" : "4611686018431000559"
    }, {
      "d" : "1756449449364047748",
      "t" : 1756449449364,
      "tn" : 1756449449364047748,
      "q" : "56.4",
      "p" : "0.7194",
      "s" : "buy",
      "i" : "OP_USD",
      "m" : "4611686018431000559"
    }, {
      "d" : "1756449449363540583",
      "t" : 1756449449363,
      "tn" : 1756449449363540583,
      "q" : "245.8",
      "p" : "0.7194",
      "s" : "buy",
      "i" : "OP_USD",
      "m" : "4611686018431000558"
    }, {
      "d" : "1756449449363470538",
      "t" : 1756449449363,
      "tn" : 1756449449363470538,
      "q" : "1.7",
      "p" : "0.7188",
      "s" : "buy",
      "i" : "OP_USD",
      "m" : "4611686018431000557"
    } ]
  }
}