{
  "id" : -1,
  "method" : "public/get-trades",
  "code" : 0,
  "result" : {
    "data" : [ {
      "d" : "1756461817850021527",
      "t" : 1756461817850,
      "tn" : 1756461817850021527,
      "q" : "1.7",
      "p" : "0.6964",
      "s" : "sell",
      "i" : "OP_USDT",
      "m" : "4611686018430795323"
    }, {
      "d" : "1756461801632148509",
      "t" : 1756461801632,
      "tn" : 1756461801632148509,
      "q" : "24.0",
      "p" : "0.6973",
      "s" : "buy",
      "i" : "OP_USDT",
      "m" : "4611686018430795322"
    }, {
      "d" : "1756461801630531736",
      "t" : 1756461801630,
      "tn" : 1756461801630531736,
      "q" : "179.3",
      "p" : "0.6973",
      "s" : "buy",
      "i" : "OP_USDT",
      "m" : "4611686018430795321"
    }, {
      "d" : "1756461801630427993",
      "t" : 1756461801630,
      "tn" : 1756461801630427993,
      "q" : "1254.9",
      "p" : "0.6973",
      "s" : "buy",
      "i" : "OP_USDT",
      "m" : "4611686018430795320"
    }, {
      "d" : "1756461801630426136",
      "t" : 1756461801630,
      "tn" : 1756461801630426136,
      "q" : "717.2",
      "p" : "0.6971",
      "s" : "buy",
      "i" : "OP_USDT",
      "m" : "4611686018430795319"
    }, {
      "d" : "1756461801630125996",
      "t" : 1756461801630,
      "tn" : 1756461801630125996,
      "q" : "24.0",
      "p" : "0.6970",
      "s" : "buy",
      "i" : "OP_USDT",
      "m" : "4611686018430795318"
    }, {
      "d" : "1756461801630121296",
      "t" : 1756461801630,
      "tn" : 1756461801630121296,
      "q" : "1.7",
      "p" : "0.6967",
      "s" : "buy",
      "i" : "OP_USDT",
      "m" : "4611686018430795317"
    }, {
      "d" : "1756461732978970898",
      "t" : 1756461732978,
      "tn" : 1756461732978970898,
      "q" : "1.7",
      "p" : "0.6952",
      "s" : "buy",
      "i" : "OP_USDT",
      "m" : "4611686018430795316"
    }, {
      "d" : "1756460971525220098",
      "t" : 1756460971525,
      "tn" : 1756460971525220098,
      "q" : "15.7",
      "p" : "0.6952",
      "s" : "sell",
      "i" : "OP_USDT",
      "m" : "4611686018430795315"
    }, {
      "d" : "1756460963839045100",
      "t" : 1756460963839,
      "tn" : 1756460963839045100,
      "q" : "15.9",
      "p" : "0.6953",
      "s" : "buy",
      "i" : "OP_USDT",
      "m" : "4611686018430795314"
    }, {
      "d" : "1756460958490680359",
      "t" : 1756460958490,
      "tn" : 1756460958490680359,
      "q" : "1.7",
      "p" : "0.6955",
      "s" : "sell",
      "i" : "OP_USDT",
      "m" : "4611686018430795313"
    }, {
      "d" : "1756460955777741500",
      "t" : 1756460955777,
      "tn" : 1756460955777741500,
      "q" : "23.0",
      "p" : "0.6953",
      "s" : "sell",
      "i" : "OP_USDT",
      "m" : "4611686018430795312"
    }, {
      "d" : "1756460955777739694",
      "t" : 1756460955777,
      "tn" : 1756460955777739694,
      "q" : "1.7",
      "p" : "0.6955",
      "s" : "sell",
      "i" : "OP_USDT",
      "m" : "4611686018430795311"
    }, {
      "d" : "1756460765005338557",
      "t" : 1756460765005,
      "tn" : 1756460765005338557,
      "q" : "24.8",
      "p" : "0.6936",
      "s" : "sell",
      "i" : "OP_USDT",
      "m" : "4611686018430795310"
    }, {
      "d" : "1756460765005335515",
      "t" : 1756460765005,
      "tn" : 1756460765005335515,
      "q" : "1.7",
      "p" : "0.6939",
      "s" : "sell",
      "i" : "OP_USDT",
      "m" : "4611686018430795309"
    }, {
      "d" : "1756460525594906980",
      "t" : 1756460525594,
      "tn" : 1756460525594906980,
      "q" : "1.7",
      "p" : "0.6930",
      "s" : "buy",
      "i" : "OP_USDT",
      "m" : "4611686018430795308"
    }, {
      "d" : "1756459247906133928",
      "t" : 1756459247906,
      "tn" : 1756459247906133928,
      "q" : "1.7",
      "p" : "0.6951",
      "s" : "buy",
      "i" : "OP_USDT",
      "m" : "4611686018430795307"
    }, {
      "d" : "1756459003741339786",
      "t" : 1756459003741,
      "tn" : 1756459003741339786,
      "q" : "0.7",
      "p" : "0.6920",
      "s" : "buy",
      "i" : "OP_USDT",
      "m" : "4611686018430795306"
    }, {
      "d" : "1756458182354160686",
      "t" : 1756458182354,
      "tn" : 1756458182354160686,
      "q" : "119.5",
      "p" : "0.6872",
      "s" : "sell",
      "i" : "OP_USDT",
      "m" : "4611686018430795305"
    }, {
      "d" : "1756458179340901932",
      "t" : 1756458179340,
      "tn" : 1756458179340901932,
      "q" : "1.7",
      "p" : "0.6876",
      "s" : "sell",
      "i" : "OP_USDT",
      "m" : "4611686018430795304"
    }, {
      "d" : "1756458147796363310",
      "t" : 1756458147796,
      "tn" : 1756458147796363310,
      "q" : "18.1",
      "p" : "0.6898",
      "s" : "sell",
      "i" : "OP_USDT",
      "m" : "4611686018430795303"
    }, {
      "d" : "1756458146994562288",
      "t" : 1756458146994,
      "tn" : 1756458146994562288,
      "q" : "1.7",
      "p" : "0.6899",
      "s" : "sell",
      "i" : "OP_USDT",
      "m" : "4611686018430795302"
    }, {
      "d" : "1756458134483990499",
      "t" : 1756458134483,
      "tn" : 1756458134483990499,
      "q" : "34.5",
      "p" : "0.6899",
      "s" : "sell",
      "i" : "OP_USDT",
      "m" : "4611686018430795301"
    }, {
      "d" : "1756458134483988614",
      "t" : 1756458134483,
      "tn" : 1756458134483988614,
      "q" : "1.7",
      "p" : "0.6900",
      "s" : "sell",
      "i" : "OP_USDT",
      "m" : "4611686018430795300"
    }, {
      "d" : "1756457871490306621",
      "t" : 1756457871490,
      "tn" : 1756457871490306621,
      "q" : "6.2",
      "p" : "0.6914",
      "s" : "buy",
      "i" : "OP_USDT",
      "m" : "4611686018430795299"
    }, {
      "d" : "1756457871490304230",
      "t" : 1756457871490,
      "tn" : 1756457871490304230,
      "q" : "1.7",
      "p" : "0.6912",
      "s" : "buy",
      "i" : "OP_USDT",
      "m" : "4611686018430795298"
    }, {
      "d" : "1756457868974806399",
      "t" : 1756457868974,
      "tn" : 1756457868974806399,
      "q" : "1.7",
      "p" : "0.6912",
      "s" : "sell",
      "i" : "OP_USDT",
      "m" : "4611686018430795297"
    }, {
      "d" : "1756457863823104319",
      "t" : 1756457863823,
      "tn" : 1756457863823104319,
      "q" : "1.7",
      "p" : "0.6911",
      "s" : "sell",
      "i" : "OP_USDT",
      "m" : "4611686018430795296"
    }, {
      "d" : "1756457736633848410",
      "t" : 1756457736633,
      "tn" : 1756457736633848410,
      "q" : "1.7",
      "p" : "0.6930",
      "s" : "sell",
      "i" : "OP_USDT",
      "m" : "4611686018430795295"
    }, {
      "d" : "1756455403741693093",
      "t" : 1756455403741,
      "tn" : 1756455403741693093,
      "q" : "0.7",
      "p" : "0.6989",
      "s" : "buy",
      "i" : "OP_USDT",
      "m" : "4611686018430795294"
    }, {
      "d" : "1756454973915723844",
      "t" : 1756454973915,
      "tn" : 1756454973915723844,
      "q" : "35.7",
      "p" : "0.6998",
      "s" : "sell",
      "i" : "OP_USDT",
      "m" : "4611686018430795293"
    }, {
      "d" : "1756453670238566410",
      "t" : 1756453670238,
      "tn" : 1756453670238566410,
      "q" : "1.7",
      "p" : "0.7028",
      "s" : "buy",
      "i" : "OP_USDT",
      "m" : "4611686018430795292"
    }, {
      "d" : "1756452537652162921",
      "t" : 1756452537652,
      "tn" : 1756452537652162921,
      "q" : "1.7",
      "p" : "0.7028",
      "s" : "sell",
      "i" : "OP_USDT",
      "m" : "4611686018430795291"
    }, {
      "d" : "1756452537644860426",
      "t" : 1756452537644,
      "tn" : 1756452537644860426,
      "q" : "711.5",
      "p" : "0.7026",
      "s" : "sell",
      "i" : "OP_USDT",
      "m" : "4611686018430795290"
    }, {
      "d" : "1756452537644848193",
      "t" : 1756452537644,
      "tn" : 1756452537644848193,
      "q" : "1.7",
      "p" : "0.7028",
      "s" : "sell",
      "i" : "OP_USDT",
      "m" : "4611686018430795289"
    }, {
      "d" : "1756452374025339580",
      "t" : 1756452374025,
      "tn" : 1756452374025339580,
      "q" : "1.7",
      "p" : "0.7023",
      "s" : "sell",
      "i" : "OP_USDT",
      "m" : "4611686018430795288"
    }, {
      "d" : "1756452372327492609",
      "t" : 1756452372327,
      "tn" : 1756452372327492609,
      "q" : "1.7",
      "p" : "0.7023",
      "s" : "sell",
      "i" : "OP_USDT",
      "m" : "4611686018430795287"
    }, {
      "d" : "1756452129742139227",
      "t" : 1756452129742,
      "tn" : 1756452129742139227,
      "q" : "17.7",
      "p" : "0.7047",
      "s" : "sell",
      "i" : "OP_USDT",
      "m" : "4611686018430795286"
    }, {
      "d" : "1756451803741361799",
      "t" : 1756451803741,
      "tn" : 1756451803741361799,
      "q" : "0.6",
      "p" : "0.7075",
      "s" : "buy",
      "i" : "OP_USDT",
      "m" : "4611686018430795285"
    }, {
      "d" : "1756451570167178572",
      "t" : 1756451570167,
      "tn" : 1756451570167178572,
      "q" : "1.7",
      "p" : "0.7087",
      "s" : "sell",
      "i" : "OP_USDT",
      "m" : "4611686018430795284"
    }, {
      "d" : "1756451557674300087",
      "t" : 1756451557674,
      "tn" : 1756451557674300087,
      "q" : "35.2",
      "p" : "0.7097",
      "s" : "sell",
      "i" : "OP_USDT",
      "m" : "4611686018430795283"
    }, {
      "d" : "1756451293364184435",
      "t" : 1756451293364,
      "tn" : 1756451293364184435,
      "q" : "254.0",
      "p" : "0.7110",
      "s" : "buy",
      "i" : "OP_USDT",
      "m" : "4611686018430795282"
    }, {
      "d" : "1756451293363412643",
      "t" : 1756451293363,
      "tn" : 1756451293363412643,
      "q" : "1.7",
      "p" : "0.7106",
      "s" : "buy",
      "i" : "OP_USDT",
      "m" : "4611686018430795281"
    }, {
      "d" : "1756451207824472939",
      "t" : 1756451207824,
      "tn" : 1756451207824472938,
      "q" : "1.7",
      "p" : "0.7128",
      "s" : "sell",
      "i" : "OP_USDT",
      "m" : "4611686018430795280"
    }, {
      "d" : "1756451207824472938",
      "t" : 1756451207824,
      "tn" : 1756451207824472938,
      "q" : "24.1",
      "p" : "0.7128",
      "s" : "sell",
      "i" : "OP_USDT",
      "m" : "4611686018430795280"
    }, {
      "d" : "1756451167594188339",
      "t" : 1756451167594,
      "tn" : 1756451167594188338,
      "q" : "1.7",
      "p" : "0.7138",
      "s" : "buy",
      "i" : "OP_USDT",
      "m" : "4611686018430795279"
    }, {
      "d" : "1756451167594188338",
      "t" : 1756451167594,
      "tn" : 1756451167594188338,
      "q" : "260.2",
      "p" : "0.7138",
      "s" : "buy",
      "i" : "OP_USDT",
      "m" : "4611686018430795279"
    }, {
      "d" : "1756451082507656158",
      "t" : 1756451082507,
      "tn" : 1756451082507656158,
      "q" : "262.0",
      "p" : "0.7154",
      "s" : "buy",
      "i" : "OP_USDT",
      "m" : "4611686018430795278"
    }, {
      "d" : "1756450983264390813",
      "t" : 1756450983264,
      "tn" : 1756450983264390813,
      "q" : "1.7",
      "p" : "0.7117",
      "s" : "buy",
      "i" : "OP_USDT",
      "m" : "4611686018430795277"
    }, {
      "d" : "1756450946686330836",
      "t" : 1756450946686,
      "tn" : 1756450946686330836,
      "q" : "701.1",
      "p" : "0.7129",
      "s" : "sell",
      "i" : "OP_USDT",
      "m" : "4611686018430795276"
    }, {
      "d" : "1756450946686329201",
      "t" : 1756450946686,
      "tn" : 1756450946686329201,
      "q" : "24.1",
      "p" : "0.7132",
      "s" : "sell",
      "i" : "OP_USDT",
      "m" : "4611686018430795275"
    }, {
      "d" : "1756450946686318751",
      "t" : 1756450946686,
      "tn" : 1756450946686318751,
      "q" : "1.7",
      "p" : "0.7134",
      "s" : "sell",
      "i" : "OP_USDT",
      "m" : "4611686018430795274"
    }, {
      "d" : "1756450902698967940",
      "t" : 1756450902698,
      "tn" : 1756450902698967940,
      "q" : "1.7",
      "p" : "0.7132",
      "s" : "sell",
      "i" : "OP_USDT",
      "m" : "4611686018430795273"
    }, {
      "d" : "1756450899094277118",
      "t" : 1756450899094,
      "tn" : 1756450899094277118,
      "q" : "1.7",
      "p" : "0.7127",
      "s" : "sell",
      "i" : "OP_USDT",
      "m" : "4611686018430795272"
    }, {
      "d" : "1756450897308545118",
      "t" : 1756450897308,
      "tn" : 1756450897308545118,
      "q" : "1.7",
      "p" : "0.7152",
      "s" : "sell",
      "i" : "OP_USDT",
      "m" : "4611686018430795271"
    }, {
      "d" : "1756450889345223133",
      "t" : 1756450889345,
      "tn" : 1756450889345223133,
      "q" : "1.7",
      "p" : "0.7161",
      "s" : "sell",
      "i" : "OP_USDT",
      "m" : "4611686018430795270"
    }, {
      "d" : "1756450889220031359",
      "t" : 1756450889220,
      "tn" : 1756450889220031359,
      "q" : "1.7",
      "p" : "0.7162",
      "s" : "sell",
      "i" : "OP_USDT",
      "m" : "4611686018430795269"
    }, {
      "d" : "1756450877633159736",
      "t" : 1756450877633,
      "tn" : 1756450877633159736,
      "q" : "143.3",
      "p" : "0.7178",
      "s" : "sell",
      "i" : "OP_USDT",
      "m" : "4611686018430795268"
    }, {
      "d" : "1756450874253163729",
      "t" : 1756450874253,
      "tn" : 1756450874253163729,
      "q" : "208.8",
      "p" : "0.7182",
      "s" : "sell",
      "i" : "OP_USDT",
      "m" : "4611686018430795267"
    }, {
      "d" : "1756450821631792842",
      "t" : 1756450821631,
      "tn" : 1756450821631792842,
      "q" : "170.1",
      "p" : "0.7190",
      "s" : "sell",
      "i" : "OP_USDT",
      "m" : "4611686018430795266"
    }, {
      "d" : "1756450483382172222",
      "t" : 1756450483382,
      "tn" : 1756450483382172222,
      "q" : "1.7",
      "p" : "0.7208",
      "s" : "sell",
      "i" : "OP_USDT",
      "m" : "4611686018430795265"
    }, {
      "d" : "1756450474115912051",
      "t" : 1756450474115,
      "tn" : 1756450474115912051,
      "q" : "1.7",
      "p" : "0.7207",
      "s" : "sell",
      "i" : "OP_USDT",
      "m" : "4611686018430795264"
    }, {
      "d" : "1756450469133730591",
      "t" : 1756450469133,
      "tn" : 1756450469133730591,
      "q" : "1.7",
      "p" : "0.7205",
      "s" : "sell",
      "i" : "OP_USDT",
      "m" : "4611686018430795263"
    }, {
      "d" : "1756450468838889041",
      "t" : 1756450468838,
      "tn" : 1756450468838889041,
      "q" : "1.7",
      "p" : "0.7204",
      "s" : "sell",
      "i" : "OP_USDT",
      "m" : "4611686018430795262"
    }, {
      "d" : "1756450434976081652",
      "t" : 1756450434976,
      "tn" : 1756450434976081652,
      "q" : "1.7",
      "p" : "0.7197",
      "s" : "sell",
      "i" : "OP_USDT",
      "m" : "4611686018430795261"
    }, {
      "d" : "1756450382716006582",
      "t" : 1756450382716,
      "tn" : 1756450382716006582,
      "q" : "411.7",
      "p" : "0.7210",
      "s" : "sell",
      "i" : "OP_USDT",
      "m" : "4611686018430795260"
    }, {
      "d" : "1756450381207656850",
      "t" : 1756450381207,
      "tn" : 1756450381207656850,
      "q" : "667.5",
      "p" : "0.7213",
      "s" : "sell",
      "i" : "OP_USDT",
      "m" : "4611686018430795259"
    }, {
      "d" : "1756450381207655224",
      "t" : 1756450381207,
      "tn" : 1756450381207655224,
      "q" : "23.8",
      "p" : "0.7214",
      "s" : "sell",
      "i" : "OP_USDT",
      "m" : "4611686018430795258"
    }, {
      "d" : "1756450381207652233",
      "t" : 1756450381207,
      "tn" : 1756450381207652233,
      "q" : "1.7",
      "p" : "0.7216",
      "s" : "sell",
      "i" : "OP_USDT",
      "m" : "4611686018430795257"
    }, {
      "d" : "1756450371427638619",
      "t" : 1756450371427,
      "tn" : 1756450371427638619,
      "q" : "1.7",
      "p" : "0.7218",
      "s" : "sell",
      "i" : "OP_USDT",
      "m" : "4611686018430795256"
    }, {
      "d" : "1756450358496531164",
      "t" : 1756450358496,
      "tn" : 1756450358496531164,
      "q" : "1.7",
      "p" : "0.7221",
      "s" : "sell",
      "i" : "OP_USDT",
      "m" : "4611686018430795255"
    }, {
      "d" : "1756450347965001682",
      "t" : 1756450347965,
      "tn" : 1756450347965001682,
      "q" : "1.7",
      "p" : "0.7224",
      "s" : "sell",
      "i" : "OP_USDT",
      "m" : "4611686018430795254"
    }, {
      "d" : "1756450299884919009",
      "t" : 1756450299884,
      "tn" : 1756450299884919009,
      "q" : "1.7",
      "p" : "0.7224",
      "s" : "sell",
      "i" : "OP_USDT",
      "m" : "4611686018430795253"
    }, {
      "d" : "1756450238320317157",
      "t" : 1756450238320,
      "tn" : 1756450238320317157,
      "q" : "1.7",
      "p" : "0.7220",
      "s" : "sell",
      "i" : "OP_USDT",
      "m" : "4611686018430795252"
    }, {
      "d" : "1756450167653381436",
      "t" : 1756450167653,
      "tn" : 1756450167653381436,
      "q" : "1.7",
      "p" : "0.7227",
      "s" : "sell",
      "i" : "OP_USDT",
      "m" : "4611686018430795251"
    }, {
      "d" : "1756450138370234699",
      "t" : 1756450138370,
      "tn" : 1756450138370234699,
      "q" : "1.7",
      "p" : "0.7215",
      "s" : "sell",
      "i" : "OP_USDT",
      "m" : "4611686018430795250"
    }, {
      "d" : "1756450128199650069",
      "t" : 1756450128199,
      "tn" : 1756450128199650069,
      "q" : "1.7",
      "p" : "0.7214",
      "s" : "sell",
      "i" : "OP_USDT",
      "m" : "4611686018430795249"
    }, {
      "d" : "1756450115754935215",
      "t" : 1756450115754,
      "tn" : 1756450115754935215,
      "q" : "1.7",
      "p" : "0.7213",
      "s" : "sell",
      "i" : "OP_USDT",
      "m" : "4611686018430795248"
    }, {
      "d" : "1756450085729518633",
      "t" : 1756450085729,
      "tn" : 1756450085729518633,
      "q" : "1.7",
      "p" : "0.7221",
      "s" : "sell",
      "i" : "OP_USDT",
      "m" : "4611686018430795247"
    }, {
      "d" : "1756449984234236665",
      "t" : 1756449984234,
      "tn" : 1756449984234236665,
      "q" : "1.7",
      "p" : "0.7209",
      "s" : "sell",
      "i" : "OP_USDT",
      "m" : "4611686018430795246"
    }, {
      "d" : "1756449758786708761",
      "t" : 1756449758786,
      "tn" : 1756449758786708761,
      "q" : "1.7",
      "p" : "0.7196",
      "s" : "buy",
      "i" : "OP_USDT",
      "m" : "4611686018430795245"
    }, {
      "d" : "1756449757870625232",
      "t" : 1756449757870,
      "tn" : 1756449757870625232,
      "q" : "55.6",
      "p" : "0.7186",
      "s" : "sell",
      "i" : "OP_USDT",
      "m" : "4611686018430795244"
    }, {
      "d" : "1756449757870623105",
      "t" : 1756449757870,
      "tn" : 1756449757870623105,
      "q" : "422.7",
      "p" : "0.7190",
      "s" : "sell",
      "i" : "OP_USDT",
      "m" : "4611686018430795243"
    }, {
      "d" : "1756449757870620263",
      "t" : 1756449757870,
      "tn" : 1756449757870620263,
      "q" : "1.7",
      "p" : "0.7193",
      "s" : "sell",
      "i" : "OP_USDT",
      "m" : "4611686018430795242"
    }, {
      "d" : "1756449743953843802",
      "t" : 1756449743953,
      "tn" : 1756449743953843802,
      "q" : "1.7",
      "p" : "0.7191",
      "s" : "buy",
      "i" : "OP_USDT",
      "m" : "4611686018430795241"
    }, {
      "d" : "1756449637278036648",
      "t" : 1756449637278,
      "tn" : 1756449637278036648,
      "q" : "1.7",
      "p" : "0.7171",
      "s" : "sell",
      "i" : "OP_USDT",
      "m" : "4611686018430795240"
    }, {
      "d" : "1756449631167405288",
      "t" : 1756449631167,
      "tn" : 1756449631167405288,
      "q" : "1.7",
      "p" : "0.7174",
      "s" : "sell",
      "i" : "OP_USDT",
      "m" : "4611686018430795239"
    }, {
      "d" : "1756449610893236944",
      "t" : 1756449610893,
      "tn" : 1756449610893236943,
      "q" : "1.7",
      "p" : "0.7162",
      "s" : "buy",
      "i" : "OP_USDT",
      "m" : "4611686018430795238"
    }, {
      "d" : "1756449610893236943",
      "t" : 1756449610893,
      "tn" : 1756449610893236943,
      "q" : "147.3",
      "p" : "0.7162",
      "s" : "buy",
      "i" : "OP_USDT",
      "m" : "4611686018430795238"
    }, {
      "d" : "1756449610892601681",
      "t" : 1756449610892,
      "tn" : 1756449610892601681,
      "q" : "476.0",
      "p" : "0.7162",
      "s" : "buy",
      "i" : "OP_USDT",
      "m" : "4611686018430795237"
    }, {
      "d" : "1756449610892599359",
      "t" : 1756449610892,
      "tn" : 1756449610892599359,
      "q" : "24.0",
      "p" : "0.7161",
      "s" : "buy",
      "i" : "OP_USDT",
      "m" : "4611686018430795236"
    }, {
      "d" : "1756449606554968951",
      "t" : 1756449606554,
      "tn" : 1756449606554968950,
      "q" : "1.7",
      "p" : "0.7156",
      "s" : "buy",
      "i" : "OP_USDT",
      "m" : "4611686018430795235"
    }, {
      "d" : "1756449606554968950",
      "t" : 1756449606554,
      "tn" : 1756449606554968950,
      "q" : "121.8",
      "p" : "0.7156",
      "s" : "buy",
      "i" : "OP_USDT",
      "m" : "4611686018430795235"
    }, {
      "d" : "1756449606532179753",
      "t" : 1756449606532,
      "tn" : 1756449606532179752,
      "q" : "498.3",
      "p" : "0.7156",
      "s" : "buy",
      "i" : "OP_USDT",
      "m" : "4611686018430795234"
    }, {
      "d" : "1756449606532179752",
      "t" : 1756449606532,
      "tn" : 1756449606532179752,
      "q" : "1.7",
      "p" : "0.7156",
      "s" : "buy",
      "i" : "OP_USDT",
      "m" : "4611686018430795234"
    }, {
      "d" : "1756449591431614379",
      "t" : 1756449591431,
      "tn" : 1756449591431614379,
      "q" : "1.7",
      "p" : "0.7204",
      "s" : "buy",
      "i" : "OP_USDT",
      "m" : "4611686018430795233"
    }, {
      "d" : "1756449591389417460",
      "t" : 1756449591389,
      "tn" : 1756449591389417460,
      "q" : "23.9",
      "p" : "0.7194",
      "s" : "buy",
      "i" : "OP_USDT",
      "m" : "4611686018430795232"
    }, {
      "d" : "1756449588584505103",
      "t" : 1756449588584,
      "tn" : 1756449588584505103,
      "q" : "191.7",
      "p" : "0.7184",
      "s" : "sell",
      "i" : "OP_USDT",
      "m" : "4611686018430795231"
    }, {
      "d" : "1756449588584282650",
      "t" : 1756449588584,
      "tn" : 1756449588584282649,
      "q" : "299.4",
      "p" : "0.7184",
      "s" : "sell",
      "i" : "OP_USDT",
      "m" : "4611686018430795230"
    }, {
      "d" : "1756449588584282649",
      "t" : 1756449588584,
      "tn" : 1756449588584282649,
      "q" : "695.8",
      "p" : "0.7184",
      "s" : "sell",
      "i" : "OP_USDT",
      "m" : "4611686018430795230"
    }, {
      "d" : "1756449588584279628",
      "t" : 1756449588584,
      "tn" : 1756449588584279628,
      "q" : "23.9",
      "p" : "0.7185",
      "s" : "sell",
      "i" : "OP_USDT",
      "m" : "4611686018430795229"
    }, {
      "d" : "1756449588584276122",
      "t" : 1756449588584,
      "tn" : 1756449588584276122,
      "q" : "1.7",
      "p" : "0.7189",
      "s" : "sell",
      "i" : "OP_USDT",
      "m" : "4611686018430795228"
    }, {
      "d" : "1756449570450449431",
      "t" : 1756449570450,
      "tn" : 1756449570450449431,
      "q" : "1.7",
      "p" : "0.7200",
      "s" : "buy",
      "i" : "OP_USDT",
      "m" : "4611686018430795227"
    }, {
      "d" : "1756449557149727879",
      "t" : 1756449557149,
      "tn" : 1756449557149727879,
      "q" : "1.7",
      "p" : "0.7193",
      "s" : "sell",
      "i" : "OP_USDT",
      "m" : "4611686018430795226"
    }, {
      "d" : "1756449520091377605",
      "t" : 1756449520091,
      "tn" : 1756449520091377605,
      "q" : "694.6",
      "p" : "0.7198",
      "s" : "buy",
      "i" : "OP_USDT",
      "m" : "4611686018430795225"
    }, {
      "d" : "1756449500884419930",
      "t" : 1756449500884,
      "tn" : 1756449500884419930,
      "q" : "696.5",
      "p" : "0.7177",
      "s" : "sell",
      "i" : "OP_USDT",
      "m" : "4611686018430795224"
    }, {
      "d" : "1756449500878178413",
      "t" : 1756449500878,
      "tn" : 1756449500878178413,
      "q" : "24.0",
      "p" : "0.7178",
      "s" : "sell",
      "i" : "OP_USDT",
      "m" : "4611686018430795223"
    }, {
      "d" : "1756449449364193901",
      "t" : 1756449449364,
      "tn" : 1756449449364193901,
      "q" : "197.0",
      "p" : "0.7191",
      "s" : "buy",
      "i" : "OP_USDT",
      "m" : "4611686018430795222"
    }, {
      "d" : "1756449449363464727",
      "t" : 1756449449363,
      "tn" : 1756449449363464727,
      "q" : "196.2",
      "p" : "0.7191",
      "s" : "buy",
      "i" : "OP_USDT",
      "m" : "4611686018430795221"
    }, {
      "d" : "1756449449363463188",
      "t" : 1756449449363,
      "tn" : 1756449449363463188,
      "q" : "197.0",
      "p" : "0.7190",
      "s" : "buy",
      "i" : "OP_USDT",
      "m" : "4611686018430795220"
    }, {
      "d" : "1756449449363374803",
      "t" : 1756449449363,
      "tn" : 1756449449363374803,
      "q" : "498.3",
      "p" : "0.7190",
      "s" : "buy",
      "i" : "OP_USDT",
      "m" : "4611686018430795219"
    }, {
      "d" : "1756449449363372946",
      "t" : 1756449449363,
      "tn" : 1756449449363372946,
      "q" : "1.7",
      "p" : "0.7186",
      "s" : "buy",
      "i" : "OP_USDT",
      "m" : "4611686018430795218"
    }, {
      "d" : "1756448948943439703",
      "t" : 1756448948943,
      "tn" : 1756448948943439703,
      "q" : "1.7",
      "p" : "0.7181",
      "s" : "sell",
      "i" : "OP_USDT",
      "m" : "4611686018430795217"
    }, {
      "d" : "1756448912467904526",
      "t" : 1756448912467,
      "tn" : 1756448912467904526,
      "q" : "1.7",
      "p" : "0.7177",
      "s" : "sell",
      "i" : "OP_USDT",
      "m" : "4611686018430795216"
    }, {
      "d" : "1756448203741982426",
      "t" : 1756448203741,
      "tn" : 1756448203741982426,
      "q" : "0.6",
      "p" : "0.7191",
      "s" : "buy",
      "i" : "OP_USDT",
      "m" : "4611686018430795215"
    }, {
      "d" : "1756448088963413379",
      "t" : 1756448088963,
      "tn" : 1756448088963413379,
      "q" : "1.7",
      "p" : "0.7205",
      "s" : "sell",
      "i" : "OP_USDT",
      "m" : "4611686018430795214"
    }, {
      "d" : "1756448063193936811",
      "t" : 1756448063193,
      "tn" : 1756448063193936811,
      "q" : "1.7",
      "p" : "0.7216",
      "s" : "sell",
      "i" : "OP_USDT",
      "m" : "4611686018430795213"
    }, {
      "d" : "1756447768257652528",
      "t" : 1756447768257,
      "tn" : 1756447768257652528,
      "q" : "1.7",
      "p" : "0.7237",
      "s" : "sell",
      "i" : "OP_USDT",
      "m" : "4611686018430795212"
    }, {
      "d" : "1756447040510596413",
      "t" : 1756447040510,
      "tn" : 1756447040510596413,
      "q" : "170.0",
      "p" : "0.7249",
      "s" : "buy",
      "i" : "OP_USDT",
      "m" : "4611686018430795211"
    }, {
      "d" : "1756446998509547862",
      "t" : 1756446998509,
      "tn" : 1756446998509547862,
      "q" : "170.0",
      "p" : "0.7248",
      "s" : "buy",
      "i" : "OP_USDT",
      "m" : "4611686018430795210"
    }, {
      "d" : "1756446930828504250",
      "t" : 1756446930828,
      "tn" : 1756446930828504250,
      "q" : "170.0",
      "p" : "0.7247",
      "s" : "buy",
      "i" : "OP_USDT",
      "m" : "4611686018430795209"
    }, {
      "d" : "1756446837820658596",
      "t" : 1756446837820,
      "tn" : 1756446837820658596,
      "q" : "338.3",
      "p" : "0.7247",
      "s" : "buy",
      "i" : "OP_USDT",
      "m" : "4611686018430795208"
    }, {
      "d" : "1756446837820656394",
      "t" : 1756446837820,
      "tn" : 1756446837820656394,
      "q" : "1.7",
      "p" : "0.7246",
      "s" : "buy",
      "i" : "OP_USDT",
      "m" : "4611686018430795207"
    }, {
      "d" : "1756446814942986388",
      "t" : 1756446814942,
      "tn" : 1756446814942986388,
      "q" : "170.0",
      "p" : "0.7246",
      "s" : "buy",
      "i" : "OP_USDT",
      "m" : "4611686018430795206"
    }, {
      "d" : "1756446610855045650",
      "t" : 1756446610855,
      "tn" : 1756446610855045650,
      "q" : "1.7",
      "p" : "0.7265",
      "s" : "buy",
      "i" : "OP_USDT",
      "m" : "4611686018430795205"
    }, {
      "d" : "1756446228789187288",
      "t" : 1756446228789,
      "tn" : 1756446228789187288,
      "q" : "274.9",
      "p" : "0.7238",
      "s" : "buy",
      "i" : "OP_USDT",
      "m" : "4611686018430795204"
    }, {
      "d" : "1756446228789185608",
      "t" : 1756446228789,
      "tn" : 1756446228789185608,
      "q" : "1.7",
      "p" : "0.7233",
      "s" : "buy",
      "i" : "OP_USDT",
      "m" : "4611686018430795203"
    }, {
      "d" : "1756445250931984596",
      "t" : 1756445250931,
      "tn" : 1756445250931984595,
      "q" : "17.3",
      "p" : "0.7197",
      "s" : "sell",
      "i" : "OP_USDT",
      "m" : "4611686018430795202"
    }, {
      "d" : "1756445250931984595",
      "t" : 1756445250931,
      "tn" : 1756445250931984595,
      "q" : "34.7",
      "p" : "0.7197",
      "s" : "sell",
      "i" : "OP_USDT",
      "m" : "4611686018430795202"
    }, {
      "d" : "1756445237037163218",
      "t" : 1756445237037,
      "tn" : 1756445237037163218,
      "q" : "1.7",
      "p" : "0.7203",
      "s" : "sell",
      "i" : "OP_USDT",
      "m" : "4611686018430795201"
    }, {
      "d" : "1756445234660293851",
      "t" : 1756445234660,
      "tn" : 1756445234660293851,
      "q" : "1.7",
      "p" : "0.7206",
      "s" : "sell",
      "i" : "OP_USDT",
      "m" : "4611686018430795200"
    }, {
      "d" : "1756445234645773721",
      "t" : 1756445234645,
      "tn" : 1756445234645773721,
      "q" : "1.7",
      "p" : "0.7208",
      "s" : "sell",
      "i" : "OP_USDT",
      "m" : "4611686018430795199"
    }, {
      "d" : "1756445234643358543",
      "t" : 1756445234643,
      "tn" : 1756445234643358543,
      "q" : "346.6",
      "p" : "0.7206",
      "s" : "sell",
      "i" : "OP_USDT",
      "m" : "4611686018430795198"
    }, {
      "d" : "1756445234643356360",
      "t" : 1756445234643,
      "tn" : 1756445234643356360,
      "q" : "693.6",
      "p" : "0.7207",
      "s" : "sell",
      "i" : "OP_USDT",
      "m" : "4611686018430795197"
    }, {
      "d" : "1756445234643312869",
      "t" : 1756445234643,
      "tn" : 1756445234643312869,
      "q" : "1.7",
      "p" : "0.7208",
      "s" : "sell",
      "i" : "OP_USDT",
      "m" : "4611686018430795196"
    }, {
      "d" : "1756444833650843632",
      "t" : 1756444833650,
      "tn" : 1756444833650843632,
      "q" : "1.7",
      "p" : "0.7224",
      "s" : "sell",
      "i" : "OP_USDT",
      "m" : "4611686018430795195"
    }, {
      "d" : "1756444603742154576",
      "t" : 1756444603742,
      "tn" : 1756444603742154576,
      "q" : "0.6",
      "p" : "0.7225",
      "s" : "buy",
      "i" : "OP_USDT",
      "m" : "4611686018430795194"
    }, {
      "d" : "1756441816951389506",
      "t" : 1756441816951,
      "tn" : 1756441816951389506,
      "q" : "1.7",
      "p" : "0.7290",
      "s" : "buy",
      "i" : "OP_USDT",
      "m" : "4611686018430795193"
    }, {
      "d" : "1756441623732459877",
      "t" : 1756441623732,
      "tn" : 1756441623732459877,
      "q" : "1.7",
      "p" : "0.7299",
      "s" : "sell",
      "i" : "OP_USDT",
      "m" : "4611686018430795192"
    }, {
      "d" : "1756441591178834577",
      "t" : 1756441591178,
      "tn" : 1756441591178834575,
      "q" : "1.7",
      "p" : "0.7295",
      "s" : "buy",
      "i" : "OP_USDT",
      "m" : "4611686018430795191"
    }, {
      "d" : "1756441591178834576",
      "t" : 1756441591178,
      "tn" : 1756441591178834575,
      "q" : "685.2",
      "p" : "0.7295",
      "s" : "buy",
      "i" : "OP_USDT",
      "m" : "4611686018430795191"
    }, {
      "d" : "1756441591178834575",
      "t" : 1756441591178,
      "tn" : 1756441591178834575,
      "q" : "175.0",
      "p" : "0.7295",
      "s" : "buy",
      "i" : "OP_USDT",
      "m" : "4611686018430795191"
    }, {
      "d" : "1756441591178720274",
      "t" : 1756441591178,
      "tn" : 1756441591178720274,
      "q" : "218.4",
      "p" : "0.7295",
      "s" : "buy",
      "i" : "OP_USDT",
      "m" : "4611686018430795190"
    }, {
      "d" : "1756441111839344827",
      "t" : 1756441111839,
      "tn" : 1756441111839344827,
      "q" : "274.3",
      "p" : "0.7267",
      "s" : "buy",
      "i" : "OP_USDT",
      "m" : "4611686018430795189"
    }, {
      "d" : "1756441111838584697",
      "t" : 1756441111838,
      "tn" : 1756441111838584697,
      "q" : "688.2",
      "p" : "0.7263",
      "s" : "buy",
      "i" : "OP_USDT",
      "m" : "4611686018430795188"
    }, {
      "d" : "1756441111837185072",
      "t" : 1756441111837,
      "tn" : 1756441111837185072,
      "q" : "1.7",
      "p" : "0.7261",
      "s" : "buy",
      "i" : "OP_USDT",
      "m" : "4611686018430795187"
    }, {
      "d" : "1756441003741504097",
      "t" : 1756441003741,
      "tn" : 1756441003741504097,
      "q" : "0.6",
      "p" : "0.7267",
      "s" : "buy",
      "i" : "OP_USDT",
      "m" : "4611686018430795186"
    }, {
      "d" : "1756438680946969694",
      "t" : 1756438680946,
      "tn" : 1756438680946969694,
      "q" : "1.7",
      "p" : "0.7267",
      "s" : "buy",
      "i" : "OP_USDT",
      "m" : "4611686018430795185"
    }, {
      "d" : "1756438680425448648",
      "t" : 1756438680425,
      "tn" : 1756438680425448648,
      "q" : "1.7",
      "p" : "0.7265",
      "s" : "buy",
      "i" : "OP_USDT",
      "m" : "4611686018430795184"
    }, {
      "d" : "1756438672220298351",
      "t" : 1756438672220,
      "tn" : 1756438672220298351,
      "q" : "1.7",
      "p" : "0.7248",
      "s" : "buy",
      "i" : "OP_USDT",
      "m" : "4611686018430795183"
    } ]
  }
}