{
  "id" : -1,
  "method" : "public/get-trades",
  "code" : 0,
  "result" : {
    "data" : [ {
      "d" : "1756461880852894638",
      "t" : 1756461880852,
      "tn" : 1756461880852894638,
      "q" : "306",
      "p" : "0.6964",
      "s" : "buy",
      "i" : "OPUSD-PERP",
      "m" : "4611686018430098982"
    }, {
      "d" : "1756461880847163167",
      "t" : 1756461880847,
      "tn" : 1756461880847163167,
      "q" : "1387",
      "p" : "0.6964",
      "s" : "buy",
      "i" : "OPUSD-PERP",
      "m" : "4611686018430098981"
    }, {
      "d" : "1756461880719328346",
      "t" : 1756461880719,
      "tn" : 1756461880719328346,
      "q" : "517",
      "p" : "0.6964",
      "s" : "buy",
      "i" : "OPUSD-PERP",
      "m" : "4611686018430098980"
    }, {
      "d" : "1756461801634723578",
      "t" : 1756461801634,
      "tn" : 1756461801634723578,
      "q" : "2210",
      "p" : "0.6981",
      "s" : "buy",
      "i" : "OPUSD-PERP",
      "m" : "4611686018430098979"
    }, {
      "d" : "1756461801632158306",
      "t" : 1756461801632,
      "tn" : 1756461801632158306,
      "q" : "3",
      "p" : "0.6978",
      "s" : "buy",
      "i" : "OPUSD-PERP",
      "m" : "4611686018430098978"
    }, {
      "d" : "1756461801632156317",
      "t" : 1756461801632,
      "tn" : 1756461801632156317,
      "q" : "1174",
      "p" : "0.6977",
      "s" : "buy",
      "i" : "OPUSD-PERP",
      "m" : "4611686018430098977"
    }, {
      "d" : "1756461801630472101",
      "t" : 1756461801630,
      "tn" : 1756461801630472101,
      "q" : "1254",
      "p" : "0.6977",
      "s" : "buy",
      "i" : "OPUSD-PERP",
      "m" : "4611686018430098976"
    }, {
      "d" : "1756461801630470550",
      "t" : 1756461801630,
      "tn" : 1756461801630470550,
      "q" : "50",
      "p" : "0.6975",
      "s" : "buy",
      "i" : "OPUSD-PERP",
      "m" : "4611686018430098975"
    }, {
      "d" : "1756461801630467927",
      "t" : 1756461801630,
      "tn" : 1756461801630467927,
      "q" : "1",
      "p" : "0.6974",
      "s" : "buy",
      "i" : "OPUSD-PERP",
      "m" : "4611686018430098974"
    }, {
      "d" : "1756461801630463030",
      "t" : 1756461801630,
      "tn" : 1756461801630463030,
      "q" : "1",
      "p" : "0.6971",
      "s" : "buy",
      "i" : "OPUSD-PERP",
      "m" : "4611686018430098973"
    }, {
      "d" : "1756459183557496186",
      "t" : 1756459183557,
      "tn" : 1756459183557496186,
      "q" : "49",
      "p" : "0.6952",
      "s" : "buy",
      "i" : "OPUSD-PERP",
      "m" : "4611686018430098972"
    }, {
      "d" : "1756459183557494437",
      "t" : 1756459183557,
      "tn" : 1756459183557494437,
      "q" : "1",
      "p" : "0.6951",
      "s" : "buy",
      "i" : "OPUSD-PERP",
      "m" : "4611686018430098971"
    }, {
      "d" : "1756458683696500065",
      "t" : 1756458683696,
      "tn" : 1756458683696500065,
      "q" : "1",
      "p" : "0.6902",
      "s" : "buy",
      "i" : "OPUSD-PERP",
      "m" : "4611686018430098970"
    }, {
      "d" : "1756458241637439289",
      "t" : 1756458241637,
      "tn" : 1756458241637439289,
      "q" : "1",
      "p" : "0.6885",
      "s" : "buy",
      "i" : "OPUSD-PERP",
      "m" : "4611686018430098969"
    }, {
      "d" : "1756458134895973776",
      "t" : 1756458134895,
      "tn" : 1756458134895973776,
      "q" : "100",
      "p" : "0.6900",
      "s" : "sell",
      "i" : "OPUSD-PERP",
      "m" : "4611686018430098968"
    }, {
      "d" : "1756458134895971580",
      "t" : 1756458134895,
      "tn" : 1756458134895971580,
      "q" : "1",
      "p" : "0.6901",
      "s" : "sell",
      "i" : "OPUSD-PERP",
      "m" : "4611686018430098967"
    }, {
      "d" : "1756454324436235569",
      "t" : 1756454324436,
      "tn" : 1756454324436235569,
      "q" : "1",
      "p" : "0.7005",
      "s" : "sell",
      "i" : "OPUSD-PERP",
      "m" : "4611686018430098966"
    }, {
      "d" : "1756454324436233087",
      "t" : 1756454324436,
      "tn" : 1756454324436233087,
      "q" : "1",
      "p" : "0.7006",
      "s" : "sell",
      "i" : "OPUSD-PERP",
      "m" : "4611686018430098965"
    }, {
      "d" : "1756452542756061073",
      "t" : 1756452542756,
      "tn" : 1756452542756061073,
      "q" : "1",
      "p" : "0.7029",
      "s" : "sell",
      "i" : "OPUSD-PERP",
      "m" : "4611686018430098964"
    }, {
      "d" : "1756452542756058661",
      "t" : 1756452542756,
      "tn" : 1756452542756058661,
      "q" : "1",
      "p" : "0.7030",
      "s" : "sell",
      "i" : "OPUSD-PERP",
      "m" : "4611686018430098963"
    }, {
      "d" : "1756452537644854887",
      "t" : 1756452537644,
      "tn" : 1756452537644854886,
      "q" : "1",
      "p" : "0.7033",
      "s" : "sell",
      "i" : "OPUSD-PERP",
      "m" : "4611686018430098962"
    }, {
      "d" : "1756452537644854886",
      "t" : 1756452537644,
      "tn" : 1756452537644854886,
      "q" : "1",
      "p" : "0.7033",
      "s" : "sell",
      "i" : "OPUSD-PERP",
      "m" : "4611686018430098962"
    }, {
      "d" : "1756452420855920901",
      "t" : 1756452420855,
      "tn" : 1756452420855920901,
      "q" : "11",
      "p" : "0.7012",
      "s" : "sell",
      "i" : "OPUSD-PERP",
      "m" : "4611686018430098961"
    }, {
      "d" : "1756452420855919256",
      "t" : 1756452420855,
      "tn" : 1756452420855919255,
      "q" : "1",
      "p" : "0.7014",
      "s" : "sell",
      "i" : "OPUSD-PERP",
      "m" : "4611686018430098960"
    }, {
      "d" : "1756452420855919255",
      "t" : 1756452420855,
      "tn" : 1756452420855919255,
      "q" : "1",
      "p" : "0.7014",
      "s" : "sell",
      "i" : "OPUSD-PERP",
      "m" : "4611686018430098960"
    }, {
      "d" : "1756452420855915340",
      "t" : 1756452420855,
      "tn" : 1756452420855915340,
      "q" : "2",
      "p" : "0.7017",
      "s" : "sell",
      "i" : "OPUSD-PERP",
      "m" : "4611686018430098959"
    }, {
      "d" : "1756452379115968289",
      "t" : 1756452379115,
      "tn" : 1756452379115968288,
      "q" : "1",
      "p" : "0.7025",
      "s" : "sell",
      "i" : "OPUSD-PERP",
      "m" : "4611686018430098958"
    }, {
      "d" : "1756452379115968288",
      "t" : 1756452379115,
      "tn" : 1756452379115968288,
      "q" : "1",
      "p" : "0.7025",
      "s" : "sell",
      "i" : "OPUSD-PERP",
      "m" : "4611686018430098958"
    }, {
      "d" : "1756452374033145539",
      "t" : 1756452374033,
      "tn" : 1756452374033145538,
      "q" : "1",
      "p" : "0.7027",
      "s" : "sell",
      "i" : "OPUSD-PERP",
      "m" : "4611686018430098957"
    }, {
      "d" : "1756452374033145538",
      "t" : 1756452374033,
      "tn" : 1756452374033145538,
      "q" : "1",
      "p" : "0.7027",
      "s" : "sell",
      "i" : "OPUSD-PERP",
      "m" : "4611686018430098957"
    }, {
      "d" : "1756451734131918496",
      "t" : 1756451734131,
      "tn" : 1756451734131918496,
      "q" : "12",
      "p" : "0.7049",
      "s" : "sell",
      "i" : "OPUSD-PERP",
      "m" : "4611686018430098956"
    }, {
      "d" : "1756451734131916810",
      "t" : 1756451734131,
      "tn" : 1756451734131916810,
      "q" : "283",
      "p" : "0.7055",
      "s" : "sell",
      "i" : "OPUSD-PERP",
      "m" : "4611686018430098955"
    }, {
      "d" : "1756451734131915105",
      "t" : 1756451734131,
      "tn" : 1756451734131915104,
      "q" : "3",
      "p" : "0.7056",
      "s" : "sell",
      "i" : "OPUSD-PERP",
      "m" : "4611686018430098954"
    }, {
      "d" : "1756451734131915104",
      "t" : 1756451734131,
      "tn" : 1756451734131915104,
      "q" : "50",
      "p" : "0.7056",
      "s" : "sell",
      "i" : "OPUSD-PERP",
      "m" : "4611686018430098954"
    }, {
      "d" : "1756451734131910827",
      "t" : 1756451734131,
      "tn" : 1756451734131910827,
      "q" : "1",
      "p" : "0.7064",
      "s" : "sell",
      "i" : "OPUSD-PERP",
      "m" : "4611686018430098953"
    }, {
      "d" : "1756451734131907440",
      "t" : 1756451734131,
      "tn" : 1756451734131907440,
      "q" : "1",
      "p" : "0.7065",
      "s" : "sell",
      "i" : "OPUSD-PERP",
      "m" : "4611686018430098952"
    }, {
      "d" : "1756451575185912625",
      "t" : 1756451575185,
      "tn" : 1756451575185912624,
      "q" : "1",
      "p" : "0.7092",
      "s" : "sell",
      "i" : "OPUSD-PERP",
      "m" : "4611686018430098951"
    }, {
      "d" : "1756451575185912624",
      "t" : 1756451575185,
      "tn" : 1756451575185912624,
      "q" : "1",
      "p" : "0.7092",
      "s" : "sell",
      "i" : "OPUSD-PERP",
      "m" : "4611686018430098951"
    }, {
      "d" : "1756451488195566611",
      "t" : 1756451488195,
      "tn" : 1756451488195566610,
      "q" : "1",
      "p" : "0.7106",
      "s" : "sell",
      "i" : "OPUSD-PERP",
      "m" : "4611686018430098950"
    }, {
      "d" : "1756451488195566610",
      "t" : 1756451488195,
      "tn" : 1756451488195566610,
      "q" : "1",
      "p" : "0.7106",
      "s" : "sell",
      "i" : "OPUSD-PERP",
      "m" : "4611686018430098950"
    }, {
      "d" : "1756451348996232231",
      "t" : 1756451348996,
      "tn" : 1756451348996232231,
      "q" : "1",
      "p" : "0.7115",
      "s" : "sell",
      "i" : "OPUSD-PERP",
      "m" : "4611686018430098949"
    }, {
      "d" : "1756451348996229732",
      "t" : 1756451348996,
      "tn" : 1756451348996229732,
      "q" : "1",
      "p" : "0.7117",
      "s" : "sell",
      "i" : "OPUSD-PERP",
      "m" : "4611686018430098948"
    }, {
      "d" : "1756450154349122623",
      "t" : 1756450154349,
      "tn" : 1756450154349122623,
      "q" : "276",
      "p" : "0.7224",
      "s" : "sell",
      "i" : "OPUSD-PERP",
      "m" : "4611686018430098947"
    }, {
      "d" : "1756450150266251654",
      "t" : 1756450150266,
      "tn" : 1756450150266251654,
      "q" : "276",
      "p" : "0.7221",
      "s" : "sell",
      "i" : "OPUSD-PERP",
      "m" : "4611686018430098946"
    }, {
      "d" : "1756448142956177776",
      "t" : 1756448142956,
      "tn" : 1756448142956177775,
      "q" : "1",
      "p" : "0.7197",
      "s" : "sell",
      "i" : "OPUSD-PERP",
      "m" : "4611686018430098945"
    }, {
      "d" : "1756448142956177775",
      "t" : 1756448142956,
      "tn" : 1756448142956177775,
      "q" : "1",
      "p" : "0.7197",
      "s" : "sell",
      "i" : "OPUSD-PERP",
      "m" : "4611686018430098945"
    }, {
      "d" : "1756448088963079930",
      "t" : 1756448088963,
      "tn" : 1756448088963079929,
      "q" : "1",
      "p" : "0.7212",
      "s" : "sell",
      "i" : "OPUSD-PERP",
      "m" : "4611686018430098944"
    }, {
      "d" : "1756448088963079929",
      "t" : 1756448088963,
      "tn" : 1756448088963079929,
      "q" : "1",
      "p" : "0.7212",
      "s" : "sell",
      "i" : "OPUSD-PERP",
      "m" : "4611686018430098944"
    }, {
      "d" : "1756448068275842345",
      "t" : 1756448068275,
      "tn" : 1756448068275842345,
      "q" : "1",
      "p" : "0.7218",
      "s" : "sell",
      "i" : "OPUSD-PERP",
      "m" : "4611686018430098943"
    }, {
      "d" : "1756448068275840001",
      "t" : 1756448068275,
      "tn" : 1756448068275840001,
      "q" : "1",
      "p" : "0.7221",
      "s" : "sell",
      "i" : "OPUSD-PERP",
      "m" : "4611686018430098942"
    }, {
      "d" : "1756448063195771401",
      "t" : 1756448063195,
      "tn" : 1756448063195771401,
      "q" : "1",
      "p" : "0.7224",
      "s" : "sell",
      "i" : "OPUSD-PERP",
      "m" : "4611686018430098941"
    }, {
      "d" : "1756448063195769137",
      "t" : 1756448063195,
      "tn" : 1756448063195769137,
      "q" : "1",
      "p" : "0.7225",
      "s" : "sell",
      "i" : "OPUSD-PERP",
      "m" : "4611686018430098940"
    }, {
      "d" : "1756446610848006725",
      "t" : 1756446610848,
      "tn" : 1756446610848006725,
      "q" : "1",
      "p" : "0.7272",
      "s" : "buy",
      "i" : "OPUSD-PERP",
      "m" : "4611686018430098939"
    }, {
      "d" : "1756445239715706627",
      "t" : 1756445239715,
      "tn" : 1756445239715706627,
      "q" : "1",
      "p" : "0.7204",
      "s" : "sell",
      "i" : "OPUSD-PERP",
      "m" : "4611686018430098938"
    }, {
      "d" : "1756445239715704617",
      "t" : 1756445239715,
      "tn" : 1756445239715704617,
      "q" : "1",
      "p" : "0.7206",
      "s" : "sell",
      "i" : "OPUSD-PERP",
      "m" : "4611686018430098937"
    }, {
      "d" : "1756440215435954838",
      "t" : 1756440215435,
      "tn" : 1756440215435954838,
      "q" : "1",
      "p" : "0.7284",
      "s" : "sell",
      "i" : "OPUSD-PERP",
      "m" : "4611686018430098936"
    }, {
      "d" : "1756440215435951933",
      "t" : 1756440215435,
      "tn" : 1756440215435951933,
      "q" : "1",
      "p" : "0.7286",
      "s" : "sell",
      "i" : "OPUSD-PERP",
      "m" : "4611686018430098935"
    }, {
      "d" : "1756440210360935535",
      "t" : 1756440210360,
      "tn" : 1756440210360935535,
      "q" : "1",
      "p" : "0.7288",
      "s" : "sell",
      "i" : "OPUSD-PERP",
      "m" : "4611686018430098934"
    }, {
      "d" : "1756440210360932803",
      "t" : 1756440210360,
      "tn" : 1756440210360932803,
      "q" : "1",
      "p" : "0.7289",
      "s" : "sell",
      "i" : "OPUSD-PERP",
      "m" : "4611686018430098933"
    }, {
      "d" : "1756437838187055891",
      "t" : 1756437838187,
      "tn" : 1756437838187055891,
      "q" : "1",
      "p" : "0.7261",
      "s" : "buy",
      "i" : "OPUSD-PERP",
      "m" : "4611686018430098932"
    }, {
      "d" : "1756435690421063353",
      "t" : 1756435690421,
      "tn" : 1756435690421063353,
      "q" : "1",
      "p" : "0.7256",
      "s" : "buy",
      "i" : "OPUSD-PERP",
      "m" : "4611686018430098931"
    }, {
      "d" : "1756430457996328075",
      "t" : 1756430457996,
      "tn" : 1756430457996328075,
      "q" : "1",
      "p" : "0.7232",
      "s" : "sell",
      "i" : "OPUSD-PERP",
      "m" : "4611686018430098930"
    }, {
      "d" : "1756430457996325870",
      "t" : 1756430457996,
      "tn" : 1756430457996325870,
      "q" : "1",
      "p" : "0.7233",
      "s" : "sell",
      "i" : "OPUSD-PERP",
      "m" : "4611686018430098929"
    }, {
      "d" : "1756430255235978230",
      "t" : 1756430255235,
      "tn" : 1756430255235978230,
      "q" : "1",
      "p" : "0.7252",
      "s" : "sell",
      "i" : "OPUSD-PERP",
      "m" : "4611686018430098928"
    }, {
      "d" : "1756430255235975819",
      "t" : 1756430255235,
      "tn" : 1756430255235975819,
      "q" : "1",
      "p" : "0.7254",
      "s" : "sell",
      "i" : "OPUSD-PERP",
      "m" : "4611686018430098927"
    }, {
      "d" : "1756430231935659435",
      "t" : 1756430231935,
      "tn" : 1756430231935659435,
      "q" : "1",
      "p" : "0.7257",
      "s" : "sell",
      "i" : "OPUSD-PERP",
      "m" : "4611686018430098926"
    }, {
      "d" : "1756430231935656956",
      "t" : 1756430231935,
      "tn" : 1756430231935656956,
      "q" : "1",
      "p" : "0.7259",
      "s" : "sell",
      "i" : "OPUSD-PERP",
      "m" : "4611686018430098925"
    }, {
      "d" : "1756429656255796727",
      "t" : 1756429656255,
      "tn" : 1756429656255796727,
      "q" : "11",
      "p" : "0.7280",
      "s" : "sell",
      "i" : "OPUSD-PERP",
      "m" : "4611686018430098924"
    }, {
      "d" : "1756429656255795064",
      "t" : 1756429656255,
      "tn" : 1756429656255795064,
      "q" : "1",
      "p" : "0.7287",
      "s" : "sell",
      "i" : "OPUSD-PERP",
      "m" : "4611686018430098923"
    }, {
      "d" : "1756429656255792258",
      "t" : 1756429656255,
      "tn" : 1756429656255792258,
      "q" : "1",
      "p" : "0.7288",
      "s" : "sell",
      "i" : "OPUSD-PERP",
      "m" : "4611686018430098922"
    }, {
      "d" : "1756428846160337336",
      "t" : 1756428846160,
      "tn" : 1756428846160337336,
      "q" : "1",
      "p" : "0.7304",
      "s" : "sell",
      "i" : "OPUSD-PERP",
      "m" : "4611686018430098921"
    }, {
      "d" : "1756427844275516795",
      "t" : 1756427844275,
      "tn" : 1756427844275516795,
      "q" : "1",
      "p" : "0.7328",
      "s" : "sell",
      "i" : "OPUSD-PERP",
      "m" : "4611686018430098920"
    }, {
      "d" : "1756427844275514904",
      "t" : 1756427844275,
      "tn" : 1756427844275514904,
      "q" : "1",
      "p" : "0.7330",
      "s" : "sell",
      "i" : "OPUSD-PERP",
      "m" : "4611686018430098919"
    }, {
      "d" : "1756426812296382110",
      "t" : 1756426812296,
      "tn" : 1756426812296382110,
      "q" : "271",
      "p" : "0.7356",
      "s" : "buy",
      "i" : "OPUSD-PERP",
      "m" : "4611686018430098918"
    }, {
      "d" : "1756425366735955252",
      "t" : 1756425366735,
      "tn" : 1756425366735955252,
      "q" : "1",
      "p" : "0.7375",
      "s" : "sell",
      "i" : "OPUSD-PERP",
      "m" : "4611686018430098917"
    }, {
      "d" : "1756425366735952944",
      "t" : 1756425366735,
      "tn" : 1756425366735952944,
      "q" : "1",
      "p" : "0.7377",
      "s" : "sell",
      "i" : "OPUSD-PERP",
      "m" : "4611686018430098916"
    }, {
      "d" : "1756424678857309293",
      "t" : 1756424678857,
      "tn" : 1756424678857309293,
      "q" : "1",
      "p" : "0.7351",
      "s" : "buy",
      "i" : "OPUSD-PERP",
      "m" : "4611686018430098915"
    }, {
      "d" : "1756423229475647862",
      "t" : 1756423229475,
      "tn" : 1756423229475647862,
      "q" : "1",
      "p" : "0.7347",
      "s" : "sell",
      "i" : "OPUSD-PERP",
      "m" : "4611686018430098914"
    }, {
      "d" : "1756423229475645413",
      "t" : 1756423229475,
      "tn" : 1756423229475645413,
      "q" : "1",
      "p" : "0.7348",
      "s" : "sell",
      "i" : "OPUSD-PERP",
      "m" : "4611686018430098913"
    }, {
      "d" : "1756422628796430390",
      "t" : 1756422628796,
      "tn" : 1756422628796430390,
      "q" : "1",
      "p" : "0.7380",
      "s" : "sell",
      "i" : "OPUSD-PERP",
      "m" : "4611686018430098912"
    }, {
      "d" : "1756422628796427676",
      "t" : 1756422628796,
      "tn" : 1756422628796427676,
      "q" : "1",
      "p" : "0.7381",
      "s" : "sell",
      "i" : "OPUSD-PERP",
      "m" : "4611686018430098911"
    }, {
      "d" : "1756422432161199765",
      "t" : 1756422432161,
      "tn" : 1756422432161199765,
      "q" : "1",
      "p" : "0.7387",
      "s" : "sell",
      "i" : "OPUSD-PERP",
      "m" : "4611686018430098910"
    }, {
      "d" : "1756421966575738828",
      "t" : 1756421966575,
      "tn" : 1756421966575738828,
      "q" : "1",
      "p" : "0.7410",
      "s" : "sell",
      "i" : "OPUSD-PERP",
      "m" : "4611686018430098909"
    }, {
      "d" : "1756421966575736623",
      "t" : 1756421966575,
      "tn" : 1756421966575736623,
      "q" : "1",
      "p" : "0.7412",
      "s" : "sell",
      "i" : "OPUSD-PERP",
      "m" : "4611686018430098908"
    }, {
      "d" : "1756420114901133456",
      "t" : 1756420114901,
      "tn" : 1756420114901133456,
      "q" : "1",
      "p" : "0.7354",
      "s" : "sell",
      "i" : "OPUSD-PERP",
      "m" : "4611686018430098907"
    }, {
      "d" : "1756419613955855983",
      "t" : 1756419613955,
      "tn" : 1756419613955855983,
      "q" : "12",
      "p" : "0.7328",
      "s" : "sell",
      "i" : "OPUSD-PERP",
      "m" : "4611686018430098906"
    }, {
      "d" : "1756419613955854370",
      "t" : 1756419613955,
      "tn" : 1756419613955854370,
      "q" : "1",
      "p" : "0.7331",
      "s" : "sell",
      "i" : "OPUSD-PERP",
      "m" : "4611686018430098905"
    }, {
      "d" : "1756419613955851541",
      "t" : 1756419613955,
      "tn" : 1756419613955851541,
      "q" : "1",
      "p" : "0.7333",
      "s" : "sell",
      "i" : "OPUSD-PERP",
      "m" : "4611686018430098904"
    }, {
      "d" : "1756417898906672069",
      "t" : 1756417898906,
      "tn" : 1756417898906672069,
      "q" : "275",
      "p" : "0.7243",
      "s" : "sell",
      "i" : "OPUSD-PERP",
      "m" : "4611686018430098903"
    }, {
      "d" : "1756417898883299231",
      "t" : 1756417898883,
      "tn" : 1756417898883299231,
      "q" : "3",
      "p" : "0.7244",
      "s" : "buy",
      "i" : "OPUSD-PERP",
      "m" : "4611686018430098902"
    }, {
      "d" : "1756417898882746234",
      "t" : 1756417898882,
      "tn" : 1756417898882746234,
      "q" : "1",
      "p" : "0.7241",
      "s" : "buy",
      "i" : "OPUSD-PERP",
      "m" : "4611686018430098901"
    }, {
      "d" : "1756417898881949863",
      "t" : 1756417898881,
      "tn" : 1756417898881949863,
      "q" : "1",
      "p" : "0.7239",
      "s" : "buy",
      "i" : "OPUSD-PERP",
      "m" : "4611686018430098900"
    }, {
      "d" : "1756416711891557615",
      "t" : 1756416711891,
      "tn" : 1756416711891557615,
      "q" : "1",
      "p" : "0.7193",
      "s" : "sell",
      "i" : "OPUSD-PERP",
      "m" : "4611686018430098899"
    }, {
      "d" : "1756414124425345635",
      "t" : 1756414124425,
      "tn" : 1756414124425345635,
      "q" : "1",
      "p" : "0.7142",
      "s" : "sell",
      "i" : "OPUSD-PERP",
      "m" : "4611686018430098898"
    }, {
      "d" : "1756414091747575726",
      "t" : 1756414091747,
      "tn" : 1756414091747575725,
      "q" : "710",
      "p" : "0.7149",
      "s" : "buy",
      "i" : "OPUSD-PERP",
      "m" : "4611686018430098897"
    }, {
      "d" : "1756414091747575725",
      "t" : 1756414091747,
      "tn" : 1756414091747575725,
      "q" : "1",
      "p" : "0.7149",
      "s" : "buy",
      "i" : "OPUSD-PERP",
      "m" : "4611686018430098897"
    }, {
      "d" : "1756413453524503144",
      "t" : 1756413453524,
      "tn" : 1756413453524503144,
      "q" : "1",
      "p" : "0.7141",
      "s" : "sell",
      "i" : "OPUSD-PERP",
      "m" : "4611686018430098896"
    }, {
      "d" : "1756412982845045172",
      "t" : 1756412982845,
      "tn" : 1756412982845045172,
      "q" : "1",
      "p" : "0.7146",
      "s" : "sell",
      "i" : "OPUSD-PERP",
      "m" : "4611686018430098895"
    }, {
      "d" : "1756412981574804488",
      "t" : 1756412981574,
      "tn" : 1756412981574804488,
      "q" : "1",
      "p" : "0.7149",
      "s" : "sell",
      "i" : "OPUSD-PERP",
      "m" : "4611686018430098894"
    }, {
      "d" : "1756412480002838815",
      "t" : 1756412480002,
      "tn" : 1756412480002838815,
      "q" : "1",
      "p" : "0.7147",
      "s" : "sell",
      "i" : "OPUSD-PERP",
      "m" : "4611686018430098893"
    }, {
      "d" : "1756411440019219876",
      "t" : 1756411440019,
      "tn" : 1756411440019219876,
      "q" : "1",
      "p" : "0.7123",
      "s" : "sell",
      "i" : "OPUSD-PERP",
      "m" : "4611686018430098892"
    }, {
      "d" : "1756411204656116127",
      "t" : 1756411204656,
      "tn" : 1756411204656116127,
      "q" : "1",
      "p" : "0.7103",
      "s" : "sell",
      "i" : "OPUSD-PERP",
      "m" : "4611686018430098891"
    }, {
      "d" : "1756411195313741282",
      "t" : 1756411195313,
      "tn" : 1756411195313741281,
      "q" : "1",
      "p" : "0.7106",
      "s" : "buy",
      "i" : "OPUSD-PERP",
      "m" : "4611686018430098890"
    }, {
      "d" : "1756411195313741281",
      "t" : 1756411195313,
      "tn" : 1756411195313741281,
      "q" : "1",
      "p" : "0.7106",
      "s" : "buy",
      "i" : "OPUSD-PERP",
      "m" : "4611686018430098890"
    }, {
      "d" : "1756411135087047519",
      "t" : 1756411135087,
      "tn" : 1756411135087047519,
      "q" : "50",
      "p" : "0.7113",
      "s" : "buy",
      "i" : "OPUSD-PERP",
      "m" : "4611686018430098889"
    }, {
      "d" : "1756411135087044468",
      "t" : 1756411135087,
      "tn" : 1756411135087044466,
      "q" : "1",
      "p" : "0.7112",
      "s" : "buy",
      "i" : "OPUSD-PERP",
      "m" : "4611686018430098888"
    }, {
      "d" : "1756411135087044467",
      "t" : 1756411135087,
      "tn" : 1756411135087044466,
      "q" : "1",
      "p" : "0.7112",
      "s" : "buy",
      "i" : "OPUSD-PERP",
      "m" : "4611686018430098888"
    }, {
      "d" : "1756411135087044466",
      "t" : 1756411135087,
      "tn" : 1756411135087044466,
      "q" : "50",
      "p" : "0.7112",
      "s" : "buy",
      "i" : "OPUSD-PERP",
      "m" : "4611686018430098888"
    }, {
      "d" : "1756411075082956798",
      "t" : 1756411075082,
      "tn" : 1756411075082956797,
      "q" : "1",
      "p" : "0.7114",
      "s" : "buy",
      "i" : "OPUSD-PERP",
      "m" : "4611686018430098887"
    }, {
      "d" : "1756411075082956797",
      "t" : 1756411075082,
      "tn" : 1756411075082956797,
      "q" : "1",
      "p" : "0.7114",
      "s" : "buy",
      "i" : "OPUSD-PERP",
      "m" : "4611686018430098887"
    }, {
      "d" : "1756411015415268804",
      "t" : 1756411015415,
      "tn" : 1756411015415268803,
      "q" : "1",
      "p" : "0.7116",
      "s" : "buy",
      "i" : "OPUSD-PERP",
      "m" : "4611686018430098886"
    }, {
      "d" : "1756411015415268803",
      "t" : 1756411015415,
      "tn" : 1756411015415268803,
      "q" : "1",
      "p" : "0.7116",
      "s" : "buy",
      "i" : "OPUSD-PERP",
      "m" : "4611686018430098886"
    }, {
      "d" : "1756410955329992188",
      "t" : 1756410955329,
      "tn" : 1756410955329992186,
      "q" : "280",
      "p" : "0.7124",
      "s" : "buy",
      "i" : "OPUSD-PERP",
      "m" : "4611686018430098885"
    }, {
      "d" : "1756410955329992187",
      "t" : 1756410955329,
      "tn" : 1756410955329992186,
      "q" : "1",
      "p" : "0.7124",
      "s" : "buy",
      "i" : "OPUSD-PERP",
      "m" : "4611686018430098885"
    }, {
      "d" : "1756410955329992186",
      "t" : 1756410955329,
      "tn" : 1756410955329992186,
      "q" : "1",
      "p" : "0.7124",
      "s" : "buy",
      "i" : "OPUSD-PERP",
      "m" : "4611686018430098885"
    }, {
      "d" : "1756410945898366543",
      "t" : 1756410945898,
      "tn" : 1756410945898366543,
      "q" : "1",
      "p" : "0.7128",
      "s" : "sell",
      "i" : "OPUSD-PERP",
      "m" : "4611686018430098884"
    }, {
      "d" : "1756410895463790363",
      "t" : 1756410895463,
      "tn" : 1756410895463790361,
      "q" : "1",
      "p" : "0.7137",
      "s" : "buy",
      "i" : "OPUSD-PERP",
      "m" : "4611686018430098883"
    }, {
      "d" : "1756410895463790362",
      "t" : 1756410895463,
      "tn" : 1756410895463790361,
      "q" : "1",
      "p" : "0.7137",
      "s" : "buy",
      "i" : "OPUSD-PERP",
      "m" : "4611686018430098883"
    }, {
      "d" : "1756410895463790361",
      "t" : 1756410895463,
      "tn" : 1756410895463790361,
      "q" : "280",
      "p" : "0.7137",
      "s" : "buy",
      "i" : "OPUSD-PERP",
      "m" : "4611686018430098883"
    }, {
      "d" : "1756410875855851422",
      "t" : 1756410875855,
      "tn" : 1756410875855851422,
      "q" : "13",
      "p" : "0.7124",
      "s" : "sell",
      "i" : "OPUSD-PERP",
      "m" : "4611686018430098882"
    }, {
      "d" : "1756410875855849714",
      "t" : 1756410875855,
      "tn" : 1756410875855849714,
      "q" : "1",
      "p" : "0.7130",
      "s" : "sell",
      "i" : "OPUSD-PERP",
      "m" : "4611686018430098881"
    }, {
      "d" : "1756410875855846864",
      "t" : 1756410875855,
      "tn" : 1756410875855846864,
      "q" : "1",
      "p" : "0.7133",
      "s" : "sell",
      "i" : "OPUSD-PERP",
      "m" : "4611686018430098880"
    }, {
      "d" : "1756410870825272868",
      "t" : 1756410870825,
      "tn" : 1756410870825272868,
      "q" : "1",
      "p" : "0.7135",
      "s" : "sell",
      "i" : "OPUSD-PERP",
      "m" : "4611686018430098879"
    }, {
      "d" : "1756410835274925748",
      "t" : 1756410835274,
      "tn" : 1756410835274925747,
      "q" : "1",
      "p" : "0.7143",
      "s" : "buy",
      "i" : "OPUSD-PERP",
      "m" : "4611686018430098878"
    }, {
      "d" : "1756410835274925747",
      "t" : 1756410835274,
      "tn" : 1756410835274925747,
      "q" : "1",
      "p" : "0.7143",
      "s" : "buy",
      "i" : "OPUSD-PERP",
      "m" : "4611686018430098878"
    }, {
      "d" : "1756410775257188758",
      "t" : 1756410775257,
      "tn" : 1756410775257188757,
      "q" : "1",
      "p" : "0.7133",
      "s" : "buy",
      "i" : "OPUSD-PERP",
      "m" : "4611686018430098877"
    }, {
      "d" : "1756410775257188757",
      "t" : 1756410775257,
      "tn" : 1756410775257188757,
      "q" : "1",
      "p" : "0.7133",
      "s" : "buy",
      "i" : "OPUSD-PERP",
      "m" : "4611686018430098877"
    }, {
      "d" : "1756410715178190898",
      "t" : 1756410715178,
      "tn" : 1756410715178190897,
      "q" : "1",
      "p" : "0.7126",
      "s" : "buy",
      "i" : "OPUSD-PERP",
      "m" : "4611686018430098876"
    }, {
      "d" : "1756410715178190897",
      "t" : 1756410715178,
      "tn" : 1756410715178190897,
      "q" : "1",
      "p" : "0.7126",
      "s" : "buy",
      "i" : "OPUSD-PERP",
      "m" : "4611686018430098876"
    }, {
      "d" : "1756410655495017700",
      "t" : 1756410655495,
      "tn" : 1756410655495017699,
      "q" : "1",
      "p" : "0.7125",
      "s" : "buy",
      "i" : "OPUSD-PERP",
      "m" : "4611686018430098875"
    }, {
      "d" : "1756410655495017699",
      "t" : 1756410655495,
      "tn" : 1756410655495017699,
      "q" : "1",
      "p" : "0.7125",
      "s" : "buy",
      "i" : "OPUSD-PERP",
      "m" : "4611686018430098875"
    }, {
      "d" : "1756409245167037021",
      "t" : 1756409245167,
      "tn" : 1756409245167037021,
      "q" : "88",
      "p" : "0.7181",
      "s" : "buy",
      "i" : "OPUSD-PERP",
      "m" : "4611686018430098874"
    }, {
      "d" : "1756407524623244205",
      "t" : 1756407524623,
      "tn" : 1756407524623244205,
      "q" : "1",
      "p" : "0.7175",
      "s" : "sell",
      "i" : "OPUSD-PERP",
      "m" : "4611686018430098873"
    }, {
      "d" : "1756407518453896800",
      "t" : 1756407518453,
      "tn" : 1756407518453896800,
      "q" : "1",
      "p" : "0.7176",
      "s" : "sell",
      "i" : "OPUSD-PERP",
      "m" : "4611686018430098872"
    }, {
      "d" : "1756407518448400298",
      "t" : 1756407518448,
      "tn" : 1756407518448400298,
      "q" : "34",
      "p" : "0.7176",
      "s" : "sell",
      "i" : "OPUSD-PERP",
      "m" : "4611686018430098871"
    }, {
      "d" : "1756407518392581949",
      "t" : 1756407518392,
      "tn" : 1756407518392581948,
      "q" : "1",
      "p" : "0.7176",
      "s" : "buy",
      "i" : "OPUSD-PERP",
      "m" : "4611686018430098870"
    }, {
      "d" : "1756407518392581948",
      "t" : 1756407518392,
      "tn" : 1756407518392581948,
      "q" : "1",
      "p" : "0.7176",
      "s" : "buy",
      "i" : "OPUSD-PERP",
      "m" : "4611686018430098870"
    }, {
      "d" : "1756406148644140529",
      "t" : 1756406148644,
      "tn" : 1756406148644140529,
      "q" : "278",
      "p" : "0.7175",
      "s" : "buy",
      "i" : "OPUSD-PERP",
      "m" : "4611686018430098869"
    }, {
      "d" : "1756406148644138226",
      "t" : 1756406148644,
      "tn" : 1756406148644138226,
      "q" : "1",
      "p" : "0.7174",
      "s" : "buy",
      "i" : "OPUSD-PERP",
      "m" : "4611686018430098868"
    }, {
      "d" : "1756406148644134831",
      "t" : 1756406148644,
      "tn" : 1756406148644134831,
      "q" : "1",
      "p" : "0.7173",
      "s" : "buy",
      "i" : "OPUSD-PERP",
      "m" : "4611686018430098867"
    }, {
      "d" : "1756405216555924582",
      "t" : 1756405216555,
      "tn" : 1756405216555924582,
      "q" : "1",
      "p" : "0.7130",
      "s" : "sell",
      "i" : "OPUSD-PERP",
      "m" : "4611686018430098866"
    }, {
      "d" : "1756405216555922555",
      "t" : 1756405216555,
      "tn" : 1756405216555922555,
      "q" : "1",
      "p" : "0.7132",
      "s" : "sell",
      "i" : "OPUSD-PERP",
      "m" : "4611686018430098865"
    }, {
      "d" : "1756404419535641259",
      "t" : 1756404419535,
      "tn" : 1756404419535641259,
      "q" : "15",
      "p" : "0.7115",
      "s" : "sell",
      "i" : "OPUSD-PERP",
      "m" : "4611686018430098864"
    }, {
      "d" : "1756404419535639506",
      "t" : 1756404419535,
      "tn" : 1756404419535639506,
      "q" : "1",
      "p" : "0.7120",
      "s" : "sell",
      "i" : "OPUSD-PERP",
      "m" : "4611686018430098863"
    }, {
      "d" : "1756404419535637239",
      "t" : 1756404419535,
      "tn" : 1756404419535637239,
      "q" : "1",
      "p" : "0.7122",
      "s" : "sell",
      "i" : "OPUSD-PERP",
      "m" : "4611686018430098862"
    }, {
      "d" : "1756404043935886255",
      "t" : 1756404043935,
      "tn" : 1756404043935886255,
      "q" : "1",
      "p" : "0.7115",
      "s" : "sell",
      "i" : "OPUSD-PERP",
      "m" : "4611686018430098861"
    }, {
      "d" : "1756404043935884330",
      "t" : 1756404043935,
      "tn" : 1756404043935884330,
      "q" : "1",
      "p" : "0.7118",
      "s" : "sell",
      "i" : "OPUSD-PERP",
      "m" : "4611686018430098860"
    }, {
      "d" : "1756403844704844246",
      "t" : 1756403844704,
      "tn" : 1756403844704844246,
      "q" : "125",
      "p" : "0.7160",
      "s" : "buy",
      "i" : "OPUSD-PERP",
      "m" : "4611686018430098859"
    }, {
      "d" : "1756403844704842213",
      "t" : 1756403844704,
      "tn" : 1756403844704842213,
      "q" : "69",
      "p" : "0.7155",
      "s" : "buy",
      "i" : "OPUSD-PERP",
      "m" : "4611686018430098858"
    }, {
      "d" : "1756403844704839999",
      "t" : 1756403844704,
      "tn" : 1756403844704839999,
      "q" : "69",
      "p" : "0.7154",
      "s" : "buy",
      "i" : "OPUSD-PERP",
      "m" : "4611686018430098857"
    } ]
  }
}