{
  "id" : -1,
  "method" : "public/get-trades",
  "code" : 0,
  "result" : {
    "data" : [ {
      "d" : "1756461401458124978",
      "t" : 1756461401458,
      "tn" : 1756461401458124978,
      "q" : "4",
      "p" : "2.3228",
      "s" : "buy",
      "i" : "ORCAUSD-PERP",
      "m" : "4611686018427425633"
    }, {
      "d" : "1756461401458123384",
      "t" : 1756461401458,
      "tn" : 1756461401458123384,
      "q" : "1",
      "p" : "2.3223",
      "s" : "buy",
      "i" : "ORCAUSD-PERP",
      "m" : "4611686018427425632"
    }, {
      "d" : "1756458921223938862",
      "t" : 1756458921223,
      "tn" : 1756458921223938862,
      "q" : "1",
      "p" : "2.2851",
      "s" : "buy",
      "i" : "ORCAUSD-PERP",
      "m" : "4611686018427425631"
    }, {
      "d" : "1756458169065135944",
      "t" : 1756458169065,
      "tn" : 1756458169065135944,
      "q" : "1",
      "p" : "2.2730",
      "s" : "sell",
      "i" : "ORCAUSD-PERP",
      "m" : "4611686018427425630"
    }, {
      "d" : "1756458169065133918",
      "t" : 1756458169065,
      "tn" : 1756458169065133918,
      "q" : "1",
      "p" : "2.2731",
      "s" : "sell",
      "i" : "ORCAUSD-PERP",
      "m" : "4611686018427425629"
    }, {
      "d" : "1756457100380123523",
      "t" : 1756457100380,
      "tn" : 1756457100380123523,
      "q" : "83",
      "p" : "2.2925",
      "s" : "sell",
      "i" : "ORCAUSD-PERP",
      "m" : "4611686018427425628"
    }, {
      "d" : "1756457100380121406",
      "t" : 1756457100380,
      "tn" : 1756457100380121406,
      "q" : "1",
      "p" : "2.2926",
      "s" : "sell",
      "i" : "ORCAUSD-PERP",
      "m" : "4611686018427425627"
    }, {
      "d" : "1756457100380119576",
      "t" : 1756457100380,
      "tn" : 1756457100380119576,
      "q" : "1",
      "p" : "2.2932",
      "s" : "sell",
      "i" : "ORCAUSD-PERP",
      "m" : "4611686018427425626"
    }, {
      "d" : "1756454987403738869",
      "t" : 1756454987403,
      "tn" : 1756454987403738869,
      "q" : "1",
      "p" : "2.2940",
      "s" : "sell",
      "i" : "ORCAUSD-PERP",
      "m" : "4611686018427425625"
    }, {
      "d" : "1756454987403302477",
      "t" : 1756454987403,
      "tn" : 1756454987403302477,
      "q" : "1",
      "p" : "2.2944",
      "s" : "sell",
      "i" : "ORCAUSD-PERP",
      "m" : "4611686018427425624"
    }, {
      "d" : "1756454194111040689",
      "t" : 1756454194111,
      "tn" : 1756454194111040689,
      "q" : "1",
      "p" : "2.3072",
      "s" : "sell",
      "i" : "ORCAUSD-PERP",
      "m" : "4611686018427425623"
    }, {
      "d" : "1756454194111038020",
      "t" : 1756454194111,
      "tn" : 1756454194111038020,
      "q" : "1",
      "p" : "2.3075",
      "s" : "sell",
      "i" : "ORCAUSD-PERP",
      "m" : "4611686018427425622"
    }, {
      "d" : "1756453128492552478",
      "t" : 1756453128492,
      "tn" : 1756453128492552478,
      "q" : "1",
      "p" : "2.3200",
      "s" : "buy",
      "i" : "ORCAUSD-PERP",
      "m" : "4611686018427425621"
    }, {
      "d" : "1756453125763284694",
      "t" : 1756453125763,
      "tn" : 1756453125763284694,
      "q" : "1",
      "p" : "2.3196",
      "s" : "buy",
      "i" : "ORCAUSD-PERP",
      "m" : "4611686018427425620"
    }, {
      "d" : "1756452994149839380",
      "t" : 1756452994149,
      "tn" : 1756452994149839380,
      "q" : "1",
      "p" : "2.3164",
      "s" : "buy",
      "i" : "ORCAUSD-PERP",
      "m" : "4611686018427425619"
    }, {
      "d" : "1756452240025201191",
      "t" : 1756452240025,
      "tn" : 1756452240025201191,
      "q" : "1",
      "p" : "2.3313",
      "s" : "buy",
      "i" : "ORCAUSD-PERP",
      "m" : "4611686018427425618"
    }, {
      "d" : "1756452161414630339",
      "t" : 1756452161414,
      "tn" : 1756452161414630339,
      "q" : "1",
      "p" : "2.3284",
      "s" : "buy",
      "i" : "ORCAUSD-PERP",
      "m" : "4611686018427425617"
    }, {
      "d" : "1756452161409704967",
      "t" : 1756452161409,
      "tn" : 1756452161409704967,
      "q" : "1",
      "p" : "2.3271",
      "s" : "buy",
      "i" : "ORCAUSD-PERP",
      "m" : "4611686018427425616"
    }, {
      "d" : "1756451961961106783",
      "t" : 1756451961961,
      "tn" : 1756451961961106783,
      "q" : "1",
      "p" : "2.3330",
      "s" : "buy",
      "i" : "ORCAUSD-PERP",
      "m" : "4611686018427425615"
    }, {
      "d" : "1756451902788051376",
      "t" : 1756451902788,
      "tn" : 1756451902788051376,
      "q" : "1",
      "p" : "2.3310",
      "s" : "buy",
      "i" : "ORCAUSD-PERP",
      "m" : "4611686018427425614"
    }, {
      "d" : "1756451758387854524",
      "t" : 1756451758387,
      "tn" : 1756451758387854524,
      "q" : "1",
      "p" : "2.3289",
      "s" : "buy",
      "i" : "ORCAUSD-PERP",
      "m" : "4611686018427425613"
    }, {
      "d" : "1756451704768042729",
      "t" : 1756451704768,
      "tn" : 1756451704768042729,
      "q" : "40",
      "p" : "2.3270",
      "s" : "buy",
      "i" : "ORCAUSD-PERP",
      "m" : "4611686018427425612"
    }, {
      "d" : "1756451692069688467",
      "t" : 1756451692069,
      "tn" : 1756451692069688467,
      "q" : "1",
      "p" : "2.3289",
      "s" : "sell",
      "i" : "ORCAUSD-PERP",
      "m" : "4611686018427425611"
    }, {
      "d" : "1756451692069686546",
      "t" : 1756451692069,
      "tn" : 1756451692069686546,
      "q" : "1",
      "p" : "2.3292",
      "s" : "sell",
      "i" : "ORCAUSD-PERP",
      "m" : "4611686018427425610"
    }, {
      "d" : "1756451668127094991",
      "t" : 1756451668127,
      "tn" : 1756451668127094991,
      "q" : "1",
      "p" : "2.3290",
      "s" : "sell",
      "i" : "ORCAUSD-PERP",
      "m" : "4611686018427425609"
    }, {
      "d" : "1756451668127092607",
      "t" : 1756451668127,
      "tn" : 1756451668127092607,
      "q" : "1",
      "p" : "2.3292",
      "s" : "sell",
      "i" : "ORCAUSD-PERP",
      "m" : "4611686018427425608"
    }, {
      "d" : "1756451612035454595",
      "t" : 1756451612035,
      "tn" : 1756451612035454595,
      "q" : "1",
      "p" : "2.3326",
      "s" : "sell",
      "i" : "ORCAUSD-PERP",
      "m" : "4611686018427425607"
    }, {
      "d" : "1756451375270629413",
      "t" : 1756451375270,
      "tn" : 1756451375270629413,
      "q" : "1",
      "p" : "2.3488",
      "s" : "sell",
      "i" : "ORCAUSD-PERP",
      "m" : "4611686018427425606"
    }, {
      "d" : "1756451375265967175",
      "t" : 1756451375265,
      "tn" : 1756451375265967175,
      "q" : "1",
      "p" : "2.3492",
      "s" : "sell",
      "i" : "ORCAUSD-PERP",
      "m" : "4611686018427425605"
    }, {
      "d" : "1756451343917080527",
      "t" : 1756451343917,
      "tn" : 1756451343917080527,
      "q" : "1",
      "p" : "2.3573",
      "s" : "sell",
      "i" : "ORCAUSD-PERP",
      "m" : "4611686018427425604"
    }, {
      "d" : "1756451019039820856",
      "t" : 1756451019039,
      "tn" : 1756451019039820856,
      "q" : "42",
      "p" : "2.3675",
      "s" : "buy",
      "i" : "ORCAUSD-PERP",
      "m" : "4611686018427425603"
    }, {
      "d" : "1756451018461073092",
      "t" : 1756451018461,
      "tn" : 1756451018461073092,
      "q" : "42",
      "p" : "2.3675",
      "s" : "buy",
      "i" : "ORCAUSD-PERP",
      "m" : "4611686018427425602"
    }, {
      "d" : "1756449688001905633",
      "t" : 1756449688001,
      "tn" : 1756449688001905633,
      "q" : "21",
      "p" : "2.3126",
      "s" : "sell",
      "i" : "ORCAUSD-PERP",
      "m" : "4611686018427425601"
    }, {
      "d" : "1756449687733591419",
      "t" : 1756449687733,
      "tn" : 1756449687733591419,
      "q" : "43",
      "p" : "2.3100",
      "s" : "sell",
      "i" : "ORCAUSD-PERP",
      "m" : "4611686018427425600"
    }, {
      "d" : "1756449651808929803",
      "t" : 1756449651808,
      "tn" : 1756449651808929803,
      "q" : "43",
      "p" : "2.3032",
      "s" : "sell",
      "i" : "ORCAUSD-PERP",
      "m" : "4611686018427425599"
    }, {
      "d" : "1756449637239593487",
      "t" : 1756449637239,
      "tn" : 1756449637239593487,
      "q" : "13",
      "p" : "2.2862",
      "s" : "sell",
      "i" : "ORCAUSD-PERP",
      "m" : "4611686018427425598"
    }, {
      "d" : "1756449636478539507",
      "t" : 1756449636478,
      "tn" : 1756449636478539507,
      "q" : "43",
      "p" : "2.2781",
      "s" : "buy",
      "i" : "ORCAUSD-PERP",
      "m" : "4611686018427425597"
    }, {
      "d" : "1756449636268514589",
      "t" : 1756449636268,
      "tn" : 1756449636268514589,
      "q" : "43",
      "p" : "2.2843",
      "s" : "buy",
      "i" : "ORCAUSD-PERP",
      "m" : "4611686018427425596"
    }, {
      "d" : "1756449635895957619",
      "t" : 1756449635895,
      "tn" : 1756449635895957619,
      "q" : "11",
      "p" : "2.2824",
      "s" : "sell",
      "i" : "ORCAUSD-PERP",
      "m" : "4611686018427425595"
    }, {
      "d" : "1756449634719688281",
      "t" : 1756449634719,
      "tn" : 1756449634719688281,
      "q" : "104",
      "p" : "2.2538",
      "s" : "sell",
      "i" : "ORCAUSD-PERP",
      "m" : "4611686018427425594"
    }, {
      "d" : "1756449634719686921",
      "t" : 1756449634719,
      "tn" : 1756449634719686921,
      "q" : "4",
      "p" : "2.2597",
      "s" : "sell",
      "i" : "ORCAUSD-PERP",
      "m" : "4611686018427425593"
    }, {
      "d" : "1756449634714590935",
      "t" : 1756449634714,
      "tn" : 1756449634714590935,
      "q" : "228",
      "p" : "2.2603",
      "s" : "sell",
      "i" : "ORCAUSD-PERP",
      "m" : "4611686018427425592"
    }, {
      "d" : "1756449634714589271",
      "t" : 1756449634714,
      "tn" : 1756449634714589271,
      "q" : "21",
      "p" : "2.2800",
      "s" : "sell",
      "i" : "ORCAUSD-PERP",
      "m" : "4611686018427425591"
    }, {
      "d" : "1756449634714587703",
      "t" : 1756449634714,
      "tn" : 1756449634714587703,
      "q" : "21",
      "p" : "2.2805",
      "s" : "sell",
      "i" : "ORCAUSD-PERP",
      "m" : "4611686018427425590"
    }, {
      "d" : "1756449634568514198",
      "t" : 1756449634568,
      "tn" : 1756449634568514198,
      "q" : "43",
      "p" : "2.2854",
      "s" : "buy",
      "i" : "ORCAUSD-PERP",
      "m" : "4611686018427425589"
    }, {
      "d" : "1756449634562168160",
      "t" : 1756449634562,
      "tn" : 1756449634562168160,
      "q" : "3",
      "p" : "2.2854",
      "s" : "buy",
      "i" : "ORCAUSD-PERP",
      "m" : "4611686018427425588"
    }, {
      "d" : "1756449634219294347",
      "t" : 1756449634219,
      "tn" : 1756449634219294347,
      "q" : "325",
      "p" : "2.2823",
      "s" : "buy",
      "i" : "ORCAUSD-PERP",
      "m" : "4611686018427425587"
    }, {
      "d" : "1756449632845120443",
      "t" : 1756449632845,
      "tn" : 1756449632845120443,
      "q" : "43",
      "p" : "2.3045",
      "s" : "buy",
      "i" : "ORCAUSD-PERP",
      "m" : "4611686018427425586"
    }, {
      "d" : "1756449631977565862",
      "t" : 1756449631977,
      "tn" : 1756449631977565862,
      "q" : "324",
      "p" : "2.2778",
      "s" : "buy",
      "i" : "ORCAUSD-PERP",
      "m" : "4611686018427425585"
    }, {
      "d" : "1756449631868489491",
      "t" : 1756449631868,
      "tn" : 1756449631868489491,
      "q" : "43",
      "p" : "2.2833",
      "s" : "buy",
      "i" : "ORCAUSD-PERP",
      "m" : "4611686018427425584"
    }, {
      "d" : "1756449631560970989",
      "t" : 1756449631560,
      "tn" : 1756449631560970989,
      "q" : "245",
      "p" : "2.2797",
      "s" : "buy",
      "i" : "ORCAUSD-PERP",
      "m" : "4611686018427425583"
    }, {
      "d" : "1756449631545991861",
      "t" : 1756449631545,
      "tn" : 1756449631545991861,
      "q" : "245",
      "p" : "2.2791",
      "s" : "buy",
      "i" : "ORCAUSD-PERP",
      "m" : "4611686018427425582"
    }, {
      "d" : "1756449631525966726",
      "t" : 1756449631525,
      "tn" : 1756449631525966726,
      "q" : "245",
      "p" : "2.2791",
      "s" : "buy",
      "i" : "ORCAUSD-PERP",
      "m" : "4611686018427425581"
    }, {
      "d" : "1756449631492638430",
      "t" : 1756449631492,
      "tn" : 1756449631492638430,
      "q" : "324",
      "p" : "2.2839",
      "s" : "buy",
      "i" : "ORCAUSD-PERP",
      "m" : "4611686018427425580"
    }, {
      "d" : "1756449631434150871",
      "t" : 1756449631434,
      "tn" : 1756449631434150871,
      "q" : "324",
      "p" : "2.2843",
      "s" : "buy",
      "i" : "ORCAUSD-PERP",
      "m" : "4611686018427425579"
    }, {
      "d" : "1756449630146214802",
      "t" : 1756449630146,
      "tn" : 1756449630146214802,
      "q" : "328",
      "p" : "2.2914",
      "s" : "buy",
      "i" : "ORCAUSD-PERP",
      "m" : "4611686018427425578"
    }, {
      "d" : "1756449630056120960",
      "t" : 1756449630056,
      "tn" : 1756449630056120960,
      "q" : "22",
      "p" : "2.2773",
      "s" : "sell",
      "i" : "ORCAUSD-PERP",
      "m" : "4611686018427425577"
    }, {
      "d" : "1756449630056119400",
      "t" : 1756449630056,
      "tn" : 1756449630056119400,
      "q" : "270",
      "p" : "2.2813",
      "s" : "sell",
      "i" : "ORCAUSD-PERP",
      "m" : "4611686018427425576"
    }, {
      "d" : "1756449630056117795",
      "t" : 1756449630056,
      "tn" : 1756449630056117795,
      "q" : "21",
      "p" : "2.2950",
      "s" : "sell",
      "i" : "ORCAUSD-PERP",
      "m" : "4611686018427425575"
    }, {
      "d" : "1756449630056115629",
      "t" : 1756449630056,
      "tn" : 1756449630056115629,
      "q" : "21",
      "p" : "2.2955",
      "s" : "sell",
      "i" : "ORCAUSD-PERP",
      "m" : "4611686018427425574"
    }, {
      "d" : "1756449630056113358",
      "t" : 1756449630056,
      "tn" : 1756449630056113358,
      "q" : "43",
      "p" : "2.3006",
      "s" : "sell",
      "i" : "ORCAUSD-PERP",
      "m" : "4611686018427425573"
    }, {
      "d" : "1756449629468501672",
      "t" : 1756449629468,
      "tn" : 1756449629468501672,
      "q" : "43",
      "p" : "2.3034",
      "s" : "buy",
      "i" : "ORCAUSD-PERP",
      "m" : "4611686018427425572"
    }, {
      "d" : "1756449629453937763",
      "t" : 1756449629453,
      "tn" : 1756449629453937763,
      "q" : "244",
      "p" : "2.3033",
      "s" : "buy",
      "i" : "ORCAUSD-PERP",
      "m" : "4611686018427425571"
    }, {
      "d" : "1756449606177294244",
      "t" : 1756449606177,
      "tn" : 1756449606177294244,
      "q" : "23",
      "p" : "2.3230",
      "s" : "sell",
      "i" : "ORCAUSD-PERP",
      "m" : "4611686018427425570"
    }, {
      "d" : "1756449606177292537",
      "t" : 1756449606177,
      "tn" : 1756449606177292537,
      "q" : "284",
      "p" : "2.3253",
      "s" : "sell",
      "i" : "ORCAUSD-PERP",
      "m" : "4611686018427425569"
    }, {
      "d" : "1756449606085279526",
      "t" : 1756449606085,
      "tn" : 1756449606085279526,
      "q" : "18",
      "p" : "2.3253",
      "s" : "sell",
      "i" : "ORCAUSD-PERP",
      "m" : "4611686018427425568"
    }, {
      "d" : "1756449606085277939",
      "t" : 1756449606085,
      "tn" : 1756449606085277939,
      "q" : "42",
      "p" : "2.3382",
      "s" : "sell",
      "i" : "ORCAUSD-PERP",
      "m" : "4611686018427425567"
    }, {
      "d" : "1756449605814622838",
      "t" : 1756449605814,
      "tn" : 1756449605814622838,
      "q" : "284",
      "p" : "2.3334",
      "s" : "sell",
      "i" : "ORCAUSD-PERP",
      "m" : "4611686018427425566"
    }, {
      "d" : "1756449605814621028",
      "t" : 1756449605814,
      "tn" : 1756449605814621028,
      "q" : "21",
      "p" : "2.3385",
      "s" : "sell",
      "i" : "ORCAUSD-PERP",
      "m" : "4611686018427425565"
    }, {
      "d" : "1756449605814619175",
      "t" : 1756449605814,
      "tn" : 1756449605814619175,
      "q" : "21",
      "p" : "2.3390",
      "s" : "sell",
      "i" : "ORCAUSD-PERP",
      "m" : "4611686018427425564"
    }, {
      "d" : "1756449605814616594",
      "t" : 1756449605814,
      "tn" : 1756449605814616594,
      "q" : "42",
      "p" : "2.3452",
      "s" : "sell",
      "i" : "ORCAUSD-PERP",
      "m" : "4611686018427425563"
    }, {
      "d" : "1756449604866132850",
      "t" : 1756449604866,
      "tn" : 1756449604866132850,
      "q" : "122",
      "p" : "2.3334",
      "s" : "sell",
      "i" : "ORCAUSD-PERP",
      "m" : "4611686018427425562"
    }, {
      "d" : "1756449604865799253",
      "t" : 1756449604865,
      "tn" : 1756449604865799253,
      "q" : "82",
      "p" : "2.3334",
      "s" : "sell",
      "i" : "ORCAUSD-PERP",
      "m" : "4611686018427425561"
    }, {
      "d" : "1756449604857488038",
      "t" : 1756449604857,
      "tn" : 1756449604857488038,
      "q" : "47",
      "p" : "2.3314",
      "s" : "sell",
      "i" : "ORCAUSD-PERP",
      "m" : "4611686018427425560"
    }, {
      "d" : "1756449604857486526",
      "t" : 1756449604857,
      "tn" : 1756449604857486526,
      "q" : "21",
      "p" : "2.3330",
      "s" : "sell",
      "i" : "ORCAUSD-PERP",
      "m" : "4611686018427425559"
    }, {
      "d" : "1756449604791178421",
      "t" : 1756449604791,
      "tn" : 1756449604791178421,
      "q" : "133",
      "p" : "2.3334",
      "s" : "sell",
      "i" : "ORCAUSD-PERP",
      "m" : "4611686018427425558"
    }, {
      "d" : "1756449604791176182",
      "t" : 1756449604791,
      "tn" : 1756449604791176181,
      "q" : "21",
      "p" : "2.3335",
      "s" : "sell",
      "i" : "ORCAUSD-PERP",
      "m" : "4611686018427425557"
    }, {
      "d" : "1756449604791176181",
      "t" : 1756449604791,
      "tn" : 1756449604791176181,
      "q" : "270",
      "p" : "2.3335",
      "s" : "sell",
      "i" : "ORCAUSD-PERP",
      "m" : "4611686018427425557"
    }, {
      "d" : "1756449604791171837",
      "t" : 1756449604791,
      "tn" : 1756449604791171837,
      "q" : "40",
      "p" : "2.3422",
      "s" : "sell",
      "i" : "ORCAUSD-PERP",
      "m" : "4611686018427425556"
    }, {
      "d" : "1756448232245731635",
      "t" : 1756448232245,
      "tn" : 1756448232245731635,
      "q" : "1",
      "p" : "2.4192",
      "s" : "sell",
      "i" : "ORCAUSD-PERP",
      "m" : "4611686018427425555"
    }, {
      "d" : "1756448232245729365",
      "t" : 1756448232245,
      "tn" : 1756448232245729365,
      "q" : "1",
      "p" : "2.4196",
      "s" : "sell",
      "i" : "ORCAUSD-PERP",
      "m" : "4611686018427425554"
    }, {
      "d" : "1756448177402035083",
      "t" : 1756448177402,
      "tn" : 1756448177402035083,
      "q" : "1",
      "p" : "2.4174",
      "s" : "buy",
      "i" : "ORCAUSD-PERP",
      "m" : "4611686018427425553"
    }, {
      "d" : "1756448177398776654",
      "t" : 1756448177398,
      "tn" : 1756448177398776654,
      "q" : "1",
      "p" : "2.4166",
      "s" : "buy",
      "i" : "ORCAUSD-PERP",
      "m" : "4611686018427425552"
    }, {
      "d" : "1756447394863977432",
      "t" : 1756447394863,
      "tn" : 1756447394863977432,
      "q" : "1",
      "p" : "2.4436",
      "s" : "sell",
      "i" : "ORCAUSD-PERP",
      "m" : "4611686018427425551"
    }, {
      "d" : "1756447136973740371",
      "t" : 1756447136973,
      "tn" : 1756447136973740371,
      "q" : "1",
      "p" : "2.4437",
      "s" : "sell",
      "i" : "ORCAUSD-PERP",
      "m" : "4611686018427425550"
    }, {
      "d" : "1756446686719305715",
      "t" : 1756446686719,
      "tn" : 1756446686719305715,
      "q" : "1",
      "p" : "2.4379",
      "s" : "sell",
      "i" : "ORCAUSD-PERP",
      "m" : "4611686018427425549"
    }, {
      "d" : "1756446494250978132",
      "t" : 1756446494250,
      "tn" : 1756446494250978132,
      "q" : "1",
      "p" : "2.4500",
      "s" : "sell",
      "i" : "ORCAUSD-PERP",
      "m" : "4611686018427425548"
    }, {
      "d" : "1756446030000891717",
      "t" : 1756446030000,
      "tn" : 1756446030000891717,
      "q" : "1",
      "p" : "2.4520",
      "s" : "buy",
      "i" : "ORCAUSD-PERP",
      "m" : "4611686018427425547"
    }, {
      "d" : "1756445369501707015",
      "t" : 1756445369501,
      "tn" : 1756445369501707015,
      "q" : "1",
      "p" : "2.4286",
      "s" : "buy",
      "i" : "ORCAUSD-PERP",
      "m" : "4611686018427425546"
    }, {
      "d" : "1756445369501704625",
      "t" : 1756445369501,
      "tn" : 1756445369501704625,
      "q" : "1",
      "p" : "2.4279",
      "s" : "buy",
      "i" : "ORCAUSD-PERP",
      "m" : "4611686018427425545"
    }, {
      "d" : "1756444732366678860",
      "t" : 1756444732366,
      "tn" : 1756444732366678860,
      "q" : "1",
      "p" : "2.4257",
      "s" : "buy",
      "i" : "ORCAUSD-PERP",
      "m" : "4611686018427425544"
    }, {
      "d" : "1756444732355621639",
      "t" : 1756444732355,
      "tn" : 1756444732355621639,
      "q" : "1",
      "p" : "2.4256",
      "s" : "buy",
      "i" : "ORCAUSD-PERP",
      "m" : "4611686018427425543"
    }, {
      "d" : "1756444719729256323",
      "t" : 1756444719729,
      "tn" : 1756444719729256323,
      "q" : "1",
      "p" : "2.4238",
      "s" : "sell",
      "i" : "ORCAUSD-PERP",
      "m" : "4611686018427425542"
    }, {
      "d" : "1756444719723802737",
      "t" : 1756444719723,
      "tn" : 1756444719723802737,
      "q" : "1",
      "p" : "2.4267",
      "s" : "sell",
      "i" : "ORCAUSD-PERP",
      "m" : "4611686018427425541"
    }, {
      "d" : "1756444699906718059",
      "t" : 1756444699906,
      "tn" : 1756444699906718059,
      "q" : "1",
      "p" : "2.4299",
      "s" : "sell",
      "i" : "ORCAUSD-PERP",
      "m" : "4611686018427425540"
    }, {
      "d" : "1756444502186859159",
      "t" : 1756444502186,
      "tn" : 1756444502186859159,
      "q" : "1",
      "p" : "2.4420",
      "s" : "sell",
      "i" : "ORCAUSD-PERP",
      "m" : "4611686018427425539"
    }, {
      "d" : "1756444141316707766",
      "t" : 1756444141316,
      "tn" : 1756444141316707766,
      "q" : "1",
      "p" : "2.4412",
      "s" : "sell",
      "i" : "ORCAUSD-PERP",
      "m" : "4611686018427425538"
    }, {
      "d" : "1756444071425805749",
      "t" : 1756444071425,
      "tn" : 1756444071425805749,
      "q" : "1",
      "p" : "2.4376",
      "s" : "buy",
      "i" : "ORCAUSD-PERP",
      "m" : "4611686018427425537"
    }, {
      "d" : "1756444071425803502",
      "t" : 1756444071425,
      "tn" : 1756444071425803502,
      "q" : "1",
      "p" : "2.4372",
      "s" : "buy",
      "i" : "ORCAUSD-PERP",
      "m" : "4611686018427425536"
    }, {
      "d" : "1756444068272720067",
      "t" : 1756444068272,
      "tn" : 1756444068272720067,
      "q" : "1",
      "p" : "2.4402",
      "s" : "sell",
      "i" : "ORCAUSD-PERP",
      "m" : "4611686018427425535"
    }, {
      "d" : "1756443951942128566",
      "t" : 1756443951942,
      "tn" : 1756443951942128566,
      "q" : "1",
      "p" : "2.4256",
      "s" : "buy",
      "i" : "ORCAUSD-PERP",
      "m" : "4611686018427425534"
    }, {
      "d" : "1756443951942126657",
      "t" : 1756443951942,
      "tn" : 1756443951942126657,
      "q" : "1",
      "p" : "2.4252",
      "s" : "buy",
      "i" : "ORCAUSD-PERP",
      "m" : "4611686018427425533"
    }, {
      "d" : "1756443909426989926",
      "t" : 1756443909426,
      "tn" : 1756443909426989926,
      "q" : "1",
      "p" : "2.4250",
      "s" : "buy",
      "i" : "ORCAUSD-PERP",
      "m" : "4611686018427425532"
    }, {
      "d" : "1756443896392897521",
      "t" : 1756443896392,
      "tn" : 1756443896392897521,
      "q" : "1",
      "p" : "2.4058",
      "s" : "buy",
      "i" : "ORCAUSD-PERP",
      "m" : "4611686018427425531"
    }, {
      "d" : "1756443357857061015",
      "t" : 1756443357857,
      "tn" : 1756443357857061015,
      "q" : "1",
      "p" : "2.4247",
      "s" : "buy",
      "i" : "ORCAUSD-PERP",
      "m" : "4611686018427425530"
    }, {
      "d" : "1756443295338102590",
      "t" : 1756443295338,
      "tn" : 1756443295338102590,
      "q" : "1",
      "p" : "2.4218",
      "s" : "buy",
      "i" : "ORCAUSD-PERP",
      "m" : "4611686018427425529"
    }, {
      "d" : "1756443295319632458",
      "t" : 1756443295319,
      "tn" : 1756443295319632458,
      "q" : "1",
      "p" : "2.4212",
      "s" : "buy",
      "i" : "ORCAUSD-PERP",
      "m" : "4611686018427425528"
    }, {
      "d" : "1756443245122252214",
      "t" : 1756443245122,
      "tn" : 1756443245122252214,
      "q" : "1",
      "p" : "2.4194",
      "s" : "buy",
      "i" : "ORCAUSD-PERP",
      "m" : "4611686018427425527"
    }, {
      "d" : "1756442864234083384",
      "t" : 1756442864234,
      "tn" : 1756442864234083384,
      "q" : "1",
      "p" : "2.4164",
      "s" : "buy",
      "i" : "ORCAUSD-PERP",
      "m" : "4611686018427425526"
    }, {
      "d" : "1756442864234080876",
      "t" : 1756442864234,
      "tn" : 1756442864234080876,
      "q" : "1",
      "p" : "2.4153",
      "s" : "buy",
      "i" : "ORCAUSD-PERP",
      "m" : "4611686018427425525"
    }, {
      "d" : "1756442804290437001",
      "t" : 1756442804290,
      "tn" : 1756442804290437001,
      "q" : "1",
      "p" : "2.4182",
      "s" : "sell",
      "i" : "ORCAUSD-PERP",
      "m" : "4611686018427425524"
    }, {
      "d" : "1756442804290434745",
      "t" : 1756442804290,
      "tn" : 1756442804290434745,
      "q" : "1",
      "p" : "2.4183",
      "s" : "sell",
      "i" : "ORCAUSD-PERP",
      "m" : "4611686018427425523"
    }, {
      "d" : "1756442786938118534",
      "t" : 1756442786938,
      "tn" : 1756442786938118534,
      "q" : "1",
      "p" : "2.4232",
      "s" : "sell",
      "i" : "ORCAUSD-PERP",
      "m" : "4611686018427425522"
    }, {
      "d" : "1756442786938116367",
      "t" : 1756442786938,
      "tn" : 1756442786938116367,
      "q" : "1",
      "p" : "2.4234",
      "s" : "sell",
      "i" : "ORCAUSD-PERP",
      "m" : "4611686018427425521"
    }, {
      "d" : "1756442167548986268",
      "t" : 1756442167548,
      "tn" : 1756442167548986268,
      "q" : "1",
      "p" : "2.4424",
      "s" : "buy",
      "i" : "ORCAUSD-PERP",
      "m" : "4611686018427425520"
    }, {
      "d" : "1756442128631091740",
      "t" : 1756442128631,
      "tn" : 1756442128631091740,
      "q" : "1",
      "p" : "2.4373",
      "s" : "buy",
      "i" : "ORCAUSD-PERP",
      "m" : "4611686018427425519"
    }, {
      "d" : "1756442128623976231",
      "t" : 1756442128623,
      "tn" : 1756442128623976231,
      "q" : "1",
      "p" : "2.4356",
      "s" : "buy",
      "i" : "ORCAUSD-PERP",
      "m" : "4611686018427425518"
    }, {
      "d" : "1756442068211650665",
      "t" : 1756442068211,
      "tn" : 1756442068211650665,
      "q" : "1",
      "p" : "2.4282",
      "s" : "sell",
      "i" : "ORCAUSD-PERP",
      "m" : "4611686018427425517"
    }, {
      "d" : "1756442068140937421",
      "t" : 1756442068140,
      "tn" : 1756442068140937421,
      "q" : "1",
      "p" : "2.4302",
      "s" : "sell",
      "i" : "ORCAUSD-PERP",
      "m" : "4611686018427425516"
    }, {
      "d" : "1756442068140935320",
      "t" : 1756442068140,
      "tn" : 1756442068140935320,
      "q" : "1",
      "p" : "2.4303",
      "s" : "sell",
      "i" : "ORCAUSD-PERP",
      "m" : "4611686018427425515"
    }, {
      "d" : "1756442057646727895",
      "t" : 1756442057646,
      "tn" : 1756442057646727895,
      "q" : "1",
      "p" : "2.4312",
      "s" : "sell",
      "i" : "ORCAUSD-PERP",
      "m" : "4611686018427425514"
    }, {
      "d" : "1756442057646725807",
      "t" : 1756442057646,
      "tn" : 1756442057646725807,
      "q" : "1",
      "p" : "2.4314",
      "s" : "sell",
      "i" : "ORCAUSD-PERP",
      "m" : "4611686018427425513"
    }, {
      "d" : "1756441840870629045",
      "t" : 1756441840870,
      "tn" : 1756441840870629045,
      "q" : "1",
      "p" : "2.4284",
      "s" : "buy",
      "i" : "ORCAUSD-PERP",
      "m" : "4611686018427425512"
    }, {
      "d" : "1756441611935927454",
      "t" : 1756441611935,
      "tn" : 1756441611935927454,
      "q" : "1",
      "p" : "2.4253",
      "s" : "buy",
      "i" : "ORCAUSD-PERP",
      "m" : "4611686018427425511"
    }, {
      "d" : "1756441406150809280",
      "t" : 1756441406150,
      "tn" : 1756441406150809280,
      "q" : "1",
      "p" : "2.4172",
      "s" : "sell",
      "i" : "ORCAUSD-PERP",
      "m" : "4611686018427425510"
    }, {
      "d" : "1756441406150806763",
      "t" : 1756441406150,
      "tn" : 1756441406150806763,
      "q" : "1",
      "p" : "2.4173",
      "s" : "sell",
      "i" : "ORCAUSD-PERP",
      "m" : "4611686018427425509"
    }, {
      "d" : "1756441335203922652",
      "t" : 1756441335203,
      "tn" : 1756441335203922652,
      "q" : "1",
      "p" : "2.4174",
      "s" : "sell",
      "i" : "ORCAUSD-PERP",
      "m" : "4611686018427425508"
    }, {
      "d" : "1756441329133922697",
      "t" : 1756441329133,
      "tn" : 1756441329133922696,
      "q" : "1",
      "p" : "2.4194",
      "s" : "sell",
      "i" : "ORCAUSD-PERP",
      "m" : "4611686018427425507"
    }, {
      "d" : "1756441329133922696",
      "t" : 1756441329133,
      "tn" : 1756441329133922696,
      "q" : "1",
      "p" : "2.4194",
      "s" : "sell",
      "i" : "ORCAUSD-PERP",
      "m" : "4611686018427425507"
    }, {
      "d" : "1756441322863716072",
      "t" : 1756441322863,
      "tn" : 1756441322863716072,
      "q" : "1",
      "p" : "2.4234",
      "s" : "sell",
      "i" : "ORCAUSD-PERP",
      "m" : "4611686018427425506"
    }, {
      "d" : "1756441322863714099",
      "t" : 1756441322863,
      "tn" : 1756441322863714099,
      "q" : "1",
      "p" : "2.4236",
      "s" : "sell",
      "i" : "ORCAUSD-PERP",
      "m" : "4611686018427425505"
    }, {
      "d" : "1756441276395656150",
      "t" : 1756441276395,
      "tn" : 1756441276395656150,
      "q" : "1",
      "p" : "2.4028",
      "s" : "sell",
      "i" : "ORCAUSD-PERP",
      "m" : "4611686018427425504"
    }, {
      "d" : "1756441276328918648",
      "t" : 1756441276328,
      "tn" : 1756441276328918648,
      "q" : "1",
      "p" : "2.4067",
      "s" : "sell",
      "i" : "ORCAUSD-PERP",
      "m" : "4611686018427425503"
    }, {
      "d" : "1756441270822669102",
      "t" : 1756441270822,
      "tn" : 1756441270822669102,
      "q" : "1",
      "p" : "2.3910",
      "s" : "buy",
      "i" : "ORCAUSD-PERP",
      "m" : "4611686018427425502"
    }, {
      "d" : "1756441270819172565",
      "t" : 1756441270819,
      "tn" : 1756441270819172565,
      "q" : "1",
      "p" : "2.3897",
      "s" : "buy",
      "i" : "ORCAUSD-PERP",
      "m" : "4611686018427425501"
    }, {
      "d" : "1756441269064353972",
      "t" : 1756441269064,
      "tn" : 1756441269064353972,
      "q" : "1",
      "p" : "2.3856",
      "s" : "buy",
      "i" : "ORCAUSD-PERP",
      "m" : "4611686018427425500"
    }, {
      "d" : "1756441269064351499",
      "t" : 1756441269064,
      "tn" : 1756441269064351499,
      "q" : "1",
      "p" : "2.3845",
      "s" : "buy",
      "i" : "ORCAUSD-PERP",
      "m" : "4611686018427425499"
    }, {
      "d" : "1756441014859710993",
      "t" : 1756441014859,
      "tn" : 1756441014859710993,
      "q" : "1",
      "p" : "2.3796",
      "s" : "buy",
      "i" : "ORCAUSD-PERP",
      "m" : "4611686018427425498"
    }, {
      "d" : "1756441014856008406",
      "t" : 1756441014856,
      "tn" : 1756441014856008406,
      "q" : "1",
      "p" : "2.3774",
      "s" : "buy",
      "i" : "ORCAUSD-PERP",
      "m" : "4611686018427425497"
    }, {
      "d" : "1756437423978711303",
      "t" : 1756437423978,
      "tn" : 1756437423978711303,
      "q" : "1",
      "p" : "2.3732",
      "s" : "buy",
      "i" : "ORCAUSD-PERP",
      "m" : "4611686018427425496"
    }, {
      "d" : "1756436961519836467",
      "t" : 1756436961519,
      "tn" : 1756436961519836466,
      "q" : "1",
      "p" : "2.3642",
      "s" : "sell",
      "i" : "ORCAUSD-PERP",
      "m" : "4611686018427425495"
    }, {
      "d" : "1756436961519836466",
      "t" : 1756436961519,
      "tn" : 1756436961519836466,
      "q" : "1",
      "p" : "2.3642",
      "s" : "sell",
      "i" : "ORCAUSD-PERP",
      "m" : "4611686018427425495"
    }, {
      "d" : "1756435700040982352",
      "t" : 1756435700040,
      "tn" : 1756435700040982352,
      "q" : "1",
      "p" : "2.3972",
      "s" : "buy",
      "i" : "ORCAUSD-PERP",
      "m" : "4611686018427425494"
    }, {
      "d" : "1756435388668397470",
      "t" : 1756435388668,
      "tn" : 1756435388668397470,
      "q" : "41",
      "p" : "2.3932",
      "s" : "buy",
      "i" : "ORCAUSD-PERP",
      "m" : "4611686018427425493"
    }, {
      "d" : "1756435388667851003",
      "t" : 1756435388667,
      "tn" : 1756435388667851003,
      "q" : "1",
      "p" : "2.3934",
      "s" : "buy",
      "i" : "ORCAUSD-PERP",
      "m" : "4611686018427425492"
    }, {
      "d" : "1756435388667849082",
      "t" : 1756435388667,
      "tn" : 1756435388667849082,
      "q" : "41",
      "p" : "2.3922",
      "s" : "buy",
      "i" : "ORCAUSD-PERP",
      "m" : "4611686018427425491"
    }, {
      "d" : "1756435388667846475",
      "t" : 1756435388667,
      "tn" : 1756435388667846475,
      "q" : "1",
      "p" : "2.3921",
      "s" : "buy",
      "i" : "ORCAUSD-PERP",
      "m" : "4611686018427425490"
    }, {
      "d" : "1756435236481039679",
      "t" : 1756435236481,
      "tn" : 1756435236481039679,
      "q" : "1",
      "p" : "2.3869",
      "s" : "buy",
      "i" : "ORCAUSD-PERP",
      "m" : "4611686018427425489"
    }, {
      "d" : "1756435128676992924",
      "t" : 1756435128676,
      "tn" : 1756435128676992924,
      "q" : "1",
      "p" : "2.3868",
      "s" : "buy",
      "i" : "ORCAUSD-PERP",
      "m" : "4611686018427425488"
    }, {
      "d" : "1756434280330115611",
      "t" : 1756434280330,
      "tn" : 1756434280330115611,
      "q" : "1",
      "p" : "2.3836",
      "s" : "buy",
      "i" : "ORCAUSD-PERP",
      "m" : "4611686018427425487"
    } ]
  }
}