{
  "id" : -1,
  "method" : "public/get-trades",
  "code" : 0,
  "result" : {
    "data" : [ {
      "d" : "1756461844395727528",
      "t" : 1756461844395,
      "tn" : 1756461844395727528,
      "q" : "30.0",
      "p" : "2.33081",
      "s" : "buy",
      "i" : "ORCA_USD",
      "m" : "4611686018429793361"
    }, {
      "d" : "1756461692767375572",
      "t" : 1756461692767,
      "tn" : 1756461692767375572,
      "q" : "7.7",
      "p" : "2.33206",
      "s" : "sell",
      "i" : "ORCA_USD",
      "m" : "4611686018429793360"
    }, {
      "d" : "1756459451430485141",
      "t" : 1756459451430,
      "tn" : 1756459451430485141,
      "q" : "3.7",
      "p" : "2.30383",
      "s" : "buy",
      "i" : "ORCA_USD",
      "m" : "4611686018429793359"
    }, {
      "d" : "1756459107431928217",
      "t" : 1756459107431,
      "tn" : 1756459107431928217,
      "q" : "14.5",
      "p" : "2.29586",
      "s" : "buy",
      "i" : "ORCA_USD",
      "m" : "4611686018429793358"
    }, {
      "d" : "1756459074294844981",
      "t" : 1756459074294,
      "tn" : 1756459074294844981,
      "q" : "8.2",
      "p" : "2.29363",
      "s" : "sell",
      "i" : "ORCA_USD",
      "m" : "4611686018429793357"
    }, {
      "d" : "1756458921227119118",
      "t" : 1756458921227,
      "tn" : 1756458921227119118,
      "q" : "4.4",
      "p" : "2.28643",
      "s" : "buy",
      "i" : "ORCA_USD",
      "m" : "4611686018429793356"
    }, {
      "d" : "1756458805379029180",
      "t" : 1756458805379,
      "tn" : 1756458805379029180,
      "q" : "2.2",
      "p" : "2.27856",
      "s" : "buy",
      "i" : "ORCA_USD",
      "m" : "4611686018429793355"
    }, {
      "d" : "1756457079381700432",
      "t" : 1756457079381,
      "tn" : 1756457079381700432,
      "q" : "5.8",
      "p" : "2.29212",
      "s" : "sell",
      "i" : "ORCA_USD",
      "m" : "4611686018429793354"
    }, {
      "d" : "1756456693328539758",
      "t" : 1756456693328,
      "tn" : 1756456693328539758,
      "q" : "150.0",
      "p" : "2.29106",
      "s" : "buy",
      "i" : "ORCA_USD",
      "m" : "4611686018429793353"
    }, {
      "d" : "1756456206157084842",
      "t" : 1756456206157,
      "tn" : 1756456206157084842,
      "q" : "1.7",
      "p" : "2.29100",
      "s" : "sell",
      "i" : "ORCA_USD",
      "m" : "4611686018429793352"
    }, {
      "d" : "1756454221193254903",
      "t" : 1756454221193,
      "tn" : 1756454221193254903,
      "q" : "3.7",
      "p" : "2.30721",
      "s" : "sell",
      "i" : "ORCA_USD",
      "m" : "4611686018429793351"
    }, {
      "d" : "1756454185291429940",
      "t" : 1756454185291,
      "tn" : 1756454185291429940,
      "q" : "4.4",
      "p" : "2.30408",
      "s" : "sell",
      "i" : "ORCA_USD",
      "m" : "4611686018429793350"
    }, {
      "d" : "1756451019040906621",
      "t" : 1756451019040,
      "tn" : 1756451019040906621,
      "q" : "42.1",
      "p" : "2.36640",
      "s" : "buy",
      "i" : "ORCA_USD",
      "m" : "4611686018429793349"
    }, {
      "d" : "1756451018462223593",
      "t" : 1756451018462,
      "tn" : 1756451018462223593,
      "q" : "41.9",
      "p" : "2.36640",
      "s" : "buy",
      "i" : "ORCA_USD",
      "m" : "4611686018429793348"
    }, {
      "d" : "1756451018223745498",
      "t" : 1756451018223,
      "tn" : 1756451018223745498,
      "q" : "536.0",
      "p" : "2.36640",
      "s" : "buy",
      "i" : "ORCA_USD",
      "m" : "4611686018429793347"
    }, {
      "d" : "1756451018223743369",
      "t" : 1756451018223,
      "tn" : 1756451018223743369,
      "q" : "49.9",
      "p" : "2.36639",
      "s" : "buy",
      "i" : "ORCA_USD",
      "m" : "4611686018429793346"
    }, {
      "d" : "1756450581660641959",
      "t" : 1756450581660,
      "tn" : 1756450581660641959,
      "q" : "211.5",
      "p" : "2.36383",
      "s" : "buy",
      "i" : "ORCA_USD",
      "m" : "4611686018429793345"
    }, {
      "d" : "1756450581660640176",
      "t" : 1756450581660,
      "tn" : 1756450581660640176,
      "q" : "52.8",
      "p" : "2.36382",
      "s" : "buy",
      "i" : "ORCA_USD",
      "m" : "4611686018429793344"
    }, {
      "d" : "1756449925364741843",
      "t" : 1756449925364,
      "tn" : 1756449925364741843,
      "q" : "135.0",
      "p" : "2.34168",
      "s" : "sell",
      "i" : "ORCA_USD",
      "m" : "4611686018429793343"
    }, {
      "d" : "1756449924132684361",
      "t" : 1756449924132,
      "tn" : 1756449924132684361,
      "q" : "147.5",
      "p" : "2.35654",
      "s" : "sell",
      "i" : "ORCA_USD",
      "m" : "4611686018429793342"
    }, {
      "d" : "1756449924132180444",
      "t" : 1756449924132,
      "tn" : 1756449924132180443,
      "q" : "48.1",
      "p" : "2.35654",
      "s" : "sell",
      "i" : "ORCA_USD",
      "m" : "4611686018429793341"
    }, {
      "d" : "1756449924132180443",
      "t" : 1756449924132,
      "tn" : 1756449924132180443,
      "q" : "9.1",
      "p" : "2.35654",
      "s" : "sell",
      "i" : "ORCA_USD",
      "m" : "4611686018429793341"
    }, {
      "d" : "1756449924132177197",
      "t" : 1756449924132,
      "tn" : 1756449924132177197,
      "q" : "50.2",
      "p" : "2.35686",
      "s" : "sell",
      "i" : "ORCA_USD",
      "m" : "4611686018429793340"
    }, {
      "d" : "1756449924101164455",
      "t" : 1756449924101,
      "tn" : 1756449924101164455,
      "q" : "40.7",
      "p" : "2.35686",
      "s" : "sell",
      "i" : "ORCA_USD",
      "m" : "4611686018429793339"
    }, {
      "d" : "1756449924081223382",
      "t" : 1756449924081,
      "tn" : 1756449924081223382,
      "q" : "212.1",
      "p" : "2.35686",
      "s" : "sell",
      "i" : "ORCA_USD",
      "m" : "4611686018429793338"
    }, {
      "d" : "1756449924063227668",
      "t" : 1756449924063,
      "tn" : 1756449924063227668,
      "q" : "84.9",
      "p" : "2.35686",
      "s" : "sell",
      "i" : "ORCA_USD",
      "m" : "4611686018429793337"
    }, {
      "d" : "1756449923981243791",
      "t" : 1756449923981,
      "tn" : 1756449923981243791,
      "q" : "33.1",
      "p" : "2.35686",
      "s" : "sell",
      "i" : "ORCA_USD",
      "m" : "4611686018429793336"
    }, {
      "d" : "1756449923963178178",
      "t" : 1756449923963,
      "tn" : 1756449923963178177,
      "q" : "6.4",
      "p" : "2.35686",
      "s" : "sell",
      "i" : "ORCA_USD",
      "m" : "4611686018429793335"
    }, {
      "d" : "1756449923963178177",
      "t" : 1756449923963,
      "tn" : 1756449923963178177,
      "q" : "205.7",
      "p" : "2.35686",
      "s" : "sell",
      "i" : "ORCA_USD",
      "m" : "4611686018429793335"
    }, {
      "d" : "1756449923941349410",
      "t" : 1756449923941,
      "tn" : 1756449923941349410,
      "q" : "11.0",
      "p" : "2.35686",
      "s" : "sell",
      "i" : "ORCA_USD",
      "m" : "4611686018429793334"
    }, {
      "d" : "1756449923924213720",
      "t" : 1756449923924,
      "tn" : 1756449923924213720,
      "q" : "16.9",
      "p" : "2.35686",
      "s" : "sell",
      "i" : "ORCA_USD",
      "m" : "4611686018429793333"
    }, {
      "d" : "1756449923907035715",
      "t" : 1756449923907,
      "tn" : 1756449923907035715,
      "q" : "17.0",
      "p" : "2.35686",
      "s" : "sell",
      "i" : "ORCA_USD",
      "m" : "4611686018429793332"
    }, {
      "d" : "1756449922587752369",
      "t" : 1756449922587,
      "tn" : 1756449922587752368,
      "q" : "284.2",
      "p" : "2.35686",
      "s" : "sell",
      "i" : "ORCA_USD",
      "m" : "4611686018429793331"
    }, {
      "d" : "1756449922587752368",
      "t" : 1756449922587,
      "tn" : 1756449922587752368,
      "q" : "524.5",
      "p" : "2.35686",
      "s" : "sell",
      "i" : "ORCA_USD",
      "m" : "4611686018429793331"
    }, {
      "d" : "1756449922542761289",
      "t" : 1756449922542,
      "tn" : 1756449922542761289,
      "q" : "259.7",
      "p" : "2.35686",
      "s" : "sell",
      "i" : "ORCA_USD",
      "m" : "4611686018429793330"
    }, {
      "d" : "1756449874850265044",
      "t" : 1756449874850,
      "tn" : 1756449874850265044,
      "q" : "1.3",
      "p" : "2.34841",
      "s" : "buy",
      "i" : "ORCA_USD",
      "m" : "4611686018429793329"
    }, {
      "d" : "1756449867168137972",
      "t" : 1756449867168,
      "tn" : 1756449867168137972,
      "q" : "420.1",
      "p" : "2.37455",
      "s" : "buy",
      "i" : "ORCA_USD",
      "m" : "4611686018429793328"
    }, {
      "d" : "1756449867168135010",
      "t" : 1756449867168,
      "tn" : 1756449867168135010,
      "q" : "347.0",
      "p" : "2.37454",
      "s" : "buy",
      "i" : "ORCA_USD",
      "m" : "4611686018429793327"
    }, {
      "d" : "1756449866536134372",
      "t" : 1756449866536,
      "tn" : 1756449866536134372,
      "q" : "29.3",
      "p" : "2.37455",
      "s" : "buy",
      "i" : "ORCA_USD",
      "m" : "4611686018429793326"
    }, {
      "d" : "1756449866507987484",
      "t" : 1756449866507,
      "tn" : 1756449866507987484,
      "q" : "349.8",
      "p" : "2.37456",
      "s" : "buy",
      "i" : "ORCA_USD",
      "m" : "4611686018429793325"
    }, {
      "d" : "1756449866507984746",
      "t" : 1756449866507,
      "tn" : 1756449866507984746,
      "q" : "394.9",
      "p" : "2.37455",
      "s" : "buy",
      "i" : "ORCA_USD",
      "m" : "4611686018429793324"
    }, {
      "d" : "1756449860399228718",
      "t" : 1756449860399,
      "tn" : 1756449860399228718,
      "q" : "366.8",
      "p" : "2.37455",
      "s" : "buy",
      "i" : "ORCA_USD",
      "m" : "4611686018429793323"
    }, {
      "d" : "1756449854590745338",
      "t" : 1756449854590,
      "tn" : 1756449854590745338,
      "q" : "403.8",
      "p" : "2.37455",
      "s" : "buy",
      "i" : "ORCA_USD",
      "m" : "4611686018429793322"
    }, {
      "d" : "1756449631195318443",
      "t" : 1756449631195,
      "tn" : 1756449631195318443,
      "q" : "7.6",
      "p" : "2.29991",
      "s" : "sell",
      "i" : "ORCA_USD",
      "m" : "4611686018429793321"
    }, {
      "d" : "1756449631195203470",
      "t" : 1756449631195,
      "tn" : 1756449631195203470,
      "q" : "11.5",
      "p" : "2.29991",
      "s" : "sell",
      "i" : "ORCA_USD",
      "m" : "4611686018429793320"
    }, {
      "d" : "1756449631174448294",
      "t" : 1756449631174,
      "tn" : 1756449631174448294,
      "q" : "98.7",
      "p" : "2.29991",
      "s" : "sell",
      "i" : "ORCA_USD",
      "m" : "4611686018429793319"
    }, {
      "d" : "1756449631170569170",
      "t" : 1756449631170,
      "tn" : 1756449631170569170,
      "q" : "10.6",
      "p" : "2.29991",
      "s" : "sell",
      "i" : "ORCA_USD",
      "m" : "4611686018429793318"
    }, {
      "d" : "1756449631155459289",
      "t" : 1756449631155,
      "tn" : 1756449631155459289,
      "q" : "11.4",
      "p" : "2.29991",
      "s" : "sell",
      "i" : "ORCA_USD",
      "m" : "4611686018429793317"
    }, {
      "d" : "1756449631107301142",
      "t" : 1756449631107,
      "tn" : 1756449631107301142,
      "q" : "98.8",
      "p" : "2.29991",
      "s" : "sell",
      "i" : "ORCA_USD",
      "m" : "4611686018429793316"
    }, {
      "d" : "1756449631106814607",
      "t" : 1756449631106,
      "tn" : 1756449631106814607,
      "q" : "127.5",
      "p" : "2.29991",
      "s" : "sell",
      "i" : "ORCA_USD",
      "m" : "4611686018429793315"
    }, {
      "d" : "1756449631104999486",
      "t" : 1756449631104,
      "tn" : 1756449631104999486,
      "q" : "238.6",
      "p" : "2.29991",
      "s" : "sell",
      "i" : "ORCA_USD",
      "m" : "4611686018429793314"
    }, {
      "d" : "1756449631046254939",
      "t" : 1756449631046,
      "tn" : 1756449631046254939,
      "q" : "13.4",
      "p" : "2.29991",
      "s" : "sell",
      "i" : "ORCA_USD",
      "m" : "4611686018429793313"
    }, {
      "d" : "1756449630703103437",
      "t" : 1756449630703,
      "tn" : 1756449630703103437,
      "q" : "294.3",
      "p" : "2.30245",
      "s" : "sell",
      "i" : "ORCA_USD",
      "m" : "4611686018429793312"
    }, {
      "d" : "1756449630202138897",
      "t" : 1756449630202,
      "tn" : 1756449630202138896,
      "q" : "101.2",
      "p" : "2.30245",
      "s" : "sell",
      "i" : "ORCA_USD",
      "m" : "4611686018429793311"
    }, {
      "d" : "1756449630202138896",
      "t" : 1756449630202,
      "tn" : 1756449630202138896,
      "q" : "475.1",
      "p" : "2.30245",
      "s" : "sell",
      "i" : "ORCA_USD",
      "m" : "4611686018429793311"
    }, {
      "d" : "1756449630057761095",
      "t" : 1756449630057,
      "tn" : 1756449630057761095,
      "q" : "21.0",
      "p" : "2.30245",
      "s" : "sell",
      "i" : "ORCA_USD",
      "m" : "4611686018429793310"
    }, {
      "d" : "1756449630057446949",
      "t" : 1756449630057,
      "tn" : 1756449630057446949,
      "q" : "21.0",
      "p" : "2.30245",
      "s" : "sell",
      "i" : "ORCA_USD",
      "m" : "4611686018429793309"
    }, {
      "d" : "1756449630057131063",
      "t" : 1756449630057,
      "tn" : 1756449630057131063,
      "q" : "43.0",
      "p" : "2.30245",
      "s" : "sell",
      "i" : "ORCA_USD",
      "m" : "4611686018429793308"
    }, {
      "d" : "1756449629141727426",
      "t" : 1756449629141,
      "tn" : 1756449629141727425,
      "q" : "702.5",
      "p" : "2.31353",
      "s" : "sell",
      "i" : "ORCA_USD",
      "m" : "4611686018429793307"
    }, {
      "d" : "1756449629141727425",
      "t" : 1756449629141,
      "tn" : 1756449629141727425,
      "q" : "704.7",
      "p" : "2.31353",
      "s" : "sell",
      "i" : "ORCA_USD",
      "m" : "4611686018429793307"
    }, {
      "d" : "1756449399288278018",
      "t" : 1756449399288,
      "tn" : 1756449399288278018,
      "q" : "299.6",
      "p" : "2.39691",
      "s" : "sell",
      "i" : "ORCA_USD",
      "m" : "4611686018429793306"
    }, {
      "d" : "1756448713437049532",
      "t" : 1756448713437,
      "tn" : 1756448713437049532,
      "q" : "22.6",
      "p" : "2.40267",
      "s" : "sell",
      "i" : "ORCA_USD",
      "m" : "4611686018429793305"
    }, {
      "d" : "1756448713290864872",
      "t" : 1756448713290,
      "tn" : 1756448713290864872,
      "q" : "5.9",
      "p" : "2.40267",
      "s" : "sell",
      "i" : "ORCA_USD",
      "m" : "4611686018429793304"
    }, {
      "d" : "1756448713277796066",
      "t" : 1756448713277,
      "tn" : 1756448713277796066,
      "q" : "8.5",
      "p" : "2.40267",
      "s" : "sell",
      "i" : "ORCA_USD",
      "m" : "4611686018429793303"
    }, {
      "d" : "1756447460163952177",
      "t" : 1756447460163,
      "tn" : 1756447460163952177,
      "q" : "20.7",
      "p" : "2.42867",
      "s" : "sell",
      "i" : "ORCA_USD",
      "m" : "4611686018429793302"
    }, {
      "d" : "1756446686715595331",
      "t" : 1756446686715,
      "tn" : 1756446686715595331,
      "q" : "41.1",
      "p" : "2.43274",
      "s" : "sell",
      "i" : "ORCA_USD",
      "m" : "4611686018429793301"
    }, {
      "d" : "1756446494250129656",
      "t" : 1756446494250,
      "tn" : 1756446494250129656,
      "q" : "40.8",
      "p" : "2.44584",
      "s" : "sell",
      "i" : "ORCA_USD",
      "m" : "4611686018429793300"
    }, {
      "d" : "1756444732355649693",
      "t" : 1756444732355,
      "tn" : 1756444732355649693,
      "q" : "591.3",
      "p" : "2.42096",
      "s" : "buy",
      "i" : "ORCA_USD",
      "m" : "4611686018429793299"
    }, {
      "d" : "1756444732354533633",
      "t" : 1756444732354,
      "tn" : 1756444732354533633,
      "q" : "41.2",
      "p" : "2.42096",
      "s" : "buy",
      "i" : "ORCA_USD",
      "m" : "4611686018429793298"
    }, {
      "d" : "1756444732354531392",
      "t" : 1756444732354,
      "tn" : 1756444732354531392,
      "q" : "41.3",
      "p" : "2.42095",
      "s" : "buy",
      "i" : "ORCA_USD",
      "m" : "4611686018429793297"
    }, {
      "d" : "1756444719725179507",
      "t" : 1756444719725,
      "tn" : 1756444719725179507,
      "q" : "41.3",
      "p" : "2.41966",
      "s" : "sell",
      "i" : "ORCA_USD",
      "m" : "4611686018429793296"
    }, {
      "d" : "1756444059807132753",
      "t" : 1756444059807,
      "tn" : 1756444059807132753,
      "q" : "8.8",
      "p" : "2.43800",
      "s" : "buy",
      "i" : "ORCA_USD",
      "m" : "4611686018429793295"
    }, {
      "d" : "1756443953986244217",
      "t" : 1756443953986,
      "tn" : 1756443953986244217,
      "q" : "82.1",
      "p" : "2.43493",
      "s" : "buy",
      "i" : "ORCA_USD",
      "m" : "4611686018429793294"
    }, {
      "d" : "1756443951944440656",
      "t" : 1756443951944,
      "tn" : 1756443951944440656,
      "q" : "13.8",
      "p" : "2.42805",
      "s" : "buy",
      "i" : "ORCA_USD",
      "m" : "4611686018429793293"
    }, {
      "d" : "1756443295318332828",
      "t" : 1756443295318,
      "tn" : 1756443295318332828,
      "q" : "22.1",
      "p" : "2.42208",
      "s" : "buy",
      "i" : "ORCA_USD",
      "m" : "4611686018429793292"
    }, {
      "d" : "1756442788828235993",
      "t" : 1756442788828,
      "tn" : 1756442788828235993,
      "q" : "732.7",
      "p" : "2.41596",
      "s" : "sell",
      "i" : "ORCA_USD",
      "m" : "4611686018429793291"
    }, {
      "d" : "1756442786942078299",
      "t" : 1756442786942,
      "tn" : 1756442786942078299,
      "q" : "79.6",
      "p" : "2.41596",
      "s" : "sell",
      "i" : "ORCA_USD",
      "m" : "4611686018429793290"
    }, {
      "d" : "1756442167545886098",
      "t" : 1756442167545,
      "tn" : 1756442167545886098,
      "q" : "46.7",
      "p" : "2.44412",
      "s" : "buy",
      "i" : "ORCA_USD",
      "m" : "4611686018429793289"
    }, {
      "d" : "1756442167545883181",
      "t" : 1756442167545,
      "tn" : 1756442167545883181,
      "q" : "35.2",
      "p" : "2.44411",
      "s" : "buy",
      "i" : "ORCA_USD",
      "m" : "4611686018429793288"
    }, {
      "d" : "1756441611935099115",
      "t" : 1756441611935,
      "tn" : 1756441611935099115,
      "q" : "56.5",
      "p" : "2.42533",
      "s" : "buy",
      "i" : "ORCA_USD",
      "m" : "4611686018429793287"
    }, {
      "d" : "1756441312834598992",
      "t" : 1756441312834,
      "tn" : 1756441312834598992,
      "q" : "570.3",
      "p" : "2.41932",
      "s" : "buy",
      "i" : "ORCA_USD",
      "m" : "4611686018429793286"
    }, {
      "d" : "1756441312555204635",
      "t" : 1756441312555,
      "tn" : 1756441312555204635,
      "q" : "33.8",
      "p" : "2.41932",
      "s" : "buy",
      "i" : "ORCA_USD",
      "m" : "4611686018429793285"
    }, {
      "d" : "1756441305613285195",
      "t" : 1756441305613,
      "tn" : 1756441305613285195,
      "q" : "80.9",
      "p" : "2.40823",
      "s" : "buy",
      "i" : "ORCA_USD",
      "m" : "4611686018429793284"
    }, {
      "d" : "1756441270817765816",
      "t" : 1756441270817,
      "tn" : 1756441270817765816,
      "q" : "588.2",
      "p" : "2.38619",
      "s" : "buy",
      "i" : "ORCA_USD",
      "m" : "4611686018429793283"
    }, {
      "d" : "1756441270816220976",
      "t" : 1756441270816,
      "tn" : 1756441270816220976,
      "q" : "85.8",
      "p" : "2.38619",
      "s" : "buy",
      "i" : "ORCA_USD",
      "m" : "4611686018429793282"
    }, {
      "d" : "1756441269066542189",
      "t" : 1756441269066,
      "tn" : 1756441269066542189,
      "q" : "78.6",
      "p" : "2.38619",
      "s" : "buy",
      "i" : "ORCA_USD",
      "m" : "4611686018429793281"
    }, {
      "d" : "1756441269066540515",
      "t" : 1756441269066,
      "tn" : 1756441269066540515,
      "q" : "4.3",
      "p" : "2.38618",
      "s" : "buy",
      "i" : "ORCA_USD",
      "m" : "4611686018429793280"
    }, {
      "d" : "1756441014857531687",
      "t" : 1756441014857,
      "tn" : 1756441014857531686,
      "q" : "41.7",
      "p" : "2.37897",
      "s" : "buy",
      "i" : "ORCA_USD",
      "m" : "4611686018429793279"
    }, {
      "d" : "1756441014857531686",
      "t" : 1756441014857,
      "tn" : 1756441014857531686,
      "q" : "42.4",
      "p" : "2.37897",
      "s" : "buy",
      "i" : "ORCA_USD",
      "m" : "4611686018429793279"
    }, {
      "d" : "1756440720264325968",
      "t" : 1756440720264,
      "tn" : 1756440720264325968,
      "q" : "8.8",
      "p" : "2.37734",
      "s" : "sell",
      "i" : "ORCA_USD",
      "m" : "4611686018429793278"
    }, {
      "d" : "1756439595244501334",
      "t" : 1756439595244,
      "tn" : 1756439595244501334,
      "q" : "1.3",
      "p" : "2.37913",
      "s" : "sell",
      "i" : "ORCA_USD",
      "m" : "4611686018429793277"
    }, {
      "d" : "1756438447307675188",
      "t" : 1756438447307,
      "tn" : 1756438447307675188,
      "q" : "6.1",
      "p" : "2.37176",
      "s" : "sell",
      "i" : "ORCA_USD",
      "m" : "4611686018429793276"
    }, {
      "d" : "1756438387582661063",
      "t" : 1756438387582,
      "tn" : 1756438387582661063,
      "q" : "9.4",
      "p" : "2.36910",
      "s" : "sell",
      "i" : "ORCA_USD",
      "m" : "4611686018429793275"
    }, {
      "d" : "1756438327286401424",
      "t" : 1756438327286,
      "tn" : 1756438327286401424,
      "q" : "7.0",
      "p" : "2.36953",
      "s" : "sell",
      "i" : "ORCA_USD",
      "m" : "4611686018429793274"
    }, {
      "d" : "1756438265371344912",
      "t" : 1756438265371,
      "tn" : 1756438265371344912,
      "q" : "5.1",
      "p" : "2.37425",
      "s" : "sell",
      "i" : "ORCA_USD",
      "m" : "4611686018429793273"
    }, {
      "d" : "1756438206262883281",
      "t" : 1756438206262,
      "tn" : 1756438206262883281,
      "q" : "2.2",
      "p" : "2.37471",
      "s" : "sell",
      "i" : "ORCA_USD",
      "m" : "4611686018429793272"
    }, {
      "d" : "1756438149304901678",
      "t" : 1756438149304,
      "tn" : 1756438149304901678,
      "q" : "14.4",
      "p" : "2.37194",
      "s" : "sell",
      "i" : "ORCA_USD",
      "m" : "4611686018429793271"
    }, {
      "d" : "1756438117293607117",
      "t" : 1756438117293,
      "tn" : 1756438117293607117,
      "q" : "26.9",
      "p" : "2.37210",
      "s" : "sell",
      "i" : "ORCA_USD",
      "m" : "4611686018429793270"
    }, {
      "d" : "1756438027351643984",
      "t" : 1756438027351,
      "tn" : 1756438027351643984,
      "q" : "60.3",
      "p" : "2.36952",
      "s" : "sell",
      "i" : "ORCA_USD",
      "m" : "4611686018429793269"
    }, {
      "d" : "1756437398982777724",
      "t" : 1756437398982,
      "tn" : 1756437398982777724,
      "q" : "1.1",
      "p" : "2.37238",
      "s" : "sell",
      "i" : "ORCA_USD",
      "m" : "4611686018429793268"
    }, {
      "d" : "1756436961524049859",
      "t" : 1756436961524,
      "tn" : 1756436961524049859,
      "q" : "100.3",
      "p" : "2.35698",
      "s" : "sell",
      "i" : "ORCA_USD",
      "m" : "4611686018429793267"
    }, {
      "d" : "1756436961524047349",
      "t" : 1756436961524,
      "tn" : 1756436961524047349,
      "q" : "4.3",
      "p" : "2.35699",
      "s" : "sell",
      "i" : "ORCA_USD",
      "m" : "4611686018429793266"
    }, {
      "d" : "1756436961522101149",
      "t" : 1756436961522,
      "tn" : 1756436961522101149,
      "q" : "84.7",
      "p" : "2.35698",
      "s" : "sell",
      "i" : "ORCA_USD",
      "m" : "4611686018429793265"
    }, {
      "d" : "1756436961519826305",
      "t" : 1756436961519,
      "tn" : 1756436961519826305,
      "q" : "42.3",
      "p" : "2.35887",
      "s" : "sell",
      "i" : "ORCA_USD",
      "m" : "4611686018429793264"
    }, {
      "d" : "1756428317880980709",
      "t" : 1756428317880,
      "tn" : 1756428317880980709,
      "q" : "41.0",
      "p" : "2.38603",
      "s" : "buy",
      "i" : "ORCA_USD",
      "m" : "4611686018429793263"
    }, {
      "d" : "1756426676480479600",
      "t" : 1756426676480,
      "tn" : 1756426676480479600,
      "q" : "78.1",
      "p" : "2.40283",
      "s" : "buy",
      "i" : "ORCA_USD",
      "m" : "4611686018429793262"
    }, {
      "d" : "1756426676480477436",
      "t" : 1756426676480,
      "tn" : 1756426676480477436,
      "q" : "4.2",
      "p" : "2.40281",
      "s" : "buy",
      "i" : "ORCA_USD",
      "m" : "4611686018429793261"
    }, {
      "d" : "1756426648317640198",
      "t" : 1756426648317,
      "tn" : 1756426648317640198,
      "q" : "6.1",
      "p" : "2.40300",
      "s" : "buy",
      "i" : "ORCA_USD",
      "m" : "4611686018429793260"
    }, {
      "d" : "1756426588405579793",
      "t" : 1756426588405,
      "tn" : 1756426588405579793,
      "q" : "557.1",
      "p" : "2.38851",
      "s" : "buy",
      "i" : "ORCA_USD",
      "m" : "4611686018429793259"
    }, {
      "d" : "1756426588402209552",
      "t" : 1756426588402,
      "tn" : 1756426588402209552,
      "q" : "229.7",
      "p" : "2.38851",
      "s" : "buy",
      "i" : "ORCA_USD",
      "m" : "4611686018429793258"
    }, {
      "d" : "1756426588401858400",
      "t" : 1756426588401,
      "tn" : 1756426588401858400,
      "q" : "31.4",
      "p" : "2.38851",
      "s" : "buy",
      "i" : "ORCA_USD",
      "m" : "4611686018429793257"
    }, {
      "d" : "1756426588401856209",
      "t" : 1756426588401,
      "tn" : 1756426588401856209,
      "q" : "52.3",
      "p" : "2.38840",
      "s" : "buy",
      "i" : "ORCA_USD",
      "m" : "4611686018429793256"
    }, {
      "d" : "1756426079331618174",
      "t" : 1756426079331,
      "tn" : 1756426079331618174,
      "q" : "52.4",
      "p" : "2.38412",
      "s" : "buy",
      "i" : "ORCA_USD",
      "m" : "4611686018429793255"
    }, {
      "d" : "1756425910339782049",
      "t" : 1756425910339,
      "tn" : 1756425910339782049,
      "q" : "663.9",
      "p" : "2.37773",
      "s" : "sell",
      "i" : "ORCA_USD",
      "m" : "4611686018429793254"
    }, {
      "d" : "1756425910337864371",
      "t" : 1756425910337,
      "tn" : 1756425910337864371,
      "q" : "38.7",
      "p" : "2.37796",
      "s" : "sell",
      "i" : "ORCA_USD",
      "m" : "4611686018429793253"
    }, {
      "d" : "1756425697448050125",
      "t" : 1756425697448,
      "tn" : 1756425697448050125,
      "q" : "5.4",
      "p" : "2.38327",
      "s" : "sell",
      "i" : "ORCA_USD",
      "m" : "4611686018429793252"
    }, {
      "d" : "1756425685381742926",
      "t" : 1756425685381,
      "tn" : 1756425685381742926,
      "q" : "1.4",
      "p" : "2.38344",
      "s" : "sell",
      "i" : "ORCA_USD",
      "m" : "4611686018429793251"
    }, {
      "d" : "1756425649743644764",
      "t" : 1756425649743,
      "tn" : 1756425649743644764,
      "q" : "5.6",
      "p" : "2.38344",
      "s" : "sell",
      "i" : "ORCA_USD",
      "m" : "4611686018429793250"
    }, {
      "d" : "1756425632997234071",
      "t" : 1756425632997,
      "tn" : 1756425632997234071,
      "q" : "262.7",
      "p" : "2.38574",
      "s" : "sell",
      "i" : "ORCA_USD",
      "m" : "4611686018429793249"
    }, {
      "d" : "1756425628418626671",
      "t" : 1756425628418,
      "tn" : 1756425628418626671,
      "q" : "1.6",
      "p" : "2.40053",
      "s" : "sell",
      "i" : "ORCA_USD",
      "m" : "4611686018429793248"
    }, {
      "d" : "1756425627586270547",
      "t" : 1756425627586,
      "tn" : 1756425627586270547,
      "q" : "23.7",
      "p" : "2.38575",
      "s" : "sell",
      "i" : "ORCA_USD",
      "m" : "4611686018429793247"
    }, {
      "d" : "1756425624967427017",
      "t" : 1756425624967,
      "tn" : 1756425624967427017,
      "q" : "623.5",
      "p" : "2.38574",
      "s" : "sell",
      "i" : "ORCA_USD",
      "m" : "4611686018429793246"
    }, {
      "d" : "1756425624967425130",
      "t" : 1756425624967,
      "tn" : 1756425624967425130,
      "q" : "41.9",
      "p" : "2.38575",
      "s" : "sell",
      "i" : "ORCA_USD",
      "m" : "4611686018429793245"
    }, {
      "d" : "1756423699212349430",
      "t" : 1756423699212,
      "tn" : 1756423699212349430,
      "q" : "1.6",
      "p" : "2.38272",
      "s" : "sell",
      "i" : "ORCA_USD",
      "m" : "4611686018429793244"
    }, {
      "d" : "1756421591329519241",
      "t" : 1756421591329,
      "tn" : 1756421591329519241,
      "q" : "26.2",
      "p" : "2.38119",
      "s" : "buy",
      "i" : "ORCA_USD",
      "m" : "4611686018429793243"
    }, {
      "d" : "1756421289488704376",
      "t" : 1756421289488,
      "tn" : 1756421289488704376,
      "q" : "66.3",
      "p" : "2.38210",
      "s" : "buy",
      "i" : "ORCA_USD",
      "m" : "4611686018429793242"
    }, {
      "d" : "1756420155505894594",
      "t" : 1756420155505,
      "tn" : 1756420155505894594,
      "q" : "1.1",
      "p" : "2.38617",
      "s" : "buy",
      "i" : "ORCA_USD",
      "m" : "4611686018429793241"
    }, {
      "d" : "1756419772735711508",
      "t" : 1756419772735,
      "tn" : 1756419772735711508,
      "q" : "1.6",
      "p" : "2.38816",
      "s" : "buy",
      "i" : "ORCA_USD",
      "m" : "4611686018429793240"
    }, {
      "d" : "1756419381281251295",
      "t" : 1756419381281,
      "tn" : 1756419381281251295,
      "q" : "52.4",
      "p" : "2.38170",
      "s" : "buy",
      "i" : "ORCA_USD",
      "m" : "4611686018429793239"
    }, {
      "d" : "1756419303417182778",
      "t" : 1756419303417,
      "tn" : 1756419303417182778,
      "q" : "9.1",
      "p" : "2.37885",
      "s" : "sell",
      "i" : "ORCA_USD",
      "m" : "4611686018429793238"
    }, {
      "d" : "1756418700105276169",
      "t" : 1756418700105,
      "tn" : 1756418700105276169,
      "q" : "4.9",
      "p" : "2.36332",
      "s" : "buy",
      "i" : "ORCA_USD",
      "m" : "4611686018429793237"
    }, {
      "d" : "1756418373363810886",
      "t" : 1756418373363,
      "tn" : 1756418373363810886,
      "q" : "10.4",
      "p" : "2.36944",
      "s" : "sell",
      "i" : "ORCA_USD",
      "m" : "4611686018429793236"
    }, {
      "d" : "1756418129476222072",
      "t" : 1756418129476,
      "tn" : 1756418129476222072,
      "q" : "1.7",
      "p" : "2.36776",
      "s" : "sell",
      "i" : "ORCA_USD",
      "m" : "4611686018429793235"
    }, {
      "d" : "1756418107817829760",
      "t" : 1756418107817,
      "tn" : 1756418107817829760,
      "q" : "12.4",
      "p" : "2.36074",
      "s" : "buy",
      "i" : "ORCA_USD",
      "m" : "4611686018429793234"
    }, {
      "d" : "1756417562302567117",
      "t" : 1756417562302,
      "tn" : 1756417562302567117,
      "q" : "2.6",
      "p" : "2.35914",
      "s" : "buy",
      "i" : "ORCA_USD",
      "m" : "4611686018429793233"
    }, {
      "d" : "1756414777225471922",
      "t" : 1756414777225,
      "tn" : 1756414777225471922,
      "q" : "1.5",
      "p" : "2.36072",
      "s" : "sell",
      "i" : "ORCA_USD",
      "m" : "4611686018429793232"
    }, {
      "d" : "1756410496778419878",
      "t" : 1756410496778,
      "tn" : 1756410496778419878,
      "q" : "39.4",
      "p" : "2.35100",
      "s" : "buy",
      "i" : "ORCA_USD",
      "m" : "4611686018429793231"
    }, {
      "d" : "1756410341713277507",
      "t" : 1756410341713,
      "tn" : 1756410341713277507,
      "q" : "5.0",
      "p" : "2.35114",
      "s" : "buy",
      "i" : "ORCA_USD",
      "m" : "4611686018429793230"
    }, {
      "d" : "1756409719214738995",
      "t" : 1756409719214,
      "tn" : 1756409719214738995,
      "q" : "5.8",
      "p" : "2.36408",
      "s" : "buy",
      "i" : "ORCA_USD",
      "m" : "4611686018429793229"
    }, {
      "d" : "1756407789342103043",
      "t" : 1756407789342,
      "tn" : 1756407789342103043,
      "q" : "96.7",
      "p" : "2.37967",
      "s" : "sell",
      "i" : "ORCA_USD",
      "m" : "4611686018429793228"
    }, {
      "d" : "1756406684210464255",
      "t" : 1756406684210,
      "tn" : 1756406684210464255,
      "q" : "0.3",
      "p" : "2.36705",
      "s" : "buy",
      "i" : "ORCA_USD",
      "m" : "4611686018429793227"
    }, {
      "d" : "1756406684207883270",
      "t" : 1756406684207,
      "tn" : 1756406684207883270,
      "q" : "12.7",
      "p" : "2.36705",
      "s" : "buy",
      "i" : "ORCA_USD",
      "m" : "4611686018429793226"
    }, {
      "d" : "1756405175852722963",
      "t" : 1756405175852,
      "tn" : 1756405175852722963,
      "q" : "31.8",
      "p" : "2.35776",
      "s" : "buy",
      "i" : "ORCA_USD",
      "m" : "4611686018429793225"
    }, {
      "d" : "1756405175852720699",
      "t" : 1756405175852,
      "tn" : 1756405175852720699,
      "q" : "53.0",
      "p" : "2.35775",
      "s" : "buy",
      "i" : "ORCA_USD",
      "m" : "4611686018429793224"
    }, {
      "d" : "1756403913310764391",
      "t" : 1756403913310,
      "tn" : 1756403913310764391,
      "q" : "3.4",
      "p" : "2.36984",
      "s" : "sell",
      "i" : "ORCA_USD",
      "m" : "4611686018429793223"
    }, {
      "d" : "1756402848639966230",
      "t" : 1756402848639,
      "tn" : 1756402848639966230,
      "q" : "103.6",
      "p" : "2.35376",
      "s" : "sell",
      "i" : "ORCA_USD",
      "m" : "4611686018429793222"
    }, {
      "d" : "1756402848639964444",
      "t" : 1756402848639,
      "tn" : 1756402848639964444,
      "q" : "21.1",
      "p" : "2.35387",
      "s" : "sell",
      "i" : "ORCA_USD",
      "m" : "4611686018429793221"
    }, {
      "d" : "1756402159636958275",
      "t" : 1756402159636,
      "tn" : 1756402159636958275,
      "q" : "82.3",
      "p" : "2.35399",
      "s" : "sell",
      "i" : "ORCA_USD",
      "m" : "4611686018429793220"
    }, {
      "d" : "1756402159636955861",
      "t" : 1756402159636,
      "tn" : 1756402159636955861,
      "q" : "42.4",
      "p" : "2.35408",
      "s" : "sell",
      "i" : "ORCA_USD",
      "m" : "4611686018429793219"
    }, {
      "d" : "1756397024398067364",
      "t" : 1756397024398,
      "tn" : 1756397024398067364,
      "q" : "2.8",
      "p" : "2.36437",
      "s" : "buy",
      "i" : "ORCA_USD",
      "m" : "4611686018429793218"
    } ]
  }
}