{
  "id" : -1,
  "method" : "public/get-trades",
  "code" : 0,
  "result" : {
    "data" : [ {
      "d" : "1756462023234414300",
      "t" : 1756462023234,
      "tn" : 1756462023234414300,
      "q" : "0.1",
      "p" : "8.6749",
      "s" : "sell",
      "i" : "ORDIUSD-PERP",
      "m" : "4611686018430807646"
    }, {
      "d" : "1756462022907428977",
      "t" : 1756462022907,
      "tn" : 1756462022907428977,
      "q" : "0.1",
      "p" : "8.6742",
      "s" : "buy",
      "i" : "ORDIUSD-PERP",
      "m" : "4611686018430807645"
    }, {
      "d" : "1756462022901414993",
      "t" : 1756462022901,
      "tn" : 1756462022901414993,
      "q" : "0.1",
      "p" : "8.6718",
      "s" : "buy",
      "i" : "ORDIUSD-PERP",
      "m" : "4611686018430807644"
    }, {
      "d" : "1756462020587735825",
      "t" : 1756462020587,
      "tn" : 1756462020587735825,
      "q" : "0.1",
      "p" : "8.6697",
      "s" : "buy",
      "i" : "ORDIUSD-PERP",
      "m" : "4611686018430807643"
    }, {
      "d" : "1756462020282682297",
      "t" : 1756462020282,
      "tn" : 1756462020282682297,
      "q" : "0.1",
      "p" : "8.6718",
      "s" : "sell",
      "i" : "ORDIUSD-PERP",
      "m" : "4611686018430807642"
    }, {
      "d" : "1756462019756421146",
      "t" : 1756462019756,
      "tn" : 1756462019756421146,
      "q" : "0.1",
      "p" : "8.6729",
      "s" : "sell",
      "i" : "ORDIUSD-PERP",
      "m" : "4611686018430807641"
    }, {
      "d" : "1756462019648707087",
      "t" : 1756462019648,
      "tn" : 1756462019648707087,
      "q" : "0.1",
      "p" : "8.6730",
      "s" : "sell",
      "i" : "ORDIUSD-PERP",
      "m" : "4611686018430807640"
    }, {
      "d" : "1756462019230901802",
      "t" : 1756462019230,
      "tn" : 1756462019230901802,
      "q" : "0.1",
      "p" : "8.6710",
      "s" : "buy",
      "i" : "ORDIUSD-PERP",
      "m" : "4611686018430807639"
    }, {
      "d" : "1756462015428049836",
      "t" : 1756462015428,
      "tn" : 1756462015428049836,
      "q" : "0.1",
      "p" : "8.6710",
      "s" : "sell",
      "i" : "ORDIUSD-PERP",
      "m" : "4611686018430807638"
    }, {
      "d" : "1756462011645606209",
      "t" : 1756462011645,
      "tn" : 1756462011645606209,
      "q" : "0.1",
      "p" : "8.6661",
      "s" : "sell",
      "i" : "ORDIUSD-PERP",
      "m" : "4611686018430807637"
    }, {
      "d" : "1756462010438853072",
      "t" : 1756462010438,
      "tn" : 1756462010438853072,
      "q" : "0.1",
      "p" : "8.6641",
      "s" : "buy",
      "i" : "ORDIUSD-PERP",
      "m" : "4611686018430807636"
    }, {
      "d" : "1756462009972516080",
      "t" : 1756462009972,
      "tn" : 1756462009972516080,
      "q" : "0.1",
      "p" : "8.6641",
      "s" : "sell",
      "i" : "ORDIUSD-PERP",
      "m" : "4611686018430807635"
    }, {
      "d" : "1756462006587696346",
      "t" : 1756462006587,
      "tn" : 1756462006587696346,
      "q" : "0.1",
      "p" : "8.6543",
      "s" : "sell",
      "i" : "ORDIUSD-PERP",
      "m" : "4611686018430807634"
    }, {
      "d" : "1756462006475731705",
      "t" : 1756462006475,
      "tn" : 1756462006475731705,
      "q" : "0.1",
      "p" : "8.6544",
      "s" : "sell",
      "i" : "ORDIUSD-PERP",
      "m" : "4611686018430807633"
    }, {
      "d" : "1756462006368581373",
      "t" : 1756462006368,
      "tn" : 1756462006368581373,
      "q" : "0.1",
      "p" : "8.6546",
      "s" : "sell",
      "i" : "ORDIUSD-PERP",
      "m" : "4611686018430807632"
    }, {
      "d" : "1756462006252767321",
      "t" : 1756462006252,
      "tn" : 1756462006252767321,
      "q" : "0.1",
      "p" : "8.6535",
      "s" : "buy",
      "i" : "ORDIUSD-PERP",
      "m" : "4611686018430807631"
    }, {
      "d" : "1756462006252470856",
      "t" : 1756462006252,
      "tn" : 1756462006252470856,
      "q" : "0.1",
      "p" : "8.6515",
      "s" : "buy",
      "i" : "ORDIUSD-PERP",
      "m" : "4611686018430807630"
    }, {
      "d" : "1756462004938940876",
      "t" : 1756462004938,
      "tn" : 1756462004938940876,
      "q" : "0.1",
      "p" : "8.6516",
      "s" : "sell",
      "i" : "ORDIUSD-PERP",
      "m" : "4611686018430807629"
    }, {
      "d" : "1756462004659717753",
      "t" : 1756462004659,
      "tn" : 1756462004659717753,
      "q" : "0.1",
      "p" : "8.6517",
      "s" : "sell",
      "i" : "ORDIUSD-PERP",
      "m" : "4611686018430807628"
    }, {
      "d" : "1756462004386070423",
      "t" : 1756462004386,
      "tn" : 1756462004386070423,
      "q" : "0.1",
      "p" : "8.6518",
      "s" : "sell",
      "i" : "ORDIUSD-PERP",
      "m" : "4611686018430807627"
    }, {
      "d" : "1756462003876779704",
      "t" : 1756462003876,
      "tn" : 1756462003876779704,
      "q" : "0.1",
      "p" : "8.6508",
      "s" : "buy",
      "i" : "ORDIUSD-PERP",
      "m" : "4611686018430807626"
    }, {
      "d" : "1756462003812937152",
      "t" : 1756462003812,
      "tn" : 1756462003812937152,
      "q" : "5.0",
      "p" : "8.6514",
      "s" : "buy",
      "i" : "ORDIUSD-PERP",
      "m" : "4611686018430807625"
    }, {
      "d" : "1756462003811500385",
      "t" : 1756462003811,
      "tn" : 1756462003811500385,
      "q" : "0.1",
      "p" : "8.6499",
      "s" : "buy",
      "i" : "ORDIUSD-PERP",
      "m" : "4611686018430807624"
    }, {
      "d" : "1756462003808783948",
      "t" : 1756462003808,
      "tn" : 1756462003808783948,
      "q" : "0.1",
      "p" : "8.6488",
      "s" : "buy",
      "i" : "ORDIUSD-PERP",
      "m" : "4611686018430807623"
    }, {
      "d" : "1756462002049535097",
      "t" : 1756462002049,
      "tn" : 1756462002049535097,
      "q" : "0.1",
      "p" : "8.6476",
      "s" : "buy",
      "i" : "ORDIUSD-PERP",
      "m" : "4611686018430807622"
    }, {
      "d" : "1756462000108246754",
      "t" : 1756462000108,
      "tn" : 1756462000108246754,
      "q" : "0.1",
      "p" : "8.6467",
      "s" : "sell",
      "i" : "ORDIUSD-PERP",
      "m" : "4611686018430807621"
    }, {
      "d" : "1756461999994120476",
      "t" : 1756461999994,
      "tn" : 1756461999994120476,
      "q" : "0.1",
      "p" : "8.6468",
      "s" : "sell",
      "i" : "ORDIUSD-PERP",
      "m" : "4611686018430807620"
    }, {
      "d" : "1756461995456044997",
      "t" : 1756461995456,
      "tn" : 1756461995456044997,
      "q" : "0.1",
      "p" : "8.6427",
      "s" : "buy",
      "i" : "ORDIUSD-PERP",
      "m" : "4611686018430807619"
    }, {
      "d" : "1756461995456042548",
      "t" : 1756461995456,
      "tn" : 1756461995456042548,
      "q" : "0.1",
      "p" : "8.6418",
      "s" : "buy",
      "i" : "ORDIUSD-PERP",
      "m" : "4611686018430807618"
    }, {
      "d" : "1756461994896732337",
      "t" : 1756461994896,
      "tn" : 1756461994896732337,
      "q" : "0.1",
      "p" : "8.6416",
      "s" : "buy",
      "i" : "ORDIUSD-PERP",
      "m" : "4611686018430807617"
    }, {
      "d" : "1756461994696257507",
      "t" : 1756461994696,
      "tn" : 1756461994696257507,
      "q" : "0.1",
      "p" : "8.6405",
      "s" : "buy",
      "i" : "ORDIUSD-PERP",
      "m" : "4611686018430807616"
    }, {
      "d" : "1756461994587241375",
      "t" : 1756461994587,
      "tn" : 1756461994587241375,
      "q" : "0.1",
      "p" : "8.6404",
      "s" : "buy",
      "i" : "ORDIUSD-PERP",
      "m" : "4611686018430807615"
    }, {
      "d" : "1756461994473270287",
      "t" : 1756461994473,
      "tn" : 1756461994473270287,
      "q" : "0.1",
      "p" : "8.6402",
      "s" : "buy",
      "i" : "ORDIUSD-PERP",
      "m" : "4611686018430807614"
    }, {
      "d" : "1756461990453409532",
      "t" : 1756461990453,
      "tn" : 1756461990453409532,
      "q" : "0.1",
      "p" : "8.6381",
      "s" : "buy",
      "i" : "ORDIUSD-PERP",
      "m" : "4611686018430807613"
    }, {
      "d" : "1756461990002194406",
      "t" : 1756461990002,
      "tn" : 1756461990002194406,
      "q" : "0.1",
      "p" : "8.6391",
      "s" : "sell",
      "i" : "ORDIUSD-PERP",
      "m" : "4611686018430807612"
    }, {
      "d" : "1756461988678311349",
      "t" : 1756461988678,
      "tn" : 1756461988678311349,
      "q" : "0.1",
      "p" : "8.6361",
      "s" : "buy",
      "i" : "ORDIUSD-PERP",
      "m" : "4611686018430807611"
    }, {
      "d" : "1756461987660522083",
      "t" : 1756461987660,
      "tn" : 1756461987660522083,
      "q" : "0.1",
      "p" : "8.6359",
      "s" : "buy",
      "i" : "ORDIUSD-PERP",
      "m" : "4611686018430807610"
    }, {
      "d" : "1756461985315895177",
      "t" : 1756461985315,
      "tn" : 1756461985315895177,
      "q" : "0.1",
      "p" : "8.6350",
      "s" : "sell",
      "i" : "ORDIUSD-PERP",
      "m" : "4611686018430807609"
    }, {
      "d" : "1756461985205758156",
      "t" : 1756461985205,
      "tn" : 1756461985205758156,
      "q" : "0.1",
      "p" : "8.6351",
      "s" : "sell",
      "i" : "ORDIUSD-PERP",
      "m" : "4611686018430807608"
    }, {
      "d" : "1756461985097006707",
      "t" : 1756461985097,
      "tn" : 1756461985097006707,
      "q" : "0.1",
      "p" : "8.6353",
      "s" : "sell",
      "i" : "ORDIUSD-PERP",
      "m" : "4611686018430807607"
    }, {
      "d" : "1756461984096846504",
      "t" : 1756461984096,
      "tn" : 1756461984096846504,
      "q" : "0.1",
      "p" : "8.6354",
      "s" : "sell",
      "i" : "ORDIUSD-PERP",
      "m" : "4611686018430807606"
    }, {
      "d" : "1756461983981458303",
      "t" : 1756461983981,
      "tn" : 1756461983981458303,
      "q" : "0.1",
      "p" : "8.6355",
      "s" : "sell",
      "i" : "ORDIUSD-PERP",
      "m" : "4611686018430807605"
    }, {
      "d" : "1756461980537388774",
      "t" : 1756461980537,
      "tn" : 1756461980537388774,
      "q" : "0.1",
      "p" : "8.6367",
      "s" : "sell",
      "i" : "ORDIUSD-PERP",
      "m" : "4611686018430807604"
    }, {
      "d" : "1756461979837084520",
      "t" : 1756461979837,
      "tn" : 1756461979837084520,
      "q" : "0.1",
      "p" : "8.6356",
      "s" : "buy",
      "i" : "ORDIUSD-PERP",
      "m" : "4611686018430807603"
    }, {
      "d" : "1756461979508823909",
      "t" : 1756461979508,
      "tn" : 1756461979508823909,
      "q" : "0.1",
      "p" : "8.6346",
      "s" : "buy",
      "i" : "ORDIUSD-PERP",
      "m" : "4611686018430807602"
    }, {
      "d" : "1756461979504279535",
      "t" : 1756461979504,
      "tn" : 1756461979504279535,
      "q" : "0.1",
      "p" : "8.6335",
      "s" : "buy",
      "i" : "ORDIUSD-PERP",
      "m" : "4611686018430807601"
    }, {
      "d" : "1756461978876393649",
      "t" : 1756461978876,
      "tn" : 1756461978876393649,
      "q" : "0.1",
      "p" : "8.6324",
      "s" : "buy",
      "i" : "ORDIUSD-PERP",
      "m" : "4611686018430807600"
    }, {
      "d" : "1756461973066703724",
      "t" : 1756461973066,
      "tn" : 1756461973066703724,
      "q" : "0.1",
      "p" : "8.6312",
      "s" : "buy",
      "i" : "ORDIUSD-PERP",
      "m" : "4611686018430807599"
    }, {
      "d" : "1756461972956354504",
      "t" : 1756461972956,
      "tn" : 1756461972956354504,
      "q" : "0.1",
      "p" : "8.6311",
      "s" : "buy",
      "i" : "ORDIUSD-PERP",
      "m" : "4611686018430807598"
    }, {
      "d" : "1756461972849216813",
      "t" : 1756461972849,
      "tn" : 1756461972849216813,
      "q" : "0.1",
      "p" : "8.6309",
      "s" : "buy",
      "i" : "ORDIUSD-PERP",
      "m" : "4611686018430807597"
    }, {
      "d" : "1756461972705752176",
      "t" : 1756461972705,
      "tn" : 1756461972705752176,
      "q" : "0.1",
      "p" : "8.6298",
      "s" : "buy",
      "i" : "ORDIUSD-PERP",
      "m" : "4611686018430807596"
    }, {
      "d" : "1756461972598726908",
      "t" : 1756461972598,
      "tn" : 1756461972598726908,
      "q" : "0.1",
      "p" : "8.6297",
      "s" : "buy",
      "i" : "ORDIUSD-PERP",
      "m" : "4611686018430807595"
    }, {
      "d" : "1756461971095813540",
      "t" : 1756461971095,
      "tn" : 1756461971095813540,
      "q" : "0.1",
      "p" : "8.6295",
      "s" : "buy",
      "i" : "ORDIUSD-PERP",
      "m" : "4611686018430807594"
    }, {
      "d" : "1756461970986224114",
      "t" : 1756461970986,
      "tn" : 1756461970986224114,
      "q" : "0.1",
      "p" : "8.6294",
      "s" : "buy",
      "i" : "ORDIUSD-PERP",
      "m" : "4611686018430807593"
    }, {
      "d" : "1756461970877696173",
      "t" : 1756461970877,
      "tn" : 1756461970877696173,
      "q" : "0.1",
      "p" : "8.6292",
      "s" : "buy",
      "i" : "ORDIUSD-PERP",
      "m" : "4611686018430807592"
    }, {
      "d" : "1756461970578824442",
      "t" : 1756461970578,
      "tn" : 1756461970578824442,
      "q" : "0.1",
      "p" : "8.6281",
      "s" : "buy",
      "i" : "ORDIUSD-PERP",
      "m" : "4611686018430807591"
    }, {
      "d" : "1756461965912707614",
      "t" : 1756461965912,
      "tn" : 1756461965912707614,
      "q" : "0.1",
      "p" : "8.6270",
      "s" : "buy",
      "i" : "ORDIUSD-PERP",
      "m" : "4611686018430807590"
    }, {
      "d" : "1756461965793527470",
      "t" : 1756461965793,
      "tn" : 1756461965793527470,
      "q" : "0.1",
      "p" : "8.6258",
      "s" : "buy",
      "i" : "ORDIUSD-PERP",
      "m" : "4611686018430807589"
    }, {
      "d" : "1756461965685015361",
      "t" : 1756461965685,
      "tn" : 1756461965685015361,
      "q" : "0.1",
      "p" : "8.6247",
      "s" : "buy",
      "i" : "ORDIUSD-PERP",
      "m" : "4611686018430807588"
    }, {
      "d" : "1756461961295628413",
      "t" : 1756461961295,
      "tn" : 1756461961295628413,
      "q" : "0.1",
      "p" : "8.6256",
      "s" : "sell",
      "i" : "ORDIUSD-PERP",
      "m" : "4611686018430807587"
    }, {
      "d" : "1756461961295626371",
      "t" : 1756461961295,
      "tn" : 1756461961295626371,
      "q" : "0.1",
      "p" : "8.6267",
      "s" : "sell",
      "i" : "ORDIUSD-PERP",
      "m" : "4611686018430807586"
    }, {
      "d" : "1756461961145920024",
      "t" : 1756461961145,
      "tn" : 1756461961145920024,
      "q" : "0.1",
      "p" : "8.6269",
      "s" : "sell",
      "i" : "ORDIUSD-PERP",
      "m" : "4611686018430807585"
    }, {
      "d" : "1756461961031018490",
      "t" : 1756461961031,
      "tn" : 1756461961031018490,
      "q" : "0.1",
      "p" : "8.6270",
      "s" : "sell",
      "i" : "ORDIUSD-PERP",
      "m" : "4611686018430807584"
    }, {
      "d" : "1756461960760631252",
      "t" : 1756461960760,
      "tn" : 1756461960760631252,
      "q" : "0.1",
      "p" : "8.6272",
      "s" : "sell",
      "i" : "ORDIUSD-PERP",
      "m" : "4611686018430807583"
    }, {
      "d" : "1756461958792166429",
      "t" : 1756461958792,
      "tn" : 1756461958792166429,
      "q" : "0.1",
      "p" : "8.6313",
      "s" : "sell",
      "i" : "ORDIUSD-PERP",
      "m" : "4611686018430807582"
    }, {
      "d" : "1756461956873921253",
      "t" : 1756461956873,
      "tn" : 1756461956873921253,
      "q" : "0.1",
      "p" : "8.6324",
      "s" : "sell",
      "i" : "ORDIUSD-PERP",
      "m" : "4611686018430807581"
    }, {
      "d" : "1756461956695890454",
      "t" : 1756461956695,
      "tn" : 1756461956695890454,
      "q" : "0.1",
      "p" : "8.6336",
      "s" : "sell",
      "i" : "ORDIUSD-PERP",
      "m" : "4611686018430807580"
    }, {
      "d" : "1756461956125176182",
      "t" : 1756461956125,
      "tn" : 1756461956125176182,
      "q" : "0.1",
      "p" : "8.6335",
      "s" : "buy",
      "i" : "ORDIUSD-PERP",
      "m" : "4611686018430807579"
    }, {
      "d" : "1756461954521621757",
      "t" : 1756461954521,
      "tn" : 1756461954521621757,
      "q" : "0.1",
      "p" : "8.6346",
      "s" : "sell",
      "i" : "ORDIUSD-PERP",
      "m" : "4611686018430807578"
    }, {
      "d" : "1756461954154991858",
      "t" : 1756461954154,
      "tn" : 1756461954154991858,
      "q" : "0.1",
      "p" : "8.6357",
      "s" : "sell",
      "i" : "ORDIUSD-PERP",
      "m" : "4611686018430807577"
    }, {
      "d" : "1756461949827827733",
      "t" : 1756461949827,
      "tn" : 1756461949827827733,
      "q" : "0.1",
      "p" : "8.6357",
      "s" : "buy",
      "i" : "ORDIUSD-PERP",
      "m" : "4611686018430807576"
    }, {
      "d" : "1756461948899896345",
      "t" : 1756461948899,
      "tn" : 1756461948899896345,
      "q" : "0.1",
      "p" : "8.6355",
      "s" : "buy",
      "i" : "ORDIUSD-PERP",
      "m" : "4611686018430807575"
    }, {
      "d" : "1756461948657842274",
      "t" : 1756461948657,
      "tn" : 1756461948657842274,
      "q" : "0.1",
      "p" : "8.6356",
      "s" : "sell",
      "i" : "ORDIUSD-PERP",
      "m" : "4611686018430807574"
    }, {
      "d" : "1756461948548194003",
      "t" : 1756461948548,
      "tn" : 1756461948548194003,
      "q" : "0.1",
      "p" : "8.6357",
      "s" : "sell",
      "i" : "ORDIUSD-PERP",
      "m" : "4611686018430807573"
    }, {
      "d" : "1756461948431601406",
      "t" : 1756461948431,
      "tn" : 1756461948431601406,
      "q" : "0.1",
      "p" : "8.6358",
      "s" : "sell",
      "i" : "ORDIUSD-PERP",
      "m" : "4611686018430807572"
    }, {
      "d" : "1756461940683994674",
      "t" : 1756461940683,
      "tn" : 1756461940683994674,
      "q" : "0.1",
      "p" : "8.6338",
      "s" : "buy",
      "i" : "ORDIUSD-PERP",
      "m" : "4611686018430807571"
    }, {
      "d" : "1756461939676244703",
      "t" : 1756461939676,
      "tn" : 1756461939676244703,
      "q" : "0.1",
      "p" : "8.6317",
      "s" : "buy",
      "i" : "ORDIUSD-PERP",
      "m" : "4611686018430807570"
    }, {
      "d" : "1756461934659645372",
      "t" : 1756461934659,
      "tn" : 1756461934659645372,
      "q" : "0.1",
      "p" : "8.6327",
      "s" : "sell",
      "i" : "ORDIUSD-PERP",
      "m" : "4611686018430807569"
    }, {
      "d" : "1756461934098259804",
      "t" : 1756461934098,
      "tn" : 1756461934098259804,
      "q" : "0.1",
      "p" : "8.6339",
      "s" : "sell",
      "i" : "ORDIUSD-PERP",
      "m" : "4611686018430807568"
    }, {
      "d" : "1756461930346186229",
      "t" : 1756461930346,
      "tn" : 1756461930346186229,
      "q" : "0.1",
      "p" : "8.6330",
      "s" : "sell",
      "i" : "ORDIUSD-PERP",
      "m" : "4611686018430807567"
    }, {
      "d" : "1756461929185916654",
      "t" : 1756461929185,
      "tn" : 1756461929185916654,
      "q" : "0.1",
      "p" : "8.6309",
      "s" : "buy",
      "i" : "ORDIUSD-PERP",
      "m" : "4611686018430807566"
    }, {
      "d" : "1756461917375812511",
      "t" : 1756461917375,
      "tn" : 1756461917375812511,
      "q" : "0.1",
      "p" : "8.6278",
      "s" : "buy",
      "i" : "ORDIUSD-PERP",
      "m" : "4611686018430807565"
    }, {
      "d" : "1756461907685124078",
      "t" : 1756461907685,
      "tn" : 1756461907685124078,
      "q" : "0.1",
      "p" : "8.6279",
      "s" : "sell",
      "i" : "ORDIUSD-PERP",
      "m" : "4611686018430807564"
    }, {
      "d" : "1756461907326711774",
      "t" : 1756461907326,
      "tn" : 1756461907326711774,
      "q" : "0.1",
      "p" : "8.6290",
      "s" : "sell",
      "i" : "ORDIUSD-PERP",
      "m" : "4611686018430807563"
    }, {
      "d" : "1756461907209880802",
      "t" : 1756461907209,
      "tn" : 1756461907209880802,
      "q" : "0.1",
      "p" : "8.6291",
      "s" : "sell",
      "i" : "ORDIUSD-PERP",
      "m" : "4611686018430807562"
    }, {
      "d" : "1756461906309704068",
      "t" : 1756461906309,
      "tn" : 1756461906309704068,
      "q" : "0.1",
      "p" : "8.6313",
      "s" : "sell",
      "i" : "ORDIUSD-PERP",
      "m" : "4611686018430807561"
    }, {
      "d" : "1756461904685113370",
      "t" : 1756461904685,
      "tn" : 1756461904685113370,
      "q" : "0.1",
      "p" : "8.6314",
      "s" : "sell",
      "i" : "ORDIUSD-PERP",
      "m" : "4611686018430807560"
    }, {
      "d" : "1756461899841519388",
      "t" : 1756461899841,
      "tn" : 1756461899841519388,
      "q" : "0.1",
      "p" : "8.6304",
      "s" : "buy",
      "i" : "ORDIUSD-PERP",
      "m" : "4611686018430807559"
    }, {
      "d" : "1756461899395289300",
      "t" : 1756461899395,
      "tn" : 1756461899395289300,
      "q" : "0.1",
      "p" : "8.6292",
      "s" : "buy",
      "i" : "ORDIUSD-PERP",
      "m" : "4611686018430807558"
    }, {
      "d" : "1756461898142855935",
      "t" : 1756461898142,
      "tn" : 1756461898142855935,
      "q" : "0.1",
      "p" : "8.6281",
      "s" : "buy",
      "i" : "ORDIUSD-PERP",
      "m" : "4611686018430807557"
    }, {
      "d" : "1756461895205028094",
      "t" : 1756461895205,
      "tn" : 1756461895205028094,
      "q" : "0.1",
      "p" : "8.6259",
      "s" : "buy",
      "i" : "ORDIUSD-PERP",
      "m" : "4611686018430807556"
    }, {
      "d" : "1756461889264336013",
      "t" : 1756461889264,
      "tn" : 1756461889264336013,
      "q" : "0.1",
      "p" : "8.6260",
      "s" : "sell",
      "i" : "ORDIUSD-PERP",
      "m" : "4611686018430807555"
    }, {
      "d" : "1756461887586678246",
      "t" : 1756461887586,
      "tn" : 1756461887586678246,
      "q" : "0.1",
      "p" : "8.6249",
      "s" : "buy",
      "i" : "ORDIUSD-PERP",
      "m" : "4611686018430807554"
    }, {
      "d" : "1756461880574888362",
      "t" : 1756461880574,
      "tn" : 1756461880574888362,
      "q" : "0.1",
      "p" : "8.6228",
      "s" : "buy",
      "i" : "ORDIUSD-PERP",
      "m" : "4611686018430807553"
    }, {
      "d" : "1756461880395734996",
      "t" : 1756461880395,
      "tn" : 1756461880395734996,
      "q" : "0.1",
      "p" : "8.6217",
      "s" : "buy",
      "i" : "ORDIUSD-PERP",
      "m" : "4611686018430807552"
    }, {
      "d" : "1756461880161290656",
      "t" : 1756461880161,
      "tn" : 1756461880161290656,
      "q" : "0.1",
      "p" : "8.6205",
      "s" : "buy",
      "i" : "ORDIUSD-PERP",
      "m" : "4611686018430807551"
    }, {
      "d" : "1756461873961094661",
      "t" : 1756461873961,
      "tn" : 1756461873961094661,
      "q" : "0.1",
      "p" : "8.6216",
      "s" : "sell",
      "i" : "ORDIUSD-PERP",
      "m" : "4611686018430807550"
    }, {
      "d" : "1756461872317541005",
      "t" : 1756461872317,
      "tn" : 1756461872317541005,
      "q" : "0.1",
      "p" : "8.6237",
      "s" : "sell",
      "i" : "ORDIUSD-PERP",
      "m" : "4611686018430807549"
    }, {
      "d" : "1756461866422487110",
      "t" : 1756461866422,
      "tn" : 1756461866422487110,
      "q" : "0.1",
      "p" : "8.6227",
      "s" : "buy",
      "i" : "ORDIUSD-PERP",
      "m" : "4611686018430807548"
    }, {
      "d" : "1756461866037834068",
      "t" : 1756461866037,
      "tn" : 1756461866037834068,
      "q" : "0.1",
      "p" : "8.6215",
      "s" : "buy",
      "i" : "ORDIUSD-PERP",
      "m" : "4611686018430807547"
    }, {
      "d" : "1756461865925051123",
      "t" : 1756461865925,
      "tn" : 1756461865925051123,
      "q" : "0.1",
      "p" : "8.6214",
      "s" : "buy",
      "i" : "ORDIUSD-PERP",
      "m" : "4611686018430807546"
    }, {
      "d" : "1756461865812193396",
      "t" : 1756461865812,
      "tn" : 1756461865812193396,
      "q" : "0.1",
      "p" : "8.6212",
      "s" : "buy",
      "i" : "ORDIUSD-PERP",
      "m" : "4611686018430807545"
    }, {
      "d" : "1756461862940373281",
      "t" : 1756461862940,
      "tn" : 1756461862940373281,
      "q" : "0.1",
      "p" : "8.6203",
      "s" : "sell",
      "i" : "ORDIUSD-PERP",
      "m" : "4611686018430807544"
    }, {
      "d" : "1756461861960810854",
      "t" : 1756461861960,
      "tn" : 1756461861960810854,
      "q" : "0.1",
      "p" : "8.6214",
      "s" : "sell",
      "i" : "ORDIUSD-PERP",
      "m" : "4611686018430807543"
    }, {
      "d" : "1756461858011581961",
      "t" : 1756461858011,
      "tn" : 1756461858011581961,
      "q" : "0.1",
      "p" : "8.6236",
      "s" : "sell",
      "i" : "ORDIUSD-PERP",
      "m" : "4611686018430807542"
    }, {
      "d" : "1756461857369760756",
      "t" : 1756461857369,
      "tn" : 1756461857369760756,
      "q" : "0.1",
      "p" : "8.6247",
      "s" : "sell",
      "i" : "ORDIUSD-PERP",
      "m" : "4611686018430807541"
    }, {
      "d" : "1756461856313028465",
      "t" : 1756461856313,
      "tn" : 1756461856313028465,
      "q" : "0.1",
      "p" : "8.6259",
      "s" : "sell",
      "i" : "ORDIUSD-PERP",
      "m" : "4611686018430807540"
    }, {
      "d" : "1756461847959967603",
      "t" : 1756461847959,
      "tn" : 1756461847959967603,
      "q" : "0.1",
      "p" : "8.6248",
      "s" : "buy",
      "i" : "ORDIUSD-PERP",
      "m" : "4611686018430807539"
    }, {
      "d" : "1756461847847444385",
      "t" : 1756461847847,
      "tn" : 1756461847847444385,
      "q" : "0.1",
      "p" : "8.6247",
      "s" : "buy",
      "i" : "ORDIUSD-PERP",
      "m" : "4611686018430807538"
    }, {
      "d" : "1756461847737053373",
      "t" : 1756461847737,
      "tn" : 1756461847737053373,
      "q" : "0.1",
      "p" : "8.6245",
      "s" : "buy",
      "i" : "ORDIUSD-PERP",
      "m" : "4611686018430807537"
    }, {
      "d" : "1756461847628421675",
      "t" : 1756461847628,
      "tn" : 1756461847628421675,
      "q" : "0.1",
      "p" : "8.6234",
      "s" : "buy",
      "i" : "ORDIUSD-PERP",
      "m" : "4611686018430807536"
    }, {
      "d" : "1756461847390516020",
      "t" : 1756461847390,
      "tn" : 1756461847390516020,
      "q" : "0.1",
      "p" : "8.6213",
      "s" : "buy",
      "i" : "ORDIUSD-PERP",
      "m" : "4611686018430807535"
    }, {
      "d" : "1756461845435249663",
      "t" : 1756461845435,
      "tn" : 1756461845435249663,
      "q" : "0.1",
      "p" : "8.6223",
      "s" : "sell",
      "i" : "ORDIUSD-PERP",
      "m" : "4611686018430807534"
    }, {
      "d" : "1756461845321581623",
      "t" : 1756461845321,
      "tn" : 1756461845321581623,
      "q" : "0.1",
      "p" : "8.6224",
      "s" : "sell",
      "i" : "ORDIUSD-PERP",
      "m" : "4611686018430807533"
    }, {
      "d" : "1756461844017617840",
      "t" : 1756461844017,
      "tn" : 1756461844017617840,
      "q" : "0.1",
      "p" : "8.6224",
      "s" : "buy",
      "i" : "ORDIUSD-PERP",
      "m" : "4611686018430807532"
    }, {
      "d" : "1756461840685982250",
      "t" : 1756461840685,
      "tn" : 1756461840685982250,
      "q" : "0.1",
      "p" : "8.6232",
      "s" : "buy",
      "i" : "ORDIUSD-PERP",
      "m" : "4611686018430807531"
    }, {
      "d" : "1756461839082597276",
      "t" : 1756461839082,
      "tn" : 1756461839082597276,
      "q" : "0.1",
      "p" : "8.6211",
      "s" : "buy",
      "i" : "ORDIUSD-PERP",
      "m" : "4611686018430807530"
    }, {
      "d" : "1756461837746110084",
      "t" : 1756461837746,
      "tn" : 1756461837746110084,
      "q" : "0.1",
      "p" : "8.6229",
      "s" : "sell",
      "i" : "ORDIUSD-PERP",
      "m" : "4611686018430807529"
    }, {
      "d" : "1756461837740089898",
      "t" : 1756461837740,
      "tn" : 1756461837740089898,
      "q" : "0.1",
      "p" : "8.6242",
      "s" : "sell",
      "i" : "ORDIUSD-PERP",
      "m" : "4611686018430807528"
    }, {
      "d" : "1756461827895904035",
      "t" : 1756461827895,
      "tn" : 1756461827895904035,
      "q" : "0.1",
      "p" : "8.6231",
      "s" : "buy",
      "i" : "ORDIUSD-PERP",
      "m" : "4611686018430807527"
    }, {
      "d" : "1756461827744948916",
      "t" : 1756461827744,
      "tn" : 1756461827744948916,
      "q" : "0.1",
      "p" : "8.6210",
      "s" : "buy",
      "i" : "ORDIUSD-PERP",
      "m" : "4611686018430807526"
    }, {
      "d" : "1756461824677861418",
      "t" : 1756461824677,
      "tn" : 1756461824677861418,
      "q" : "0.1",
      "p" : "8.6211",
      "s" : "sell",
      "i" : "ORDIUSD-PERP",
      "m" : "4611686018430807525"
    }, {
      "d" : "1756461824672599517",
      "t" : 1756461824672,
      "tn" : 1756461824672599517,
      "q" : "0.1",
      "p" : "8.6220",
      "s" : "sell",
      "i" : "ORDIUSD-PERP",
      "m" : "4611686018430807524"
    }, {
      "d" : "1756461824533058568",
      "t" : 1756461824533,
      "tn" : 1756461824533058568,
      "q" : "0.1",
      "p" : "8.6232",
      "s" : "sell",
      "i" : "ORDIUSD-PERP",
      "m" : "4611686018430807523"
    }, {
      "d" : "1756461816856511127",
      "t" : 1756461816856,
      "tn" : 1756461816856511127,
      "q" : "0.1",
      "p" : "8.6253",
      "s" : "sell",
      "i" : "ORDIUSD-PERP",
      "m" : "4611686018430807522"
    }, {
      "d" : "1756461809626202480",
      "t" : 1756461809626,
      "tn" : 1756461809626202480,
      "q" : "0.1",
      "p" : "8.6284",
      "s" : "sell",
      "i" : "ORDIUSD-PERP",
      "m" : "4611686018430807521"
    }, {
      "d" : "1756461809512355567",
      "t" : 1756461809512,
      "tn" : 1756461809512355567,
      "q" : "0.1",
      "p" : "8.6306",
      "s" : "sell",
      "i" : "ORDIUSD-PERP",
      "m" : "4611686018430807520"
    }, {
      "d" : "1756461808947429954",
      "t" : 1756461808947,
      "tn" : 1756461808947429954,
      "q" : "0.1",
      "p" : "8.6317",
      "s" : "sell",
      "i" : "ORDIUSD-PERP",
      "m" : "4611686018430807519"
    }, {
      "d" : "1756461808704610184",
      "t" : 1756461808704,
      "tn" : 1756461808704610184,
      "q" : "0.1",
      "p" : "8.6329",
      "s" : "sell",
      "i" : "ORDIUSD-PERP",
      "m" : "4611686018430807518"
    }, {
      "d" : "1756461805882344280",
      "t" : 1756461805882,
      "tn" : 1756461805882344280,
      "q" : "0.1",
      "p" : "8.6350",
      "s" : "sell",
      "i" : "ORDIUSD-PERP",
      "m" : "4611686018430807517"
    }, {
      "d" : "1756461805136744918",
      "t" : 1756461805136,
      "tn" : 1756461805136744918,
      "q" : "0.1",
      "p" : "8.6361",
      "s" : "sell",
      "i" : "ORDIUSD-PERP",
      "m" : "4611686018430807516"
    }, {
      "d" : "1756461801638202367",
      "t" : 1756461801638,
      "tn" : 1756461801638202367,
      "q" : "0.1",
      "p" : "8.6361",
      "s" : "buy",
      "i" : "ORDIUSD-PERP",
      "m" : "4611686018430807515"
    }, {
      "d" : "1756461796938862781",
      "t" : 1756461796938,
      "tn" : 1756461796938862781,
      "q" : "0.1",
      "p" : "8.6371",
      "s" : "sell",
      "i" : "ORDIUSD-PERP",
      "m" : "4611686018430807514"
    }, {
      "d" : "1756461790904978429",
      "t" : 1756461790904,
      "tn" : 1756461790904978429,
      "q" : "0.1",
      "p" : "8.6393",
      "s" : "sell",
      "i" : "ORDIUSD-PERP",
      "m" : "4611686018430807513"
    }, {
      "d" : "1756461789510648055",
      "t" : 1756461789510,
      "tn" : 1756461789510648055,
      "q" : "0.1",
      "p" : "8.6404",
      "s" : "sell",
      "i" : "ORDIUSD-PERP",
      "m" : "4611686018430807512"
    }, {
      "d" : "1756461787113730121",
      "t" : 1756461787113,
      "tn" : 1756461787113730121,
      "q" : "0.1",
      "p" : "8.6384",
      "s" : "buy",
      "i" : "ORDIUSD-PERP",
      "m" : "4611686018430807511"
    }, {
      "d" : "1756461784320685317",
      "t" : 1756461784320,
      "tn" : 1756461784320685317,
      "q" : "0.1",
      "p" : "8.6372",
      "s" : "buy",
      "i" : "ORDIUSD-PERP",
      "m" : "4611686018430807510"
    }, {
      "d" : "1756461781566524143",
      "t" : 1756461781566,
      "tn" : 1756461781566524143,
      "q" : "0.1",
      "p" : "8.6351",
      "s" : "buy",
      "i" : "ORDIUSD-PERP",
      "m" : "4611686018430807509"
    }, {
      "d" : "1756461780344650874",
      "t" : 1756461780344,
      "tn" : 1756461780344650874,
      "q" : "0.1",
      "p" : "8.6371",
      "s" : "sell",
      "i" : "ORDIUSD-PERP",
      "m" : "4611686018430807508"
    }, {
      "d" : "1756461780039881115",
      "t" : 1756461780039,
      "tn" : 1756461780039881115,
      "q" : "0.1",
      "p" : "8.6383",
      "s" : "sell",
      "i" : "ORDIUSD-PERP",
      "m" : "4611686018430807507"
    }, {
      "d" : "1756461776595802023",
      "t" : 1756461776595,
      "tn" : 1756461776595802023,
      "q" : "0.1",
      "p" : "8.6372",
      "s" : "buy",
      "i" : "ORDIUSD-PERP",
      "m" : "4611686018430807506"
    }, {
      "d" : "1756461776464318860",
      "t" : 1756461776464,
      "tn" : 1756461776464318860,
      "q" : "0.1",
      "p" : "8.6361",
      "s" : "buy",
      "i" : "ORDIUSD-PERP",
      "m" : "4611686018430807505"
    }, {
      "d" : "1756461772666950939",
      "t" : 1756461772666,
      "tn" : 1756461772666950939,
      "q" : "0.1",
      "p" : "8.6371",
      "s" : "sell",
      "i" : "ORDIUSD-PERP",
      "m" : "4611686018430807504"
    }, {
      "d" : "1756461771756861437",
      "t" : 1756461771756,
      "tn" : 1756461771756861437,
      "q" : "0.1",
      "p" : "8.6383",
      "s" : "sell",
      "i" : "ORDIUSD-PERP",
      "m" : "4611686018430807503"
    }, {
      "d" : "1756461762020208005",
      "t" : 1756461762020,
      "tn" : 1756461762020208005,
      "q" : "0.1",
      "p" : "8.6394",
      "s" : "sell",
      "i" : "ORDIUSD-PERP",
      "m" : "4611686018430807502"
    }, {
      "d" : "1756461761250210998",
      "t" : 1756461761250,
      "tn" : 1756461761250210998,
      "q" : "0.1",
      "p" : "8.6396",
      "s" : "sell",
      "i" : "ORDIUSD-PERP",
      "m" : "4611686018430807501"
    }, {
      "d" : "1756461758357662970",
      "t" : 1756461758357,
      "tn" : 1756461758357662970,
      "q" : "0.1",
      "p" : "8.6407",
      "s" : "sell",
      "i" : "ORDIUSD-PERP",
      "m" : "4611686018430807500"
    }, {
      "d" : "1756461758246362673",
      "t" : 1756461758246,
      "tn" : 1756461758246362673,
      "q" : "0.1",
      "p" : "8.6408",
      "s" : "sell",
      "i" : "ORDIUSD-PERP",
      "m" : "4611686018430807499"
    }, {
      "d" : "1756461758131609896",
      "t" : 1756461758131,
      "tn" : 1756461758131609896,
      "q" : "0.1",
      "p" : "8.6410",
      "s" : "sell",
      "i" : "ORDIUSD-PERP",
      "m" : "4611686018430807498"
    }, {
      "d" : "1756461758015072961",
      "t" : 1756461758015,
      "tn" : 1756461758015072961,
      "q" : "0.1",
      "p" : "8.6421",
      "s" : "sell",
      "i" : "ORDIUSD-PERP",
      "m" : "4611686018430807497"
    } ]
  }
}