{
  "id" : -1,
  "method" : "public/get-trades",
  "code" : 0,
  "result" : {
    "data" : [ {
      "d" : "1756462006252701641",
      "t" : 1756462006252,
      "tn" : 1756462006252701641,
      "q" : "0.14",
      "p" : "8.6498",
      "s" : "buy",
      "i" : "ORDI_USD",
      "m" : "4611686018430681676"
    }, {
      "d" : "1756461665604586736",
      "t" : 1756461665604,
      "tn" : 1756461665604586736,
      "q" : "0.14",
      "p" : "8.6247",
      "s" : "sell",
      "i" : "ORDI_USD",
      "m" : "4611686018430681675"
    }, {
      "d" : "1756461663576806642",
      "t" : 1756461663576,
      "tn" : 1756461663576806642,
      "q" : "0.14",
      "p" : "8.6228",
      "s" : "buy",
      "i" : "ORDI_USD",
      "m" : "4611686018430681674"
    }, {
      "d" : "1756461660401042912",
      "t" : 1756461660401,
      "tn" : 1756461660401042912,
      "q" : "0.14",
      "p" : "8.6208",
      "s" : "buy",
      "i" : "ORDI_USD",
      "m" : "4611686018430681673"
    }, {
      "d" : "1756461610181112172",
      "t" : 1756461610181,
      "tn" : 1756461610181112172,
      "q" : "0.14",
      "p" : "8.6182",
      "s" : "sell",
      "i" : "ORDI_USD",
      "m" : "4611686018430681672"
    }, {
      "d" : "1756461609419882374",
      "t" : 1756461609419,
      "tn" : 1756461609419882374,
      "q" : "0.14",
      "p" : "8.6192",
      "s" : "sell",
      "i" : "ORDI_USD",
      "m" : "4611686018430681671"
    }, {
      "d" : "1756461593440782025",
      "t" : 1756461593440,
      "tn" : 1756461593440782025,
      "q" : "0.14",
      "p" : "8.6297",
      "s" : "sell",
      "i" : "ORDI_USD",
      "m" : "4611686018430681670"
    }, {
      "d" : "1756461060597915657",
      "t" : 1756461060597,
      "tn" : 1756461060597915657,
      "q" : "0.14",
      "p" : "8.6217",
      "s" : "sell",
      "i" : "ORDI_USD",
      "m" : "4611686018430681669"
    }, {
      "d" : "1756460656379954501",
      "t" : 1756460656379,
      "tn" : 1756460656379954501,
      "q" : "0.14",
      "p" : "8.6058",
      "s" : "buy",
      "i" : "ORDI_USD",
      "m" : "4611686018430681668"
    }, {
      "d" : "1756460425395412912",
      "t" : 1756460425395,
      "tn" : 1756460425395412912,
      "q" : "14.70",
      "p" : "8.5996",
      "s" : "sell",
      "i" : "ORDI_USD",
      "m" : "4611686018430681667"
    }, {
      "d" : "1756460425395411080",
      "t" : 1756460425395,
      "tn" : 1756460425395411080,
      "q" : "0.14",
      "p" : "8.6057",
      "s" : "sell",
      "i" : "ORDI_USD",
      "m" : "4611686018430681666"
    }, {
      "d" : "1756460167286497145",
      "t" : 1756460167286,
      "tn" : 1756460167286497145,
      "q" : "0.14",
      "p" : "8.5927",
      "s" : "sell",
      "i" : "ORDI_USD",
      "m" : "4611686018430681665"
    }, {
      "d" : "1756459878567990179",
      "t" : 1756459878567,
      "tn" : 1756459878567990179,
      "q" : "0.14",
      "p" : "8.6062",
      "s" : "sell",
      "i" : "ORDI_USD",
      "m" : "4611686018430681664"
    }, {
      "d" : "1756459878497141571",
      "t" : 1756459878497,
      "tn" : 1756459878497141571,
      "q" : "0.14",
      "p" : "8.6062",
      "s" : "sell",
      "i" : "ORDI_USD",
      "m" : "4611686018430681663"
    }, {
      "d" : "1756459863449769553",
      "t" : 1756459863449,
      "tn" : 1756459863449769553,
      "q" : "0.14",
      "p" : "8.6258",
      "s" : "buy",
      "i" : "ORDI_USD",
      "m" : "4611686018430681662"
    }, {
      "d" : "1756459763631678910",
      "t" : 1756459763631,
      "tn" : 1756459763631678910,
      "q" : "2.18",
      "p" : "8.6098",
      "s" : "sell",
      "i" : "ORDI_USD",
      "m" : "4611686018430681661"
    }, {
      "d" : "1756459760788837501",
      "t" : 1756459760788,
      "tn" : 1756459760788837501,
      "q" : "0.14",
      "p" : "8.6186",
      "s" : "sell",
      "i" : "ORDI_USD",
      "m" : "4611686018430681660"
    }, {
      "d" : "1756459757755853595",
      "t" : 1756459757755,
      "tn" : 1756459757755853595,
      "q" : "0.14",
      "p" : "8.6187",
      "s" : "sell",
      "i" : "ORDI_USD",
      "m" : "4611686018430681659"
    }, {
      "d" : "1756459741949462679",
      "t" : 1756459741949,
      "tn" : 1756459741949462679,
      "q" : "0.14",
      "p" : "8.6083",
      "s" : "buy",
      "i" : "ORDI_USD",
      "m" : "4611686018430681658"
    }, {
      "d" : "1756459401551387427",
      "t" : 1756459401551,
      "tn" : 1756459401551387427,
      "q" : "0.14",
      "p" : "8.6067",
      "s" : "sell",
      "i" : "ORDI_USD",
      "m" : "4611686018430681657"
    }, {
      "d" : "1756459401541492088",
      "t" : 1756459401541,
      "tn" : 1756459401541492088,
      "q" : "0.14",
      "p" : "8.6072",
      "s" : "sell",
      "i" : "ORDI_USD",
      "m" : "4611686018430681656"
    }, {
      "d" : "1756459401483531697",
      "t" : 1756459401483,
      "tn" : 1756459401483531697,
      "q" : "0.14",
      "p" : "8.6082",
      "s" : "sell",
      "i" : "ORDI_USD",
      "m" : "4611686018430681655"
    }, {
      "d" : "1756459401454883703",
      "t" : 1756459401454,
      "tn" : 1756459401454883703,
      "q" : "0.14",
      "p" : "8.6117",
      "s" : "sell",
      "i" : "ORDI_USD",
      "m" : "4611686018430681654"
    }, {
      "d" : "1756459262539297429",
      "t" : 1756459262539,
      "tn" : 1756459262539297429,
      "q" : "0.14",
      "p" : "8.6017",
      "s" : "sell",
      "i" : "ORDI_USD",
      "m" : "4611686018430681653"
    }, {
      "d" : "1756459200434014659",
      "t" : 1756459200434,
      "tn" : 1756459200434014659,
      "q" : "0.14",
      "p" : "8.5957",
      "s" : "sell",
      "i" : "ORDI_USD",
      "m" : "4611686018430681652"
    }, {
      "d" : "1756459200362601037",
      "t" : 1756459200362,
      "tn" : 1756459200362601037,
      "q" : "0.14",
      "p" : "8.5967",
      "s" : "sell",
      "i" : "ORDI_USD",
      "m" : "4611686018430681651"
    }, {
      "d" : "1756459120819038971",
      "t" : 1756459120819,
      "tn" : 1756459120819038971,
      "q" : "0.14",
      "p" : "8.5777",
      "s" : "sell",
      "i" : "ORDI_USD",
      "m" : "4611686018430681650"
    }, {
      "d" : "1756459000242943988",
      "t" : 1756459000242,
      "tn" : 1756459000242943988,
      "q" : "0.14",
      "p" : "8.5578",
      "s" : "buy",
      "i" : "ORDI_USD",
      "m" : "4611686018430681649"
    }, {
      "d" : "1756458556685457671",
      "t" : 1756458556685,
      "tn" : 1756458556685457671,
      "q" : "0.14",
      "p" : "8.5357",
      "s" : "sell",
      "i" : "ORDI_USD",
      "m" : "4611686018430681648"
    }, {
      "d" : "1756458457652628594",
      "t" : 1756458457652,
      "tn" : 1756458457652628594,
      "q" : "0.14",
      "p" : "8.5198",
      "s" : "buy",
      "i" : "ORDI_USD",
      "m" : "4611686018430681647"
    }, {
      "d" : "1756458268949559004",
      "t" : 1756458268949,
      "tn" : 1756458268949559004,
      "q" : "0.14",
      "p" : "8.5207",
      "s" : "sell",
      "i" : "ORDI_USD",
      "m" : "4611686018430681646"
    }, {
      "d" : "1756458130740296509",
      "t" : 1756458130740,
      "tn" : 1756458130740296509,
      "q" : "0.14",
      "p" : "8.5448",
      "s" : "buy",
      "i" : "ORDI_USD",
      "m" : "4611686018430681645"
    }, {
      "d" : "1756458112127689277",
      "t" : 1756458112127,
      "tn" : 1756458112127689277,
      "q" : "0.14",
      "p" : "8.5357",
      "s" : "sell",
      "i" : "ORDI_USD",
      "m" : "4611686018430681644"
    }, {
      "d" : "1756458039025127052",
      "t" : 1756458039025,
      "tn" : 1756458039025127052,
      "q" : "0.14",
      "p" : "8.5568",
      "s" : "buy",
      "i" : "ORDI_USD",
      "m" : "4611686018430681643"
    }, {
      "d" : "1756457975758120466",
      "t" : 1756457975758,
      "tn" : 1756457975758120466,
      "q" : "0.14",
      "p" : "8.5633",
      "s" : "buy",
      "i" : "ORDI_USD",
      "m" : "4611686018430681642"
    }, {
      "d" : "1756457930183807985",
      "t" : 1756457930183,
      "tn" : 1756457930183807985,
      "q" : "0.14",
      "p" : "8.5647",
      "s" : "sell",
      "i" : "ORDI_USD",
      "m" : "4611686018430681641"
    }, {
      "d" : "1756457930110736530",
      "t" : 1756457930110,
      "tn" : 1756457930110736530,
      "q" : "0.14",
      "p" : "8.5657",
      "s" : "sell",
      "i" : "ORDI_USD",
      "m" : "4611686018430681640"
    }, {
      "d" : "1756457863793124036",
      "t" : 1756457863793,
      "tn" : 1756457863793124036,
      "q" : "0.14",
      "p" : "8.5617",
      "s" : "sell",
      "i" : "ORDI_USD",
      "m" : "4611686018430681639"
    }, {
      "d" : "1756457833545235076",
      "t" : 1756457833545,
      "tn" : 1756457833545235076,
      "q" : "0.14",
      "p" : "8.5797",
      "s" : "sell",
      "i" : "ORDI_USD",
      "m" : "4611686018430681638"
    }, {
      "d" : "1756457661044050533",
      "t" : 1756457661044,
      "tn" : 1756457661044050533,
      "q" : "0.14",
      "p" : "8.6037",
      "s" : "sell",
      "i" : "ORDI_USD",
      "m" : "4611686018430681637"
    }, {
      "d" : "1756457590087447074",
      "t" : 1756457590087,
      "tn" : 1756457590087447074,
      "q" : "0.14",
      "p" : "8.6147",
      "s" : "sell",
      "i" : "ORDI_USD",
      "m" : "4611686018430681636"
    }, {
      "d" : "1756456218645322682",
      "t" : 1756456218645,
      "tn" : 1756456218645322682,
      "q" : "0.14",
      "p" : "8.6508",
      "s" : "buy",
      "i" : "ORDI_USD",
      "m" : "4611686018430681635"
    }, {
      "d" : "1756456108564313206",
      "t" : 1756456108564,
      "tn" : 1756456108564313206,
      "q" : "11.48",
      "p" : "8.6600",
      "s" : "sell",
      "i" : "ORDI_USD",
      "m" : "4611686018430681634"
    }, {
      "d" : "1756456059083470870",
      "t" : 1756456059083,
      "tn" : 1756456059083470870,
      "q" : "0.14",
      "p" : "8.6588",
      "s" : "buy",
      "i" : "ORDI_USD",
      "m" : "4611686018430681633"
    }, {
      "d" : "1756455312226450619",
      "t" : 1756455312226,
      "tn" : 1756455312226450619,
      "q" : "0.14",
      "p" : "8.6517",
      "s" : "buy",
      "i" : "ORDI_USD",
      "m" : "4611686018430681632"
    }, {
      "d" : "1756454473371935656",
      "t" : 1756454473371,
      "tn" : 1756454473371935656,
      "q" : "1.30",
      "p" : "8.6886",
      "s" : "buy",
      "i" : "ORDI_USD",
      "m" : "4611686018430681631"
    }, {
      "d" : "1756454470812121706",
      "t" : 1756454470812,
      "tn" : 1756454470812121706,
      "q" : "0.14",
      "p" : "8.6886",
      "s" : "sell",
      "i" : "ORDI_USD",
      "m" : "4611686018430681630"
    }, {
      "d" : "1756454467710472778",
      "t" : 1756454467710,
      "tn" : 1756454467710472778,
      "q" : "0.14",
      "p" : "8.6888",
      "s" : "sell",
      "i" : "ORDI_USD",
      "m" : "4611686018430681629"
    }, {
      "d" : "1756454464709791625",
      "t" : 1756454464709,
      "tn" : 1756454464709791625,
      "q" : "0.14",
      "p" : "8.6889",
      "s" : "sell",
      "i" : "ORDI_USD",
      "m" : "4611686018430681628"
    }, {
      "d" : "1756454461798007433",
      "t" : 1756454461798,
      "tn" : 1756454461798007433,
      "q" : "0.14",
      "p" : "8.6890",
      "s" : "sell",
      "i" : "ORDI_USD",
      "m" : "4611686018430681627"
    }, {
      "d" : "1756454459264260980",
      "t" : 1756454459264,
      "tn" : 1756454459264260980,
      "q" : "0.14",
      "p" : "8.6891",
      "s" : "sell",
      "i" : "ORDI_USD",
      "m" : "4611686018430681626"
    }, {
      "d" : "1756452698405372379",
      "t" : 1756452698405,
      "tn" : 1756452698405372379,
      "q" : "0.14",
      "p" : "8.7187",
      "s" : "buy",
      "i" : "ORDI_USD",
      "m" : "4611686018430681625"
    }, {
      "d" : "1756452684327211395",
      "t" : 1756452684327,
      "tn" : 1756452684327211395,
      "q" : "0.14",
      "p" : "8.7206",
      "s" : "sell",
      "i" : "ORDI_USD",
      "m" : "4611686018430681624"
    }, {
      "d" : "1756452503526502099",
      "t" : 1756452503526,
      "tn" : 1756452503526502099,
      "q" : "0.14",
      "p" : "8.7016",
      "s" : "sell",
      "i" : "ORDI_USD",
      "m" : "4611686018430681623"
    }, {
      "d" : "1756452449172513780",
      "t" : 1756452449172,
      "tn" : 1756452449172513780,
      "q" : "0.14",
      "p" : "8.6827",
      "s" : "buy",
      "i" : "ORDI_USD",
      "m" : "4611686018430681622"
    }, {
      "d" : "1756452088658155339",
      "t" : 1756452088658,
      "tn" : 1756452088658155339,
      "q" : "0.14",
      "p" : "8.7466",
      "s" : "sell",
      "i" : "ORDI_USD",
      "m" : "4611686018430681621"
    }, {
      "d" : "1756452001557501529",
      "t" : 1756452001557,
      "tn" : 1756452001557501529,
      "q" : "0.14",
      "p" : "8.7500",
      "s" : "sell",
      "i" : "ORDI_USD",
      "m" : "4611686018430681620"
    }, {
      "d" : "1756451959272415326",
      "t" : 1756451959272,
      "tn" : 1756451959272415326,
      "q" : "0.14",
      "p" : "8.7490",
      "s" : "sell",
      "i" : "ORDI_USD",
      "m" : "4611686018430681619"
    }, {
      "d" : "1756451956321347528",
      "t" : 1756451956321,
      "tn" : 1756451956321347528,
      "q" : "0.14",
      "p" : "8.7545",
      "s" : "sell",
      "i" : "ORDI_USD",
      "m" : "4611686018430681618"
    }, {
      "d" : "1756451953444282181",
      "t" : 1756451953444,
      "tn" : 1756451953444282181,
      "q" : "0.14",
      "p" : "8.7435",
      "s" : "sell",
      "i" : "ORDI_USD",
      "m" : "4611686018430681617"
    }, {
      "d" : "1756451943524293760",
      "t" : 1756451943524,
      "tn" : 1756451943524293760,
      "q" : "0.14",
      "p" : "8.7470",
      "s" : "sell",
      "i" : "ORDI_USD",
      "m" : "4611686018430681616"
    }, {
      "d" : "1756451847013510386",
      "t" : 1756451847013,
      "tn" : 1756451847013510386,
      "q" : "0.14",
      "p" : "8.7510",
      "s" : "sell",
      "i" : "ORDI_USD",
      "m" : "4611686018430681615"
    }, {
      "d" : "1756451846999612440",
      "t" : 1756451846999,
      "tn" : 1756451846999612440,
      "q" : "0.14",
      "p" : "8.7535",
      "s" : "sell",
      "i" : "ORDI_USD",
      "m" : "4611686018430681614"
    }, {
      "d" : "1756451783394934451",
      "t" : 1756451783394,
      "tn" : 1756451783394934451,
      "q" : "0.14",
      "p" : "8.7575",
      "s" : "sell",
      "i" : "ORDI_USD",
      "m" : "4611686018430681613"
    }, {
      "d" : "1756451758152977654",
      "t" : 1756451758152,
      "tn" : 1756451758152977654,
      "q" : "0.14",
      "p" : "8.7515",
      "s" : "sell",
      "i" : "ORDI_USD",
      "m" : "4611686018430681612"
    }, {
      "d" : "1756451757597305274",
      "t" : 1756451757597,
      "tn" : 1756451757597305274,
      "q" : "0.14",
      "p" : "8.7530",
      "s" : "sell",
      "i" : "ORDI_USD",
      "m" : "4611686018430681611"
    }, {
      "d" : "1756451723027144942",
      "t" : 1756451723027,
      "tn" : 1756451723027144942,
      "q" : "0.14",
      "p" : "8.7590",
      "s" : "sell",
      "i" : "ORDI_USD",
      "m" : "4611686018430681610"
    }, {
      "d" : "1756451702620980919",
      "t" : 1756451702620,
      "tn" : 1756451702620980919,
      "q" : "0.14",
      "p" : "8.7465",
      "s" : "sell",
      "i" : "ORDI_USD",
      "m" : "4611686018430681609"
    }, {
      "d" : "1756451700904409655",
      "t" : 1756451700904,
      "tn" : 1756451700904409655,
      "q" : "0.14",
      "p" : "8.7515",
      "s" : "sell",
      "i" : "ORDI_USD",
      "m" : "4611686018430681608"
    }, {
      "d" : "1756451668066082623",
      "t" : 1756451668066,
      "tn" : 1756451668066082623,
      "q" : "0.14",
      "p" : "8.7515",
      "s" : "sell",
      "i" : "ORDI_USD",
      "m" : "4611686018430681607"
    }, {
      "d" : "1756451665577173671",
      "t" : 1756451665577,
      "tn" : 1756451665577173671,
      "q" : "0.14",
      "p" : "8.7530",
      "s" : "sell",
      "i" : "ORDI_USD",
      "m" : "4611686018430681606"
    }, {
      "d" : "1756451650106986110",
      "t" : 1756451650106,
      "tn" : 1756451650106986110,
      "q" : "0.14",
      "p" : "8.7790",
      "s" : "sell",
      "i" : "ORDI_USD",
      "m" : "4611686018430681605"
    }, {
      "d" : "1756451620935556136",
      "t" : 1756451620935,
      "tn" : 1756451620935556136,
      "q" : "0.14",
      "p" : "8.7815",
      "s" : "sell",
      "i" : "ORDI_USD",
      "m" : "4611686018430681604"
    }, {
      "d" : "1756451619807229701",
      "t" : 1756451619807,
      "tn" : 1756451619807229701,
      "q" : "0.14",
      "p" : "8.7815",
      "s" : "sell",
      "i" : "ORDI_USD",
      "m" : "4611686018430681603"
    }, {
      "d" : "1756451612772192398",
      "t" : 1756451612772,
      "tn" : 1756451612772192398,
      "q" : "0.14",
      "p" : "8.7830",
      "s" : "sell",
      "i" : "ORDI_USD",
      "m" : "4611686018430681602"
    }, {
      "d" : "1756451550290899272",
      "t" : 1756451550290,
      "tn" : 1756451550290899272,
      "q" : "0.14",
      "p" : "8.8055",
      "s" : "sell",
      "i" : "ORDI_USD",
      "m" : "4611686018430681601"
    }, {
      "d" : "1756451496132664185",
      "t" : 1756451496132,
      "tn" : 1756451496132664185,
      "q" : "0.14",
      "p" : "8.8035",
      "s" : "sell",
      "i" : "ORDI_USD",
      "m" : "4611686018430681600"
    }, {
      "d" : "1756451493034395621",
      "t" : 1756451493034,
      "tn" : 1756451493034395621,
      "q" : "0.14",
      "p" : "8.8075",
      "s" : "sell",
      "i" : "ORDI_USD",
      "m" : "4611686018430681599"
    }, {
      "d" : "1756451470321975132",
      "t" : 1756451470321,
      "tn" : 1756451470321975132,
      "q" : "0.14",
      "p" : "8.8215",
      "s" : "sell",
      "i" : "ORDI_USD",
      "m" : "4611686018430681598"
    }, {
      "d" : "1756451423781224334",
      "t" : 1756451423781,
      "tn" : 1756451423781224334,
      "q" : "0.14",
      "p" : "8.8350",
      "s" : "sell",
      "i" : "ORDI_USD",
      "m" : "4611686018430681597"
    }, {
      "d" : "1756451366919423307",
      "t" : 1756451366919,
      "tn" : 1756451366919423307,
      "q" : "0.14",
      "p" : "8.8195",
      "s" : "sell",
      "i" : "ORDI_USD",
      "m" : "4611686018430681596"
    }, {
      "d" : "1756451366419383177",
      "t" : 1756451366419,
      "tn" : 1756451366419383177,
      "q" : "0.14",
      "p" : "8.8235",
      "s" : "sell",
      "i" : "ORDI_USD",
      "m" : "4611686018430681595"
    }, {
      "d" : "1756451365424065265",
      "t" : 1756451365424,
      "tn" : 1756451365424065265,
      "q" : "0.14",
      "p" : "8.8270",
      "s" : "sell",
      "i" : "ORDI_USD",
      "m" : "4611686018430681594"
    }, {
      "d" : "1756451364705369835",
      "t" : 1756451364705,
      "tn" : 1756451364705369835,
      "q" : "0.14",
      "p" : "8.8295",
      "s" : "sell",
      "i" : "ORDI_USD",
      "m" : "4611686018430681593"
    }, {
      "d" : "1756451354380159334",
      "t" : 1756451354380,
      "tn" : 1756451354380159334,
      "q" : "0.14",
      "p" : "8.8320",
      "s" : "sell",
      "i" : "ORDI_USD",
      "m" : "4611686018430681592"
    }, {
      "d" : "1756451292129094548",
      "t" : 1756451292129,
      "tn" : 1756451292129094548,
      "q" : "0.14",
      "p" : "8.8185",
      "s" : "sell",
      "i" : "ORDI_USD",
      "m" : "4611686018430681591"
    }, {
      "d" : "1756451270814456076",
      "t" : 1756451270814,
      "tn" : 1756451270814456076,
      "q" : "0.14",
      "p" : "8.8315",
      "s" : "sell",
      "i" : "ORDI_USD",
      "m" : "4611686018430681590"
    }, {
      "d" : "1756451266400993631",
      "t" : 1756451266400,
      "tn" : 1756451266400993631,
      "q" : "0.14",
      "p" : "8.8405",
      "s" : "sell",
      "i" : "ORDI_USD",
      "m" : "4611686018430681589"
    }, {
      "d" : "1756451255824033261",
      "t" : 1756451255824,
      "tn" : 1756451255824033261,
      "q" : "0.14",
      "p" : "8.8385",
      "s" : "sell",
      "i" : "ORDI_USD",
      "m" : "4611686018430681588"
    }, {
      "d" : "1756451116841051547",
      "t" : 1756451116841,
      "tn" : 1756451116841051547,
      "q" : "0.14",
      "p" : "8.8872",
      "s" : "buy",
      "i" : "ORDI_USD",
      "m" : "4611686018430681587"
    }, {
      "d" : "1756450997455993838",
      "t" : 1756450997455,
      "tn" : 1756450997455993838,
      "q" : "0.14",
      "p" : "8.8370",
      "s" : "sell",
      "i" : "ORDI_USD",
      "m" : "4611686018430681586"
    }, {
      "d" : "1756450972975090352",
      "t" : 1756450972975,
      "tn" : 1756450972975090352,
      "q" : "0.14",
      "p" : "8.8220",
      "s" : "sell",
      "i" : "ORDI_USD",
      "m" : "4611686018430681585"
    }, {
      "d" : "1756450969253748557",
      "t" : 1756450969253,
      "tn" : 1756450969253748557,
      "q" : "0.14",
      "p" : "8.8202",
      "s" : "sell",
      "i" : "ORDI_USD",
      "m" : "4611686018430681584"
    }, {
      "d" : "1756450969136802395",
      "t" : 1756450969136,
      "tn" : 1756450969136802395,
      "q" : "34.44",
      "p" : "8.8271",
      "s" : "sell",
      "i" : "ORDI_USD",
      "m" : "4611686018430681583"
    }, {
      "d" : "1756450969136691449",
      "t" : 1756450969136,
      "tn" : 1756450969136691449,
      "q" : "0.14",
      "p" : "8.8365",
      "s" : "sell",
      "i" : "ORDI_USD",
      "m" : "4611686018430681582"
    }, {
      "d" : "1756450969133861866",
      "t" : 1756450969133,
      "tn" : 1756450969133861866,
      "q" : "0.14",
      "p" : "8.8375",
      "s" : "sell",
      "i" : "ORDI_USD",
      "m" : "4611686018430681581"
    }, {
      "d" : "1756450966186501596",
      "t" : 1756450966186,
      "tn" : 1756450966186501596,
      "q" : "0.14",
      "p" : "8.8430",
      "s" : "sell",
      "i" : "ORDI_USD",
      "m" : "4611686018430681580"
    }, {
      "d" : "1756450962699783401",
      "t" : 1756450962699,
      "tn" : 1756450962699783401,
      "q" : "13.49",
      "p" : "8.8321",
      "s" : "sell",
      "i" : "ORDI_USD",
      "m" : "4611686018430681579"
    }, {
      "d" : "1756450962699781227",
      "t" : 1756450962699,
      "tn" : 1756450962699781227,
      "q" : "0.14",
      "p" : "8.8425",
      "s" : "sell",
      "i" : "ORDI_USD",
      "m" : "4611686018430681578"
    }, {
      "d" : "1756450961038082601",
      "t" : 1756450961038,
      "tn" : 1756450961038082601,
      "q" : "0.14",
      "p" : "8.8440",
      "s" : "sell",
      "i" : "ORDI_USD",
      "m" : "4611686018430681577"
    }, {
      "d" : "1756450960059509194",
      "t" : 1756450960059,
      "tn" : 1756450960059509194,
      "q" : "0.14",
      "p" : "8.8454",
      "s" : "sell",
      "i" : "ORDI_USD",
      "m" : "4611686018430681576"
    }, {
      "d" : "1756450959706309910",
      "t" : 1756450959706,
      "tn" : 1756450959706309910,
      "q" : "0.14",
      "p" : "8.8455",
      "s" : "sell",
      "i" : "ORDI_USD",
      "m" : "4611686018430681575"
    }, {
      "d" : "1756450956807616965",
      "t" : 1756450956807,
      "tn" : 1756450956807616965,
      "q" : "0.14",
      "p" : "8.8460",
      "s" : "sell",
      "i" : "ORDI_USD",
      "m" : "4611686018430681574"
    }, {
      "d" : "1756450952593001956",
      "t" : 1756450952593,
      "tn" : 1756450952593001956,
      "q" : "0.14",
      "p" : "8.8460",
      "s" : "sell",
      "i" : "ORDI_USD",
      "m" : "4611686018430681573"
    }, {
      "d" : "1756450952087985135",
      "t" : 1756450952087,
      "tn" : 1756450952087985135,
      "q" : "0.14",
      "p" : "8.8465",
      "s" : "sell",
      "i" : "ORDI_USD",
      "m" : "4611686018430681572"
    }, {
      "d" : "1756450946851031273",
      "t" : 1756450946851,
      "tn" : 1756450946851031273,
      "q" : "0.14",
      "p" : "8.8587",
      "s" : "sell",
      "i" : "ORDI_USD",
      "m" : "4611686018430681571"
    }, {
      "d" : "1756450945788424158",
      "t" : 1756450945788,
      "tn" : 1756450945788424158,
      "q" : "0.14",
      "p" : "8.8776",
      "s" : "sell",
      "i" : "ORDI_USD",
      "m" : "4611686018430681570"
    }, {
      "d" : "1756450929876940965",
      "t" : 1756450929876,
      "tn" : 1756450929876940965,
      "q" : "0.14",
      "p" : "8.8806",
      "s" : "sell",
      "i" : "ORDI_USD",
      "m" : "4611686018430681569"
    }, {
      "d" : "1756450922599126219",
      "t" : 1756450922599,
      "tn" : 1756450922599126219,
      "q" : "0.14",
      "p" : "8.8836",
      "s" : "sell",
      "i" : "ORDI_USD",
      "m" : "4611686018430681568"
    }, {
      "d" : "1756450916663047194",
      "t" : 1756450916663,
      "tn" : 1756450916663047194,
      "q" : "0.14",
      "p" : "8.8876",
      "s" : "sell",
      "i" : "ORDI_USD",
      "m" : "4611686018430681567"
    }, {
      "d" : "1756450908663979097",
      "t" : 1756450908663,
      "tn" : 1756450908663979097,
      "q" : "0.14",
      "p" : "8.8866",
      "s" : "sell",
      "i" : "ORDI_USD",
      "m" : "4611686018430681566"
    }, {
      "d" : "1756450907606963427",
      "t" : 1756450907606,
      "tn" : 1756450907606963427,
      "q" : "0.14",
      "p" : "8.8886",
      "s" : "sell",
      "i" : "ORDI_USD",
      "m" : "4611686018430681565"
    }, {
      "d" : "1756450904440455908",
      "t" : 1756450904440,
      "tn" : 1756450904440455908,
      "q" : "0.14",
      "p" : "8.8856",
      "s" : "sell",
      "i" : "ORDI_USD",
      "m" : "4611686018430681564"
    }, {
      "d" : "1756450902315463283",
      "t" : 1756450902315,
      "tn" : 1756450902315463283,
      "q" : "0.14",
      "p" : "8.8771",
      "s" : "sell",
      "i" : "ORDI_USD",
      "m" : "4611686018430681563"
    }, {
      "d" : "1756450899117410896",
      "t" : 1756450899117,
      "tn" : 1756450899117410896,
      "q" : "0.14",
      "p" : "8.8811",
      "s" : "sell",
      "i" : "ORDI_USD",
      "m" : "4611686018430681562"
    }, {
      "d" : "1756450898522664115",
      "t" : 1756450898522,
      "tn" : 1756450898522664115,
      "q" : "0.14",
      "p" : "8.8846",
      "s" : "sell",
      "i" : "ORDI_USD",
      "m" : "4611686018430681561"
    }, {
      "d" : "1756450897044220175",
      "t" : 1756450897044,
      "tn" : 1756450897044220175,
      "q" : "0.14",
      "p" : "8.9056",
      "s" : "sell",
      "i" : "ORDI_USD",
      "m" : "4611686018430681560"
    }, {
      "d" : "1756450896377264749",
      "t" : 1756450896377,
      "tn" : 1756450896377264749,
      "q" : "0.14",
      "p" : "8.9066",
      "s" : "sell",
      "i" : "ORDI_USD",
      "m" : "4611686018430681559"
    }, {
      "d" : "1756450893899357051",
      "t" : 1756450893899,
      "tn" : 1756450893899357051,
      "q" : "0.14",
      "p" : "8.9076",
      "s" : "sell",
      "i" : "ORDI_USD",
      "m" : "4611686018430681558"
    }, {
      "d" : "1756450893233135990",
      "t" : 1756450893233,
      "tn" : 1756450893233135990,
      "q" : "0.14",
      "p" : "8.9136",
      "s" : "sell",
      "i" : "ORDI_USD",
      "m" : "4611686018430681557"
    }, {
      "d" : "1756450889043504309",
      "t" : 1756450889043,
      "tn" : 1756450889043504309,
      "q" : "0.14",
      "p" : "8.9161",
      "s" : "sell",
      "i" : "ORDI_USD",
      "m" : "4611686018430681556"
    }, {
      "d" : "1756450886671140592",
      "t" : 1756450886671,
      "tn" : 1756450886671140592,
      "q" : "0.14",
      "p" : "8.9186",
      "s" : "sell",
      "i" : "ORDI_USD",
      "m" : "4611686018430681555"
    }, {
      "d" : "1756450885676513925",
      "t" : 1756450885676,
      "tn" : 1756450885676513925,
      "q" : "0.14",
      "p" : "8.9216",
      "s" : "sell",
      "i" : "ORDI_USD",
      "m" : "4611686018430681554"
    }, {
      "d" : "1756450885326838283",
      "t" : 1756450885326,
      "tn" : 1756450885326838283,
      "q" : "0.14",
      "p" : "8.9241",
      "s" : "sell",
      "i" : "ORDI_USD",
      "m" : "4611686018430681553"
    }, {
      "d" : "1756450885278276297",
      "t" : 1756450885278,
      "tn" : 1756450885278276297,
      "q" : "0.14",
      "p" : "8.9241",
      "s" : "sell",
      "i" : "ORDI_USD",
      "m" : "4611686018430681552"
    }, {
      "d" : "1756450873332570339",
      "t" : 1756450873332,
      "tn" : 1756450873332570339,
      "q" : "0.14",
      "p" : "8.9326",
      "s" : "sell",
      "i" : "ORDI_USD",
      "m" : "4611686018430681551"
    }, {
      "d" : "1756450760366456046",
      "t" : 1756450760366,
      "tn" : 1756450760366456046,
      "q" : "0.14",
      "p" : "8.9392",
      "s" : "sell",
      "i" : "ORDI_USD",
      "m" : "4611686018430681550"
    }, {
      "d" : "1756450699348278514",
      "t" : 1756450699348,
      "tn" : 1756450699348278514,
      "q" : "0.14",
      "p" : "8.9437",
      "s" : "sell",
      "i" : "ORDI_USD",
      "m" : "4611686018430681549"
    }, {
      "d" : "1756450657951921556",
      "t" : 1756450657951,
      "tn" : 1756450657951921556,
      "q" : "0.14",
      "p" : "8.9467",
      "s" : "sell",
      "i" : "ORDI_USD",
      "m" : "4611686018430681548"
    }, {
      "d" : "1756450354892718851",
      "t" : 1756450354892,
      "tn" : 1756450354892718851,
      "q" : "0.14",
      "p" : "8.9723",
      "s" : "buy",
      "i" : "ORDI_USD",
      "m" : "4611686018430681547"
    }, {
      "d" : "1756450302092383298",
      "t" : 1756450302092,
      "tn" : 1756450302092383298,
      "q" : "0.14",
      "p" : "8.9732",
      "s" : "sell",
      "i" : "ORDI_USD",
      "m" : "4611686018430681546"
    }, {
      "d" : "1756450235385742581",
      "t" : 1756450235385,
      "tn" : 1756450235385742581,
      "q" : "0.14",
      "p" : "8.9683",
      "s" : "buy",
      "i" : "ORDI_USD",
      "m" : "4611686018430681545"
    }, {
      "d" : "1756450162023906845",
      "t" : 1756450162023,
      "tn" : 1756450162023906845,
      "q" : "0.14",
      "p" : "8.9812",
      "s" : "sell",
      "i" : "ORDI_USD",
      "m" : "4611686018430681544"
    }, {
      "d" : "1756450150922022688",
      "t" : 1756450150922,
      "tn" : 1756450150922022688,
      "q" : "0.14",
      "p" : "8.9867",
      "s" : "sell",
      "i" : "ORDI_USD",
      "m" : "4611686018430681543"
    }, {
      "d" : "1756450109903150016",
      "t" : 1756450109903,
      "tn" : 1756450109903150016,
      "q" : "0.14",
      "p" : "8.9997",
      "s" : "sell",
      "i" : "ORDI_USD",
      "m" : "4611686018430681542"
    }, {
      "d" : "1756450108453440172",
      "t" : 1756450108453,
      "tn" : 1756450108453440172,
      "q" : "0.14",
      "p" : "9.0012",
      "s" : "sell",
      "i" : "ORDI_USD",
      "m" : "4611686018430681541"
    }, {
      "d" : "1756450099287017122",
      "t" : 1756450099287,
      "tn" : 1756450099287017122,
      "q" : "0.14",
      "p" : "9.0052",
      "s" : "sell",
      "i" : "ORDI_USD",
      "m" : "4611686018430681540"
    }, {
      "d" : "1756450094348903998",
      "t" : 1756450094348,
      "tn" : 1756450094348903998,
      "q" : "0.14",
      "p" : "9.0052",
      "s" : "sell",
      "i" : "ORDI_USD",
      "m" : "4611686018430681539"
    }, {
      "d" : "1756450092833608745",
      "t" : 1756450092833,
      "tn" : 1756450092833608745,
      "q" : "0.14",
      "p" : "9.0082",
      "s" : "sell",
      "i" : "ORDI_USD",
      "m" : "4611686018430681538"
    }, {
      "d" : "1756450091574510222",
      "t" : 1756450091574,
      "tn" : 1756450091574510222,
      "q" : "0.14",
      "p" : "9.0092",
      "s" : "sell",
      "i" : "ORDI_USD",
      "m" : "4611686018430681537"
    }, {
      "d" : "1756450079431777063",
      "t" : 1756450079431,
      "tn" : 1756450079431777063,
      "q" : "0.14",
      "p" : "9.0057",
      "s" : "sell",
      "i" : "ORDI_USD",
      "m" : "4611686018430681536"
    }, {
      "d" : "1756450062670652801",
      "t" : 1756450062670,
      "tn" : 1756450062670652801,
      "q" : "0.14",
      "p" : "8.9962",
      "s" : "sell",
      "i" : "ORDI_USD",
      "m" : "4611686018430681535"
    }, {
      "d" : "1756450059902672724",
      "t" : 1756450059902,
      "tn" : 1756450059902672724,
      "q" : "0.14",
      "p" : "8.9982",
      "s" : "sell",
      "i" : "ORDI_USD",
      "m" : "4611686018430681534"
    }, {
      "d" : "1756450039678205470",
      "t" : 1756450039678,
      "tn" : 1756450039678205470,
      "q" : "0.14",
      "p" : "8.9892",
      "s" : "sell",
      "i" : "ORDI_USD",
      "m" : "4611686018430681533"
    }, {
      "d" : "1756450024529954033",
      "t" : 1756450024529,
      "tn" : 1756450024529954033,
      "q" : "0.14",
      "p" : "8.9838",
      "s" : "buy",
      "i" : "ORDI_USD",
      "m" : "4611686018430681532"
    }, {
      "d" : "1756450010813503818",
      "t" : 1756450010813,
      "tn" : 1756450010813503818,
      "q" : "0.14",
      "p" : "8.9762",
      "s" : "sell",
      "i" : "ORDI_USD",
      "m" : "4611686018430681531"
    }, {
      "d" : "1756449958488154219",
      "t" : 1756449958488,
      "tn" : 1756449958488154219,
      "q" : "0.14",
      "p" : "8.9722",
      "s" : "sell",
      "i" : "ORDI_USD",
      "m" : "4611686018430681530"
    }, {
      "d" : "1756449929255113004",
      "t" : 1756449929255,
      "tn" : 1756449929255113004,
      "q" : "0.14",
      "p" : "8.9717",
      "s" : "sell",
      "i" : "ORDI_USD",
      "m" : "4611686018430681529"
    }, {
      "d" : "1756449906018044609",
      "t" : 1756449906018,
      "tn" : 1756449906018044609,
      "q" : "0.14",
      "p" : "8.9722",
      "s" : "sell",
      "i" : "ORDI_USD",
      "m" : "4611686018430681528"
    }, {
      "d" : "1756449901692055945",
      "t" : 1756449901692,
      "tn" : 1756449901692055945,
      "q" : "0.14",
      "p" : "8.9737",
      "s" : "sell",
      "i" : "ORDI_USD",
      "m" : "4611686018430681527"
    } ]
  }
}