{
  "id" : -1,
  "method" : "public/get-trades",
  "code" : 0,
  "result" : {
    "data" : [ {
      "d" : "1756461431563268557",
      "t" : 1756461431563,
      "tn" : 1756461431563268557,
      "q" : "239.5",
      "p" : "0.1642",
      "s" : "buy",
      "i" : "OSMO_USD",
      "m" : "4611686018430069905"
    }, {
      "d" : "1756459402785499174",
      "t" : 1756459402785,
      "tn" : 1756459402785499174,
      "q" : "1541.6",
      "p" : "0.1646",
      "s" : "sell",
      "i" : "OSMO_USD",
      "m" : "4611686018430069904"
    }, {
      "d" : "1756456255868332946",
      "t" : 1756456255868,
      "tn" : 1756456255868332946,
      "q" : "18.0",
      "p" : "0.1648",
      "s" : "sell",
      "i" : "OSMO_USD",
      "m" : "4611686018430069903"
    }, {
      "d" : "1756455320270212356",
      "t" : 1756455320270,
      "tn" : 1756455320270212356,
      "q" : "281.4",
      "p" : "0.1646",
      "s" : "sell",
      "i" : "OSMO_USD",
      "m" : "4611686018430069902"
    }, {
      "d" : "1756453867802012555",
      "t" : 1756453867802,
      "tn" : 1756453867802012555,
      "q" : "484.0",
      "p" : "0.1669",
      "s" : "buy",
      "i" : "OSMO_USD",
      "m" : "4611686018430069901"
    }, {
      "d" : "1756452726635662388",
      "t" : 1756452726635,
      "tn" : 1756452726635662388,
      "q" : "200.0",
      "p" : "0.1669",
      "s" : "sell",
      "i" : "OSMO_USD",
      "m" : "4611686018430069900"
    }, {
      "d" : "1756450408419773497",
      "t" : 1756450408419,
      "tn" : 1756450408419773497,
      "q" : "114.8",
      "p" : "0.1691",
      "s" : "buy",
      "i" : "OSMO_USD",
      "m" : "4611686018430069899"
    }, {
      "d" : "1756449968458809970",
      "t" : 1756449968458,
      "tn" : 1756449968458809970,
      "q" : "0.1",
      "p" : "0.1700",
      "s" : "sell",
      "i" : "OSMO_USD",
      "m" : "4611686018430069898"
    }, {
      "d" : "1756449968458529235",
      "t" : 1756449968458,
      "tn" : 1756449968458529235,
      "q" : "169.9",
      "p" : "0.1700",
      "s" : "sell",
      "i" : "OSMO_USD",
      "m" : "4611686018430069897"
    }, {
      "d" : "1756447667099881520",
      "t" : 1756447667099,
      "tn" : 1756447667099881520,
      "q" : "567.4",
      "p" : "0.1708",
      "s" : "sell",
      "i" : "OSMO_USD",
      "m" : "4611686018430069896"
    }, {
      "d" : "1756447194180578440",
      "t" : 1756447194180,
      "tn" : 1756447194180578440,
      "q" : "15.0",
      "p" : "0.1712",
      "s" : "sell",
      "i" : "OSMO_USD",
      "m" : "4611686018430069895"
    }, {
      "d" : "1756446063803827551",
      "t" : 1756446063803,
      "tn" : 1756446063803827551,
      "q" : "85.7",
      "p" : "0.1710",
      "s" : "sell",
      "i" : "OSMO_USD",
      "m" : "4611686018430069894"
    }, {
      "d" : "1756445368356520295",
      "t" : 1756445368356,
      "tn" : 1756445368356520295,
      "q" : "80.0",
      "p" : "0.1702",
      "s" : "buy",
      "i" : "OSMO_USD",
      "m" : "4611686018430069893"
    }, {
      "d" : "1756445275170325989",
      "t" : 1756445275170,
      "tn" : 1756445275170325989,
      "q" : "265.7",
      "p" : "0.1704",
      "s" : "buy",
      "i" : "OSMO_USD",
      "m" : "4611686018430069892"
    }, {
      "d" : "1756444450878025409",
      "t" : 1756444450878,
      "tn" : 1756444450878025409,
      "q" : "576.0",
      "p" : "0.1715",
      "s" : "sell",
      "i" : "OSMO_USD",
      "m" : "4611686018430069891"
    }, {
      "d" : "1756441123556103023",
      "t" : 1756441123556,
      "tn" : 1756441123556103023,
      "q" : "19.6",
      "p" : "0.1716",
      "s" : "sell",
      "i" : "OSMO_USD",
      "m" : "4611686018430069890"
    }, {
      "d" : "1756440632169189997",
      "t" : 1756440632169,
      "tn" : 1756440632169189997,
      "q" : "23.0",
      "p" : "0.1710",
      "s" : "buy",
      "i" : "OSMO_USD",
      "m" : "4611686018430069889"
    }, {
      "d" : "1756440064706101382",
      "t" : 1756440064706,
      "tn" : 1756440064706101382,
      "q" : "139.9",
      "p" : "0.1721",
      "s" : "sell",
      "i" : "OSMO_USD",
      "m" : "4611686018430069888"
    }, {
      "d" : "1756440064701202118",
      "t" : 1756440064701,
      "tn" : 1756440064701202118,
      "q" : "819.0",
      "p" : "0.1721",
      "s" : "sell",
      "i" : "OSMO_USD",
      "m" : "4611686018430069887"
    }, {
      "d" : "1756439358013323166",
      "t" : 1756439358013,
      "tn" : 1756439358013323166,
      "q" : "330.4",
      "p" : "0.1721",
      "s" : "sell",
      "i" : "OSMO_USD",
      "m" : "4611686018430069886"
    }, {
      "d" : "1756434902506351044",
      "t" : 1756434902506,
      "tn" : 1756434902506351044,
      "q" : "15.9",
      "p" : "0.1730",
      "s" : "sell",
      "i" : "OSMO_USD",
      "m" : "4611686018430069885"
    }, {
      "d" : "1756434655784247268",
      "t" : 1756434655784,
      "tn" : 1756434655784247268,
      "q" : "204.8",
      "p" : "0.1734",
      "s" : "sell",
      "i" : "OSMO_USD",
      "m" : "4611686018430069884"
    }, {
      "d" : "1756434655780621304",
      "t" : 1756434655780,
      "tn" : 1756434655780621304,
      "q" : "1429.9",
      "p" : "0.1734",
      "s" : "sell",
      "i" : "OSMO_USD",
      "m" : "4611686018430069883"
    }, {
      "d" : "1756432607202411986",
      "t" : 1756432607202,
      "tn" : 1756432607202411986,
      "q" : "154.8",
      "p" : "0.1728",
      "s" : "buy",
      "i" : "OSMO_USD",
      "m" : "4611686018430069882"
    }, {
      "d" : "1756431709941192462",
      "t" : 1756431709941,
      "tn" : 1756431709941192462,
      "q" : "47.9",
      "p" : "0.1732",
      "s" : "sell",
      "i" : "OSMO_USD",
      "m" : "4611686018430069881"
    }, {
      "d" : "1756430486356821440",
      "t" : 1756430486356,
      "tn" : 1756430486356821440,
      "q" : "481.0",
      "p" : "0.1713",
      "s" : "sell",
      "i" : "OSMO_USD",
      "m" : "4611686018430069880"
    }, {
      "d" : "1756430486356700127",
      "t" : 1756430486356,
      "tn" : 1756430486356700127,
      "q" : "394.6",
      "p" : "0.1713",
      "s" : "sell",
      "i" : "OSMO_USD",
      "m" : "4611686018430069879"
    }, {
      "d" : "1756428957432531804",
      "t" : 1756428957432,
      "tn" : 1756428957432531803,
      "q" : "249.9",
      "p" : "0.1728",
      "s" : "sell",
      "i" : "OSMO_USD",
      "m" : "4611686018430069878"
    }, {
      "d" : "1756428957432531803",
      "t" : 1756428957432,
      "tn" : 1756428957432531803,
      "q" : "244.9",
      "p" : "0.1728",
      "s" : "sell",
      "i" : "OSMO_USD",
      "m" : "4611686018430069878"
    }, {
      "d" : "1756428957432528319",
      "t" : 1756428957432,
      "tn" : 1756428957432528318,
      "q" : "2610.4",
      "p" : "0.1729",
      "s" : "sell",
      "i" : "OSMO_USD",
      "m" : "4611686018430069877"
    }, {
      "d" : "1756428957432528318",
      "t" : 1756428957432,
      "tn" : 1756428957432528318,
      "q" : "867.5",
      "p" : "0.1729",
      "s" : "sell",
      "i" : "OSMO_USD",
      "m" : "4611686018430069877"
    }, {
      "d" : "1756428492644036376",
      "t" : 1756428492644,
      "tn" : 1756428492644036376,
      "q" : "668.8",
      "p" : "0.1734",
      "s" : "buy",
      "i" : "OSMO_USD",
      "m" : "4611686018430069876"
    }, {
      "d" : "1756428492644034454",
      "t" : 1756428492644,
      "tn" : 1756428492644034454,
      "q" : "206.2",
      "p" : "0.1733",
      "s" : "buy",
      "i" : "OSMO_USD",
      "m" : "4611686018430069875"
    }, {
      "d" : "1756425698353075733",
      "t" : 1756425698353,
      "tn" : 1756425698353075733,
      "q" : "131.1",
      "p" : "0.1746",
      "s" : "buy",
      "i" : "OSMO_USD",
      "m" : "4611686018430069874"
    }, {
      "d" : "1756425698351940997",
      "t" : 1756425698351,
      "tn" : 1756425698351940997,
      "q" : "206.1",
      "p" : "0.1746",
      "s" : "buy",
      "i" : "OSMO_USD",
      "m" : "4611686018430069873"
    }, {
      "d" : "1756425698349986166",
      "t" : 1756425698349,
      "tn" : 1756425698349986166,
      "q" : "206.1",
      "p" : "0.1746",
      "s" : "buy",
      "i" : "OSMO_USD",
      "m" : "4611686018430069872"
    }, {
      "d" : "1756425197455750630",
      "t" : 1756425197455,
      "tn" : 1756425197455750630,
      "q" : "107.5",
      "p" : "0.1741",
      "s" : "buy",
      "i" : "OSMO_USD",
      "m" : "4611686018430069871"
    }, {
      "d" : "1756424552955138171",
      "t" : 1756424552955,
      "tn" : 1756424552955138171,
      "q" : "5.1",
      "p" : "0.1744",
      "s" : "sell",
      "i" : "OSMO_USD",
      "m" : "4611686018430069870"
    }, {
      "d" : "1756424552954943395",
      "t" : 1756424552954,
      "tn" : 1756424552954943395,
      "q" : "13.8",
      "p" : "0.1744",
      "s" : "sell",
      "i" : "OSMO_USD",
      "m" : "4611686018430069869"
    }, {
      "d" : "1756423680768588366",
      "t" : 1756423680768,
      "tn" : 1756423680768588366,
      "q" : "3019.4",
      "p" : "0.1733",
      "s" : "buy",
      "i" : "OSMO_USD",
      "m" : "4611686018430069868"
    }, {
      "d" : "1756422969847769581",
      "t" : 1756422969847,
      "tn" : 1756422969847769581,
      "q" : "17.5",
      "p" : "0.1741",
      "s" : "sell",
      "i" : "OSMO_USD",
      "m" : "4611686018430069867"
    }, {
      "d" : "1756422969842823372",
      "t" : 1756422969842,
      "tn" : 1756422969842823372,
      "q" : "19.8",
      "p" : "0.1741",
      "s" : "sell",
      "i" : "OSMO_USD",
      "m" : "4611686018430069866"
    }, {
      "d" : "1756422169232247533",
      "t" : 1756422169232,
      "tn" : 1756422169232247533,
      "q" : "701.5",
      "p" : "0.1741",
      "s" : "sell",
      "i" : "OSMO_USD",
      "m" : "4611686018430069865"
    }, {
      "d" : "1756422165995468929",
      "t" : 1756422165995,
      "tn" : 1756422165995468929,
      "q" : "45.1",
      "p" : "0.1743",
      "s" : "sell",
      "i" : "OSMO_USD",
      "m" : "4611686018430069864"
    }, {
      "d" : "1756421682434510254",
      "t" : 1756421682434,
      "tn" : 1756421682434510254,
      "q" : "0.1",
      "p" : "0.1737",
      "s" : "sell",
      "i" : "OSMO_USD",
      "m" : "4611686018430069863"
    }, {
      "d" : "1756421682431871815",
      "t" : 1756421682431,
      "tn" : 1756421682431871815,
      "q" : "699.6",
      "p" : "0.1737",
      "s" : "sell",
      "i" : "OSMO_USD",
      "m" : "4611686018430069862"
    }, {
      "d" : "1756419673775382870",
      "t" : 1756419673775,
      "tn" : 1756419673775382870,
      "q" : "43.5",
      "p" : "0.1717",
      "s" : "buy",
      "i" : "OSMO_USD",
      "m" : "4611686018430069861"
    }, {
      "d" : "1756418830675471026",
      "t" : 1756418830675,
      "tn" : 1756418830675471026,
      "q" : "392.0",
      "p" : "0.1713",
      "s" : "buy",
      "i" : "OSMO_USD",
      "m" : "4611686018430069860"
    }, {
      "d" : "1756418420067654878",
      "t" : 1756418420067,
      "tn" : 1756418420067654878,
      "q" : "383.5",
      "p" : "0.1710",
      "s" : "buy",
      "i" : "OSMO_USD",
      "m" : "4611686018430069859"
    }, {
      "d" : "1756413511719572279",
      "t" : 1756413511719,
      "tn" : 1756413511719572279,
      "q" : "200.0",
      "p" : "0.1671",
      "s" : "sell",
      "i" : "OSMO_USD",
      "m" : "4611686018430069858"
    }, {
      "d" : "1756412887228185272",
      "t" : 1756412887228,
      "tn" : 1756412887228185272,
      "q" : "221.3",
      "p" : "0.1670",
      "s" : "sell",
      "i" : "OSMO_USD",
      "m" : "4611686018430069857"
    }, {
      "d" : "1756412710090821908",
      "t" : 1756412710090,
      "tn" : 1756412710090821908,
      "q" : "470.2",
      "p" : "0.1669",
      "s" : "buy",
      "i" : "OSMO_USD",
      "m" : "4611686018430069856"
    }, {
      "d" : "1756411881724760612",
      "t" : 1756411881724,
      "tn" : 1756411881724760612,
      "q" : "256.0",
      "p" : "0.1670",
      "s" : "buy",
      "i" : "OSMO_USD",
      "m" : "4611686018430069855"
    }, {
      "d" : "1756411390652862380",
      "t" : 1756411390652,
      "tn" : 1756411390652862380,
      "q" : "358.9",
      "p" : "0.1671",
      "s" : "sell",
      "i" : "OSMO_USD",
      "m" : "4611686018430069854"
    }, {
      "d" : "1756411088827321990",
      "t" : 1756411088827,
      "tn" : 1756411088827321990,
      "q" : "118.0",
      "p" : "0.1676",
      "s" : "buy",
      "i" : "OSMO_USD",
      "m" : "4611686018430069853"
    }, {
      "d" : "1756410686860671836",
      "t" : 1756410686860,
      "tn" : 1756410686860671836,
      "q" : "308.9",
      "p" : "0.1674",
      "s" : "buy",
      "i" : "OSMO_USD",
      "m" : "4611686018430069852"
    }, {
      "d" : "1756408867034273373",
      "t" : 1756408867034,
      "tn" : 1756408867034273373,
      "q" : "14.4",
      "p" : "0.1686",
      "s" : "buy",
      "i" : "OSMO_USD",
      "m" : "4611686018430069851"
    }, {
      "d" : "1756407071770630635",
      "t" : 1756407071770,
      "tn" : 1756407071770630635,
      "q" : "262.0",
      "p" : "0.1688",
      "s" : "buy",
      "i" : "OSMO_USD",
      "m" : "4611686018430069850"
    }, {
      "d" : "1756406993651180185",
      "t" : 1756406993651,
      "tn" : 1756406993651180185,
      "q" : "98.0",
      "p" : "0.1689",
      "s" : "buy",
      "i" : "OSMO_USD",
      "m" : "4611686018430069849"
    }, {
      "d" : "1756406993636079998",
      "t" : 1756406993636,
      "tn" : 1756406993636079998,
      "q" : "140.0",
      "p" : "0.1689",
      "s" : "buy",
      "i" : "OSMO_USD",
      "m" : "4611686018430069848"
    }, {
      "d" : "1756404912210882641",
      "t" : 1756404912210,
      "tn" : 1756404912210882641,
      "q" : "889.1",
      "p" : "0.1687",
      "s" : "sell",
      "i" : "OSMO_USD",
      "m" : "4611686018430069847"
    }, {
      "d" : "1756404309859059594",
      "t" : 1756404309859,
      "tn" : 1756404309859059594,
      "q" : "33.1",
      "p" : "0.1686",
      "s" : "sell",
      "i" : "OSMO_USD",
      "m" : "4611686018430069846"
    }, {
      "d" : "1756404048921569348",
      "t" : 1756404048921,
      "tn" : 1756404048921569348,
      "q" : "33.1",
      "p" : "0.1699",
      "s" : "sell",
      "i" : "OSMO_USD",
      "m" : "4611686018430069845"
    }, {
      "d" : "1756401405486703083",
      "t" : 1756401405486,
      "tn" : 1756401405486703083,
      "q" : "329.7",
      "p" : "0.1696",
      "s" : "sell",
      "i" : "OSMO_USD",
      "m" : "4611686018430069844"
    }, {
      "d" : "1756398950172396508",
      "t" : 1756398950172,
      "tn" : 1756398950172396508,
      "q" : "328.5",
      "p" : "0.1720",
      "s" : "sell",
      "i" : "OSMO_USD",
      "m" : "4611686018430069843"
    }, {
      "d" : "1756397815300968975",
      "t" : 1756397815300,
      "tn" : 1756397815300968975,
      "q" : "158.0",
      "p" : "0.1720",
      "s" : "buy",
      "i" : "OSMO_USD",
      "m" : "4611686018430069842"
    }, {
      "d" : "1756397415191246055",
      "t" : 1756397415191,
      "tn" : 1756397415191246055,
      "q" : "254.0",
      "p" : "0.1715",
      "s" : "buy",
      "i" : "OSMO_USD",
      "m" : "4611686018430069841"
    }, {
      "d" : "1756397019660866016",
      "t" : 1756397019660,
      "tn" : 1756397019660866016,
      "q" : "57.7",
      "p" : "0.1713",
      "s" : "sell",
      "i" : "OSMO_USD",
      "m" : "4611686018430069840"
    }, {
      "d" : "1756396800058995475",
      "t" : 1756396800058,
      "tn" : 1756396800058995475,
      "q" : "50.0",
      "p" : "0.1706",
      "s" : "sell",
      "i" : "OSMO_USD",
      "m" : "4611686018430069839"
    }, {
      "d" : "1756394756804589759",
      "t" : 1756394756804,
      "tn" : 1756394756804589759,
      "q" : "415.0",
      "p" : "0.1719",
      "s" : "buy",
      "i" : "OSMO_USD",
      "m" : "4611686018430069838"
    }, {
      "d" : "1756393696165794098",
      "t" : 1756393696165,
      "tn" : 1756393696165794098,
      "q" : "197.9",
      "p" : "0.1718",
      "s" : "sell",
      "i" : "OSMO_USD",
      "m" : "4611686018430069837"
    }, {
      "d" : "1756393696162948156",
      "t" : 1756393696162,
      "tn" : 1756393696162948156,
      "q" : "197.9",
      "p" : "0.1718",
      "s" : "sell",
      "i" : "OSMO_USD",
      "m" : "4611686018430069836"
    }, {
      "d" : "1756393696160932633",
      "t" : 1756393696160,
      "tn" : 1756393696160932633,
      "q" : "197.9",
      "p" : "0.1718",
      "s" : "sell",
      "i" : "OSMO_USD",
      "m" : "4611686018430069835"
    }, {
      "d" : "1756393696158973884",
      "t" : 1756393696158,
      "tn" : 1756393696158973884,
      "q" : "1264.9",
      "p" : "0.1719",
      "s" : "sell",
      "i" : "OSMO_USD",
      "m" : "4611686018430069834"
    }, {
      "d" : "1756393109651521333",
      "t" : 1756393109651,
      "tn" : 1756393109651521333,
      "q" : "48.6",
      "p" : "0.1724",
      "s" : "buy",
      "i" : "OSMO_USD",
      "m" : "4611686018430069833"
    }, {
      "d" : "1756393109646533938",
      "t" : 1756393109646,
      "tn" : 1756393109646533938,
      "q" : "57.9",
      "p" : "0.1724",
      "s" : "buy",
      "i" : "OSMO_USD",
      "m" : "4611686018430069832"
    }, {
      "d" : "1756393109641517094",
      "t" : 1756393109641,
      "tn" : 1756393109641517094,
      "q" : "57.9",
      "p" : "0.1724",
      "s" : "buy",
      "i" : "OSMO_USD",
      "m" : "4611686018430069831"
    }, {
      "d" : "1756393109636532063",
      "t" : 1756393109636,
      "tn" : 1756393109636532063,
      "q" : "57.9",
      "p" : "0.1724",
      "s" : "buy",
      "i" : "OSMO_USD",
      "m" : "4611686018430069830"
    }, {
      "d" : "1756393109631511271",
      "t" : 1756393109631,
      "tn" : 1756393109631511271,
      "q" : "57.9",
      "p" : "0.1724",
      "s" : "buy",
      "i" : "OSMO_USD",
      "m" : "4611686018430069829"
    }, {
      "d" : "1756393109626388535",
      "t" : 1756393109626,
      "tn" : 1756393109626388535,
      "q" : "57.9",
      "p" : "0.1724",
      "s" : "buy",
      "i" : "OSMO_USD",
      "m" : "4611686018430069828"
    }, {
      "d" : "1756393109621376416",
      "t" : 1756393109621,
      "tn" : 1756393109621376416,
      "q" : "57.9",
      "p" : "0.1724",
      "s" : "buy",
      "i" : "OSMO_USD",
      "m" : "4611686018430069827"
    }, {
      "d" : "1756393109616364269",
      "t" : 1756393109616,
      "tn" : 1756393109616364269,
      "q" : "57.9",
      "p" : "0.1724",
      "s" : "buy",
      "i" : "OSMO_USD",
      "m" : "4611686018430069826"
    }, {
      "d" : "1756393109611380412",
      "t" : 1756393109611,
      "tn" : 1756393109611380412,
      "q" : "57.9",
      "p" : "0.1724",
      "s" : "buy",
      "i" : "OSMO_USD",
      "m" : "4611686018430069825"
    }, {
      "d" : "1756393109606451371",
      "t" : 1756393109606,
      "tn" : 1756393109606451371,
      "q" : "57.9",
      "p" : "0.1724",
      "s" : "buy",
      "i" : "OSMO_USD",
      "m" : "4611686018430069824"
    }, {
      "d" : "1756393109601378724",
      "t" : 1756393109601,
      "tn" : 1756393109601378724,
      "q" : "57.9",
      "p" : "0.1724",
      "s" : "buy",
      "i" : "OSMO_USD",
      "m" : "4611686018430069823"
    }, {
      "d" : "1756393109596566241",
      "t" : 1756393109596,
      "tn" : 1756393109596566241,
      "q" : "57.9",
      "p" : "0.1724",
      "s" : "buy",
      "i" : "OSMO_USD",
      "m" : "4611686018430069822"
    }, {
      "d" : "1756393109591364729",
      "t" : 1756393109591,
      "tn" : 1756393109591364729,
      "q" : "57.9",
      "p" : "0.1724",
      "s" : "buy",
      "i" : "OSMO_USD",
      "m" : "4611686018430069821"
    }, {
      "d" : "1756393109586339450",
      "t" : 1756393109586,
      "tn" : 1756393109586339450,
      "q" : "57.9",
      "p" : "0.1724",
      "s" : "buy",
      "i" : "OSMO_USD",
      "m" : "4611686018430069820"
    }, {
      "d" : "1756393109581348565",
      "t" : 1756393109581,
      "tn" : 1756393109581348565,
      "q" : "57.9",
      "p" : "0.1724",
      "s" : "buy",
      "i" : "OSMO_USD",
      "m" : "4611686018430069819"
    }, {
      "d" : "1756393109576321727",
      "t" : 1756393109576,
      "tn" : 1756393109576321727,
      "q" : "57.9",
      "p" : "0.1724",
      "s" : "buy",
      "i" : "OSMO_USD",
      "m" : "4611686018430069818"
    }, {
      "d" : "1756393109571308441",
      "t" : 1756393109571,
      "tn" : 1756393109571308441,
      "q" : "57.9",
      "p" : "0.1724",
      "s" : "buy",
      "i" : "OSMO_USD",
      "m" : "4611686018430069817"
    }, {
      "d" : "1756393109566335419",
      "t" : 1756393109566,
      "tn" : 1756393109566335419,
      "q" : "57.9",
      "p" : "0.1724",
      "s" : "buy",
      "i" : "OSMO_USD",
      "m" : "4611686018430069816"
    }, {
      "d" : "1756393109561320264",
      "t" : 1756393109561,
      "tn" : 1756393109561320264,
      "q" : "57.9",
      "p" : "0.1724",
      "s" : "buy",
      "i" : "OSMO_USD",
      "m" : "4611686018430069815"
    }, {
      "d" : "1756393109556299125",
      "t" : 1756393109556,
      "tn" : 1756393109556299125,
      "q" : "57.9",
      "p" : "0.1724",
      "s" : "buy",
      "i" : "OSMO_USD",
      "m" : "4611686018430069814"
    }, {
      "d" : "1756393109551300467",
      "t" : 1756393109551,
      "tn" : 1756393109551300467,
      "q" : "57.9",
      "p" : "0.1724",
      "s" : "buy",
      "i" : "OSMO_USD",
      "m" : "4611686018430069813"
    }, {
      "d" : "1756393109546418180",
      "t" : 1756393109546,
      "tn" : 1756393109546418180,
      "q" : "57.9",
      "p" : "0.1724",
      "s" : "buy",
      "i" : "OSMO_USD",
      "m" : "4611686018430069812"
    }, {
      "d" : "1756392701761892902",
      "t" : 1756392701761,
      "tn" : 1756392701761892902,
      "q" : "58.0",
      "p" : "0.1720",
      "s" : "buy",
      "i" : "OSMO_USD",
      "m" : "4611686018430069811"
    }, {
      "d" : "1756392701755123316",
      "t" : 1756392701755,
      "tn" : 1756392701755123316,
      "q" : "58.0",
      "p" : "0.1720",
      "s" : "buy",
      "i" : "OSMO_USD",
      "m" : "4611686018430069810"
    }, {
      "d" : "1756392685101562960",
      "t" : 1756392685101,
      "tn" : 1756392685101562960,
      "q" : "58.1",
      "p" : "0.1719",
      "s" : "buy",
      "i" : "OSMO_USD",
      "m" : "4611686018430069809"
    }, {
      "d" : "1756392685096573907",
      "t" : 1756392685096,
      "tn" : 1756392685096573907,
      "q" : "58.1",
      "p" : "0.1719",
      "s" : "buy",
      "i" : "OSMO_USD",
      "m" : "4611686018430069808"
    }, {
      "d" : "1756392685091565818",
      "t" : 1756392685091,
      "tn" : 1756392685091565818,
      "q" : "58.1",
      "p" : "0.1719",
      "s" : "buy",
      "i" : "OSMO_USD",
      "m" : "4611686018430069807"
    }, {
      "d" : "1756392685086565670",
      "t" : 1756392685086,
      "tn" : 1756392685086565670,
      "q" : "58.1",
      "p" : "0.1719",
      "s" : "buy",
      "i" : "OSMO_USD",
      "m" : "4611686018430069806"
    }, {
      "d" : "1756392685081613232",
      "t" : 1756392685081,
      "tn" : 1756392685081613232,
      "q" : "58.1",
      "p" : "0.1719",
      "s" : "buy",
      "i" : "OSMO_USD",
      "m" : "4611686018430069805"
    }, {
      "d" : "1756392685076614832",
      "t" : 1756392685076,
      "tn" : 1756392685076614832,
      "q" : "58.1",
      "p" : "0.1719",
      "s" : "buy",
      "i" : "OSMO_USD",
      "m" : "4611686018430069804"
    }, {
      "d" : "1756392685071553180",
      "t" : 1756392685071,
      "tn" : 1756392685071553180,
      "q" : "58.1",
      "p" : "0.1719",
      "s" : "buy",
      "i" : "OSMO_USD",
      "m" : "4611686018430069803"
    }, {
      "d" : "1756392685066548924",
      "t" : 1756392685066,
      "tn" : 1756392685066548924,
      "q" : "58.1",
      "p" : "0.1719",
      "s" : "buy",
      "i" : "OSMO_USD",
      "m" : "4611686018430069802"
    }, {
      "d" : "1756392685061558654",
      "t" : 1756392685061,
      "tn" : 1756392685061558654,
      "q" : "58.1",
      "p" : "0.1719",
      "s" : "buy",
      "i" : "OSMO_USD",
      "m" : "4611686018430069801"
    }, {
      "d" : "1756392685056567111",
      "t" : 1756392685056,
      "tn" : 1756392685056567111,
      "q" : "58.1",
      "p" : "0.1719",
      "s" : "buy",
      "i" : "OSMO_USD",
      "m" : "4611686018430069800"
    }, {
      "d" : "1756392685053031661",
      "t" : 1756392685053,
      "tn" : 1756392685053031661,
      "q" : "58.1",
      "p" : "0.1719",
      "s" : "buy",
      "i" : "OSMO_USD",
      "m" : "4611686018430069799"
    }, {
      "d" : "1756392682430196668",
      "t" : 1756392682430,
      "tn" : 1756392682430196668,
      "q" : "58.1",
      "p" : "0.1719",
      "s" : "buy",
      "i" : "OSMO_USD",
      "m" : "4611686018430069798"
    }, {
      "d" : "1756392682425207840",
      "t" : 1756392682425,
      "tn" : 1756392682425207840,
      "q" : "58.1",
      "p" : "0.1719",
      "s" : "buy",
      "i" : "OSMO_USD",
      "m" : "4611686018430069797"
    }, {
      "d" : "1756392682420209291",
      "t" : 1756392682420,
      "tn" : 1756392682420209291,
      "q" : "58.1",
      "p" : "0.1719",
      "s" : "buy",
      "i" : "OSMO_USD",
      "m" : "4611686018430069796"
    }, {
      "d" : "1756392682415199792",
      "t" : 1756392682415,
      "tn" : 1756392682415199792,
      "q" : "58.1",
      "p" : "0.1719",
      "s" : "buy",
      "i" : "OSMO_USD",
      "m" : "4611686018430069795"
    }, {
      "d" : "1756392682410187699",
      "t" : 1756392682410,
      "tn" : 1756392682410187699,
      "q" : "58.1",
      "p" : "0.1719",
      "s" : "buy",
      "i" : "OSMO_USD",
      "m" : "4611686018430069794"
    }, {
      "d" : "1756392682405233557",
      "t" : 1756392682405,
      "tn" : 1756392682405233557,
      "q" : "58.1",
      "p" : "0.1719",
      "s" : "buy",
      "i" : "OSMO_USD",
      "m" : "4611686018430069793"
    }, {
      "d" : "1756392682400207845",
      "t" : 1756392682400,
      "tn" : 1756392682400207845,
      "q" : "58.1",
      "p" : "0.1719",
      "s" : "buy",
      "i" : "OSMO_USD",
      "m" : "4611686018430069792"
    }, {
      "d" : "1756392682395131999",
      "t" : 1756392682395,
      "tn" : 1756392682395131999,
      "q" : "58.1",
      "p" : "0.1719",
      "s" : "buy",
      "i" : "OSMO_USD",
      "m" : "4611686018430069791"
    }, {
      "d" : "1756392682390184254",
      "t" : 1756392682390,
      "tn" : 1756392682390184254,
      "q" : "58.1",
      "p" : "0.1719",
      "s" : "buy",
      "i" : "OSMO_USD",
      "m" : "4611686018430069790"
    }, {
      "d" : "1756392682380150547",
      "t" : 1756392682380,
      "tn" : 1756392682380150547,
      "q" : "58.1",
      "p" : "0.1719",
      "s" : "buy",
      "i" : "OSMO_USD",
      "m" : "4611686018430069789"
    }, {
      "d" : "1756392682370141330",
      "t" : 1756392682370,
      "tn" : 1756392682370141330,
      "q" : "58.1",
      "p" : "0.1719",
      "s" : "buy",
      "i" : "OSMO_USD",
      "m" : "4611686018430069788"
    }, {
      "d" : "1756392682360181039",
      "t" : 1756392682360,
      "tn" : 1756392682360181039,
      "q" : "58.1",
      "p" : "0.1719",
      "s" : "buy",
      "i" : "OSMO_USD",
      "m" : "4611686018430069787"
    }, {
      "d" : "1756392682350094838",
      "t" : 1756392682350,
      "tn" : 1756392682350094838,
      "q" : "58.1",
      "p" : "0.1719",
      "s" : "buy",
      "i" : "OSMO_USD",
      "m" : "4611686018430069786"
    }, {
      "d" : "1756392682345088531",
      "t" : 1756392682345,
      "tn" : 1756392682345088531,
      "q" : "58.1",
      "p" : "0.1719",
      "s" : "buy",
      "i" : "OSMO_USD",
      "m" : "4611686018430069785"
    }, {
      "d" : "1756392682335118182",
      "t" : 1756392682335,
      "tn" : 1756392682335118182,
      "q" : "58.1",
      "p" : "0.1719",
      "s" : "buy",
      "i" : "OSMO_USD",
      "m" : "4611686018430069784"
    }, {
      "d" : "1756392682330206074",
      "t" : 1756392682330,
      "tn" : 1756392682330206074,
      "q" : "58.1",
      "p" : "0.1719",
      "s" : "buy",
      "i" : "OSMO_USD",
      "m" : "4611686018430069783"
    }, {
      "d" : "1756392682329454750",
      "t" : 1756392682329,
      "tn" : 1756392682329454750,
      "q" : "30.3",
      "p" : "0.1719",
      "s" : "buy",
      "i" : "OSMO_USD",
      "m" : "4611686018430069782"
    }, {
      "d" : "1756392177756313300",
      "t" : 1756392177756,
      "tn" : 1756392177756313300,
      "q" : "55.4",
      "p" : "0.1722",
      "s" : "buy",
      "i" : "OSMO_USD",
      "m" : "4611686018430069781"
    }, {
      "d" : "1756392177751251729",
      "t" : 1756392177751,
      "tn" : 1756392177751251729,
      "q" : "58.0",
      "p" : "0.1722",
      "s" : "buy",
      "i" : "OSMO_USD",
      "m" : "4611686018430069780"
    }, {
      "d" : "1756392177746254642",
      "t" : 1756392177746,
      "tn" : 1756392177746254642,
      "q" : "58.0",
      "p" : "0.1722",
      "s" : "buy",
      "i" : "OSMO_USD",
      "m" : "4611686018430069779"
    }, {
      "d" : "1756392177741230624",
      "t" : 1756392177741,
      "tn" : 1756392177741230624,
      "q" : "58.0",
      "p" : "0.1722",
      "s" : "buy",
      "i" : "OSMO_USD",
      "m" : "4611686018430069778"
    }, {
      "d" : "1756392177736393516",
      "t" : 1756392177736,
      "tn" : 1756392177736393516,
      "q" : "58.0",
      "p" : "0.1722",
      "s" : "buy",
      "i" : "OSMO_USD",
      "m" : "4611686018430069777"
    }, {
      "d" : "1756392177731331348",
      "t" : 1756392177731,
      "tn" : 1756392177731331348,
      "q" : "58.0",
      "p" : "0.1722",
      "s" : "buy",
      "i" : "OSMO_USD",
      "m" : "4611686018430069776"
    }, {
      "d" : "1756392177726267341",
      "t" : 1756392177726,
      "tn" : 1756392177726267341,
      "q" : "58.0",
      "p" : "0.1722",
      "s" : "buy",
      "i" : "OSMO_USD",
      "m" : "4611686018430069775"
    }, {
      "d" : "1756392177723200170",
      "t" : 1756392177723,
      "tn" : 1756392177723200170,
      "q" : "13.0",
      "p" : "0.1722",
      "s" : "buy",
      "i" : "OSMO_USD",
      "m" : "4611686018430069774"
    }, {
      "d" : "1756392177721386158",
      "t" : 1756392177721,
      "tn" : 1756392177721386158,
      "q" : "58.0",
      "p" : "0.1722",
      "s" : "buy",
      "i" : "OSMO_USD",
      "m" : "4611686018430069773"
    }, {
      "d" : "1756391904715553185",
      "t" : 1756391904715,
      "tn" : 1756391904715553185,
      "q" : "50.3",
      "p" : "0.1723",
      "s" : "buy",
      "i" : "OSMO_USD",
      "m" : "4611686018430069772"
    }, {
      "d" : "1756391904710610743",
      "t" : 1756391904710,
      "tn" : 1756391904710610743,
      "q" : "58.1",
      "p" : "0.1723",
      "s" : "buy",
      "i" : "OSMO_USD",
      "m" : "4611686018430069771"
    }, {
      "d" : "1756391904705511599",
      "t" : 1756391904705,
      "tn" : 1756391904705511599,
      "q" : "58.1",
      "p" : "0.1723",
      "s" : "buy",
      "i" : "OSMO_USD",
      "m" : "4611686018430069770"
    }, {
      "d" : "1756391904700488797",
      "t" : 1756391904700,
      "tn" : 1756391904700488797,
      "q" : "58.1",
      "p" : "0.1723",
      "s" : "buy",
      "i" : "OSMO_USD",
      "m" : "4611686018430069769"
    }, {
      "d" : "1756391904695508218",
      "t" : 1756391904695,
      "tn" : 1756391904695508218,
      "q" : "58.1",
      "p" : "0.1723",
      "s" : "buy",
      "i" : "OSMO_USD",
      "m" : "4611686018430069768"
    }, {
      "d" : "1756391904690506794",
      "t" : 1756391904690,
      "tn" : 1756391904690506794,
      "q" : "58.1",
      "p" : "0.1723",
      "s" : "buy",
      "i" : "OSMO_USD",
      "m" : "4611686018430069767"
    }, {
      "d" : "1756391904685485448",
      "t" : 1756391904685,
      "tn" : 1756391904685485448,
      "q" : "58.1",
      "p" : "0.1723",
      "s" : "buy",
      "i" : "OSMO_USD",
      "m" : "4611686018430069766"
    }, {
      "d" : "1756391904680479195",
      "t" : 1756391904680,
      "tn" : 1756391904680479195,
      "q" : "58.1",
      "p" : "0.1723",
      "s" : "buy",
      "i" : "OSMO_USD",
      "m" : "4611686018430069765"
    }, {
      "d" : "1756391904675517172",
      "t" : 1756391904675,
      "tn" : 1756391904675517172,
      "q" : "58.1",
      "p" : "0.1723",
      "s" : "buy",
      "i" : "OSMO_USD",
      "m" : "4611686018430069764"
    }, {
      "d" : "1756391904669653504",
      "t" : 1756391904669,
      "tn" : 1756391904669653504,
      "q" : "58.1",
      "p" : "0.1723",
      "s" : "buy",
      "i" : "OSMO_USD",
      "m" : "4611686018430069763"
    }, {
      "d" : "1756391904663847626",
      "t" : 1756391904663,
      "tn" : 1756391904663847626,
      "q" : "58.1",
      "p" : "0.1723",
      "s" : "buy",
      "i" : "OSMO_USD",
      "m" : "4611686018430069762"
    }, {
      "d" : "1756391904659735278",
      "t" : 1756391904659,
      "tn" : 1756391904659735278,
      "q" : "58.1",
      "p" : "0.1723",
      "s" : "buy",
      "i" : "OSMO_USD",
      "m" : "4611686018430069761"
    }, {
      "d" : "1756391904658024976",
      "t" : 1756391904658,
      "tn" : 1756391904658024976,
      "q" : "58.1",
      "p" : "0.1723",
      "s" : "buy",
      "i" : "OSMO_USD",
      "m" : "4611686018430069760"
    }, {
      "d" : "1756391904657929596",
      "t" : 1756391904657,
      "tn" : 1756391904657929595,
      "q" : "2070.1",
      "p" : "0.1723",
      "s" : "buy",
      "i" : "OSMO_USD",
      "m" : "4611686018430069759"
    }, {
      "d" : "1756391904657929595",
      "t" : 1756391904657,
      "tn" : 1756391904657929595,
      "q" : "2493.8",
      "p" : "0.1723",
      "s" : "buy",
      "i" : "OSMO_USD",
      "m" : "4611686018430069759"
    } ]
  }
}