{
  "id" : -1,
  "method" : "public/get-trades",
  "code" : 0,
  "result" : {
    "data" : [ {
      "d" : "1756455199312698026",
      "t" : 1756455199312,
      "tn" : 1756455199312698026,
      "q" : "150",
      "p" : "0.05380",
      "s" : "sell",
      "i" : "OXT_USD",
      "m" : "4611686018429982708"
    }, {
      "d" : "1756452721401225253",
      "t" : 1756452721401,
      "tn" : 1756452721401225253,
      "q" : "7599",
      "p" : "0.05446",
      "s" : "buy",
      "i" : "OXT_USD",
      "m" : "4611686018429982707"
    }, {
      "d" : "1756452721401222854",
      "t" : 1756452721401,
      "tn" : 1756452721401222854,
      "q" : "4583",
      "p" : "0.05445",
      "s" : "buy",
      "i" : "OXT_USD",
      "m" : "4611686018429982706"
    }, {
      "d" : "1756449575390351623",
      "t" : 1756449575390,
      "tn" : 1756449575390351623,
      "q" : "11735",
      "p" : "0.05550",
      "s" : "sell",
      "i" : "OXT_USD",
      "m" : "4611686018429982705"
    }, {
      "d" : "1756449575389517089",
      "t" : 1756449575389,
      "tn" : 1756449575389517088,
      "q" : "3335",
      "p" : "0.05550",
      "s" : "sell",
      "i" : "OXT_USD",
      "m" : "4611686018429982704"
    }, {
      "d" : "1756449575389517088",
      "t" : 1756449575389,
      "tn" : 1756449575389517088,
      "q" : "202",
      "p" : "0.05550",
      "s" : "sell",
      "i" : "OXT_USD",
      "m" : "4611686018429982704"
    }, {
      "d" : "1756449575389513447",
      "t" : 1756449575389,
      "tn" : 1756449575389513446,
      "q" : "1264",
      "p" : "0.05551",
      "s" : "sell",
      "i" : "OXT_USD",
      "m" : "4611686018429982703"
    }, {
      "d" : "1756449575389513446",
      "t" : 1756449575389,
      "tn" : 1756449575389513446,
      "q" : "2835",
      "p" : "0.05551",
      "s" : "sell",
      "i" : "OXT_USD",
      "m" : "4611686018429982703"
    }, {
      "d" : "1756445786863922287",
      "t" : 1756445786863,
      "tn" : 1756445786863922287,
      "q" : "1453",
      "p" : "0.05555",
      "s" : "sell",
      "i" : "OXT_USD",
      "m" : "4611686018429982702"
    }, {
      "d" : "1756442554437251221",
      "t" : 1756442554437,
      "tn" : 1756442554437251221,
      "q" : "1113",
      "p" : "0.05592",
      "s" : "sell",
      "i" : "OXT_USD",
      "m" : "4611686018429982701"
    }, {
      "d" : "1756439143396297356",
      "t" : 1756439143396,
      "tn" : 1756439143396297356,
      "q" : "1107",
      "p" : "0.05592",
      "s" : "buy",
      "i" : "OXT_USD",
      "m" : "4611686018429982700"
    }, {
      "d" : "1756439143387897166",
      "t" : 1756439143387,
      "tn" : 1756439143387897166,
      "q" : "1969",
      "p" : "0.05592",
      "s" : "sell",
      "i" : "OXT_USD",
      "m" : "4611686018429982699"
    }, {
      "d" : "1756433138663411004",
      "t" : 1756433138663,
      "tn" : 1756433138663411004,
      "q" : "491",
      "p" : "0.05571",
      "s" : "sell",
      "i" : "OXT_USD",
      "m" : "4611686018429982698"
    }, {
      "d" : "1756433128444578383",
      "t" : 1756433128444,
      "tn" : 1756433128444578383,
      "q" : "2500",
      "p" : "0.05614",
      "s" : "buy",
      "i" : "OXT_USD",
      "m" : "4611686018429982697"
    }, {
      "d" : "1756432686262586132",
      "t" : 1756432686262,
      "tn" : 1756432686262586132,
      "q" : "1000",
      "p" : "0.05564",
      "s" : "sell",
      "i" : "OXT_USD",
      "m" : "4611686018429982696"
    }, {
      "d" : "1756432577408926066",
      "t" : 1756432577408,
      "tn" : 1756432577408926066,
      "q" : "93",
      "p" : "0.05558",
      "s" : "sell",
      "i" : "OXT_USD",
      "m" : "4611686018429982695"
    }, {
      "d" : "1756432577408923900",
      "t" : 1756432577408,
      "tn" : 1756432577408923900,
      "q" : "907",
      "p" : "0.05559",
      "s" : "sell",
      "i" : "OXT_USD",
      "m" : "4611686018429982694"
    }, {
      "d" : "1756429383311423738",
      "t" : 1756429383311,
      "tn" : 1756429383311423738,
      "q" : "156",
      "p" : "0.05673",
      "s" : "buy",
      "i" : "OXT_USD",
      "m" : "4611686018429982693"
    }, {
      "d" : "1756427693928311061",
      "t" : 1756427693928,
      "tn" : 1756427693928311061,
      "q" : "13825",
      "p" : "0.05653",
      "s" : "sell",
      "i" : "OXT_USD",
      "m" : "4611686018429982692"
    }, {
      "d" : "1756427361289570155",
      "t" : 1756427361289,
      "tn" : 1756427361289570155,
      "q" : "171",
      "p" : "0.05717",
      "s" : "buy",
      "i" : "OXT_USD",
      "m" : "4611686018429982691"
    }, {
      "d" : "1756426558828115478",
      "t" : 1756426558828,
      "tn" : 1756426558828115478,
      "q" : "170",
      "p" : "0.05689",
      "s" : "buy",
      "i" : "OXT_USD",
      "m" : "4611686018429982690"
    }, {
      "d" : "1756425876268408238",
      "t" : 1756425876268,
      "tn" : 1756425876268408238,
      "q" : "199",
      "p" : "0.05693",
      "s" : "buy",
      "i" : "OXT_USD",
      "m" : "4611686018429982689"
    }, {
      "d" : "1756421012161319728",
      "t" : 1756421012161,
      "tn" : 1756421012161319728,
      "q" : "2968",
      "p" : "0.05651",
      "s" : "sell",
      "i" : "OXT_USD",
      "m" : "4611686018429982688"
    }, {
      "d" : "1756419363586733999",
      "t" : 1756419363586,
      "tn" : 1756419363586733999,
      "q" : "12266",
      "p" : "0.05624",
      "s" : "buy",
      "i" : "OXT_USD",
      "m" : "4611686018429982687"
    }, {
      "d" : "1756419363586731353",
      "t" : 1756419363586,
      "tn" : 1756419363586731353,
      "q" : "4446",
      "p" : "0.05623",
      "s" : "buy",
      "i" : "OXT_USD",
      "m" : "4611686018429982686"
    }, {
      "d" : "1756403913427853049",
      "t" : 1756403913427,
      "tn" : 1756403913427853049,
      "q" : "125",
      "p" : "0.05588",
      "s" : "buy",
      "i" : "OXT_USD",
      "m" : "4611686018429982685"
    }, {
      "d" : "1756400579304937504",
      "t" : 1756400579304,
      "tn" : 1756400579304937504,
      "q" : "285",
      "p" : "0.05530",
      "s" : "sell",
      "i" : "OXT_USD",
      "m" : "4611686018429982684"
    }, {
      "d" : "1756400021336517181",
      "t" : 1756400021336,
      "tn" : 1756400021336517181,
      "q" : "598",
      "p" : "0.05587",
      "s" : "sell",
      "i" : "OXT_USD",
      "m" : "4611686018429982683"
    }, {
      "d" : "1756399405196388864",
      "t" : 1756399405196,
      "tn" : 1756399405196388864,
      "q" : "172",
      "p" : "0.05624",
      "s" : "buy",
      "i" : "OXT_USD",
      "m" : "4611686018429982682"
    }, {
      "d" : "1756397550120868284",
      "t" : 1756397550120,
      "tn" : 1756397550120868284,
      "q" : "526",
      "p" : "0.05561",
      "s" : "sell",
      "i" : "OXT_USD",
      "m" : "4611686018429982681"
    }, {
      "d" : "1756396691398429260",
      "t" : 1756396691398,
      "tn" : 1756396691398429260,
      "q" : "500",
      "p" : "0.05621",
      "s" : "buy",
      "i" : "OXT_USD",
      "m" : "4611686018429982680"
    }, {
      "d" : "1756396460910837276",
      "t" : 1756396460910,
      "tn" : 1756396460910837276,
      "q" : "231",
      "p" : "0.05628",
      "s" : "buy",
      "i" : "OXT_USD",
      "m" : "4611686018429982679"
    }, {
      "d" : "1756395558006534599",
      "t" : 1756395558006,
      "tn" : 1756395558006534599,
      "q" : "188",
      "p" : "0.05584",
      "s" : "sell",
      "i" : "OXT_USD",
      "m" : "4611686018429982678"
    }, {
      "d" : "1756389680770404815",
      "t" : 1756389680770,
      "tn" : 1756389680770404815,
      "q" : "1716",
      "p" : "0.05589",
      "s" : "sell",
      "i" : "OXT_USD",
      "m" : "4611686018429982677"
    }, {
      "d" : "1756389141266615594",
      "t" : 1756389141266,
      "tn" : 1756389141266615594,
      "q" : "1713",
      "p" : "0.05561",
      "s" : "sell",
      "i" : "OXT_USD",
      "m" : "4611686018429982676"
    }, {
      "d" : "1756388964924353535",
      "t" : 1756388964924,
      "tn" : 1756388964924353535,
      "q" : "6467",
      "p" : "0.05597",
      "s" : "buy",
      "i" : "OXT_USD",
      "m" : "4611686018429982675"
    }, {
      "d" : "1756388964909161167",
      "t" : 1756388964909,
      "tn" : 1756388964909161167,
      "q" : "1652",
      "p" : "0.05598",
      "s" : "buy",
      "i" : "OXT_USD",
      "m" : "4611686018429982674"
    }, {
      "d" : "1756384507642505705",
      "t" : 1756384507642,
      "tn" : 1756384507642505705,
      "q" : "1252",
      "p" : "0.05585",
      "s" : "sell",
      "i" : "OXT_USD",
      "m" : "4611686018429982673"
    }, {
      "d" : "1756384507310678594",
      "t" : 1756384507310,
      "tn" : 1756384507310678594,
      "q" : "2807",
      "p" : "0.05584",
      "s" : "sell",
      "i" : "OXT_USD",
      "m" : "4611686018429982672"
    }, {
      "d" : "1756384507310676581",
      "t" : 1756384507310,
      "tn" : 1756384507310676581,
      "q" : "2797",
      "p" : "0.05585",
      "s" : "sell",
      "i" : "OXT_USD",
      "m" : "4611686018429982671"
    }, {
      "d" : "1756384507024758039",
      "t" : 1756384507024,
      "tn" : 1756384507024758039,
      "q" : "2382",
      "p" : "0.05583",
      "s" : "sell",
      "i" : "OXT_USD",
      "m" : "4611686018429982670"
    }, {
      "d" : "1756384506914448860",
      "t" : 1756384506914,
      "tn" : 1756384506914448860,
      "q" : "3506",
      "p" : "0.05584",
      "s" : "sell",
      "i" : "OXT_USD",
      "m" : "4611686018429982669"
    }, {
      "d" : "1756384506819446413",
      "t" : 1756384506819,
      "tn" : 1756384506819446413,
      "q" : "3579",
      "p" : "0.05583",
      "s" : "sell",
      "i" : "OXT_USD",
      "m" : "4611686018429982668"
    }, {
      "d" : "1756384506794349566",
      "t" : 1756384506794,
      "tn" : 1756384506794349566,
      "q" : "4114",
      "p" : "0.05582",
      "s" : "sell",
      "i" : "OXT_USD",
      "m" : "4611686018429982667"
    }, {
      "d" : "1756381677204963401",
      "t" : 1756381677204,
      "tn" : 1756381677204963401,
      "q" : "403",
      "p" : "0.05555",
      "s" : "sell",
      "i" : "OXT_USD",
      "m" : "4611686018429982666"
    }, {
      "d" : "1756380933436357928",
      "t" : 1756380933436,
      "tn" : 1756380933436357928,
      "q" : "6041",
      "p" : "0.05643",
      "s" : "buy",
      "i" : "OXT_USD",
      "m" : "4611686018429982665"
    }, {
      "d" : "1756380933259030837",
      "t" : 1756380933259,
      "tn" : 1756380933259030837,
      "q" : "12658",
      "p" : "0.05618",
      "s" : "sell",
      "i" : "OXT_USD",
      "m" : "4611686018429982664"
    }, {
      "d" : "1756380933256999836",
      "t" : 1756380933256,
      "tn" : 1756380933256999835,
      "q" : "1253",
      "p" : "0.05618",
      "s" : "buy",
      "i" : "OXT_USD",
      "m" : "4611686018429982663"
    }, {
      "d" : "1756380933256999835",
      "t" : 1756380933256,
      "tn" : 1756380933256999835,
      "q" : "4449",
      "p" : "0.05618",
      "s" : "buy",
      "i" : "OXT_USD",
      "m" : "4611686018429982663"
    } ]
  }
}