{
  "id" : -1,
  "method" : "public/get-trades",
  "code" : 0,
  "result" : {
    "data" : [ {
      "d" : "1756461833998079108",
      "t" : 1756461833998,
      "tn" : 1756461833998079108,
      "q" : "0.001",
      "p" : "3408.23",
      "s" : "sell",
      "i" : "PAXGUSD-PERP",
      "m" : "4611686018430218516"
    }, {
      "d" : "1756461434473961965",
      "t" : 1756461434473,
      "tn" : 1756461434473961965,
      "q" : "0.001",
      "p" : "3408.23",
      "s" : "buy",
      "i" : "PAXGUSD-PERP",
      "m" : "4611686018430218515"
    }, {
      "d" : "1756461364262222063",
      "t" : 1756461364262,
      "tn" : 1756461364262222063,
      "q" : "0.001",
      "p" : "3408.51",
      "s" : "buy",
      "i" : "PAXGUSD-PERP",
      "m" : "4611686018430218514"
    }, {
      "d" : "1756461268155532379",
      "t" : 1756461268155,
      "tn" : 1756461268155532379,
      "q" : "0.001",
      "p" : "3409.08",
      "s" : "sell",
      "i" : "PAXGUSD-PERP",
      "m" : "4611686018430218513"
    }, {
      "d" : "1756461267232902263",
      "t" : 1756461267232,
      "tn" : 1756461267232902263,
      "q" : "0.001",
      "p" : "3409.08",
      "s" : "sell",
      "i" : "PAXGUSD-PERP",
      "m" : "4611686018430218512"
    }, {
      "d" : "1756461266953918492",
      "t" : 1756461266953,
      "tn" : 1756461266953918492,
      "q" : "0.001",
      "p" : "3409.08",
      "s" : "sell",
      "i" : "PAXGUSD-PERP",
      "m" : "4611686018430218511"
    }, {
      "d" : "1756461264195122420",
      "t" : 1756461264195,
      "tn" : 1756461264195122420,
      "q" : "0.001",
      "p" : "3409.18",
      "s" : "sell",
      "i" : "PAXGUSD-PERP",
      "m" : "4611686018430218510"
    }, {
      "d" : "1756461263918510164",
      "t" : 1756461263918,
      "tn" : 1756461263918510164,
      "q" : "0.001",
      "p" : "3409.18",
      "s" : "sell",
      "i" : "PAXGUSD-PERP",
      "m" : "4611686018430218509"
    }, {
      "d" : "1756461263918508047",
      "t" : 1756461263918,
      "tn" : 1756461263918508047,
      "q" : "0.001",
      "p" : "3409.19",
      "s" : "sell",
      "i" : "PAXGUSD-PERP",
      "m" : "4611686018430218508"
    }, {
      "d" : "1756461154338647614",
      "t" : 1756461154338,
      "tn" : 1756461154338647614,
      "q" : "0.001",
      "p" : "3409.41",
      "s" : "sell",
      "i" : "PAXGUSD-PERP",
      "m" : "4611686018430218507"
    }, {
      "d" : "1756461142617492787",
      "t" : 1756461142617,
      "tn" : 1756461142617492787,
      "q" : "0.001",
      "p" : "3409.63",
      "s" : "sell",
      "i" : "PAXGUSD-PERP",
      "m" : "4611686018430218506"
    }, {
      "d" : "1756461142340444515",
      "t" : 1756461142340,
      "tn" : 1756461142340444515,
      "q" : "0.001",
      "p" : "3409.84",
      "s" : "sell",
      "i" : "PAXGUSD-PERP",
      "m" : "4611686018430218505"
    }, {
      "d" : "1756461070128191299",
      "t" : 1756461070128,
      "tn" : 1756461070128191299,
      "q" : "0.241",
      "p" : "3409.86",
      "s" : "sell",
      "i" : "PAXGUSD-PERP",
      "m" : "4611686018430218504"
    }, {
      "d" : "1756461070128188443",
      "t" : 1756461070128,
      "tn" : 1756461070128188443,
      "q" : "0.001",
      "p" : "3409.87",
      "s" : "sell",
      "i" : "PAXGUSD-PERP",
      "m" : "4611686018430218503"
    }, {
      "d" : "1756460970704838091",
      "t" : 1756460970704,
      "tn" : 1756460970704838091,
      "q" : "0.003",
      "p" : "3410.54",
      "s" : "sell",
      "i" : "PAXGUSD-PERP",
      "m" : "4611686018430218502"
    }, {
      "d" : "1756460925473107932",
      "t" : 1756460925473,
      "tn" : 1756460925473107932,
      "q" : "0.001",
      "p" : "3410.99",
      "s" : "sell",
      "i" : "PAXGUSD-PERP",
      "m" : "4611686018430218501"
    }, {
      "d" : "1756460924030778402",
      "t" : 1756460924030,
      "tn" : 1756460924030778402,
      "q" : "0.001",
      "p" : "3410.19",
      "s" : "buy",
      "i" : "PAXGUSD-PERP",
      "m" : "4611686018430218500"
    }, {
      "d" : "1756460886396931189",
      "t" : 1756460886396,
      "tn" : 1756460886396931189,
      "q" : "0.001",
      "p" : "3409.97",
      "s" : "buy",
      "i" : "PAXGUSD-PERP",
      "m" : "4611686018430218499"
    }, {
      "d" : "1756460873683476920",
      "t" : 1756460873683,
      "tn" : 1756460873683476920,
      "q" : "0.001",
      "p" : "3410.88",
      "s" : "sell",
      "i" : "PAXGUSD-PERP",
      "m" : "4611686018430218498"
    }, {
      "d" : "1756460869593629801",
      "t" : 1756460869593,
      "tn" : 1756460869593629801,
      "q" : "0.001",
      "p" : "3409.97",
      "s" : "buy",
      "i" : "PAXGUSD-PERP",
      "m" : "4611686018430218497"
    }, {
      "d" : "1756460858002346517",
      "t" : 1756460858002,
      "tn" : 1756460858002346517,
      "q" : "0.001",
      "p" : "3409.76",
      "s" : "buy",
      "i" : "PAXGUSD-PERP",
      "m" : "4611686018430218496"
    }, {
      "d" : "1756460820394850344",
      "t" : 1756460820394,
      "tn" : 1756460820394850344,
      "q" : "0.335",
      "p" : "3409.00",
      "s" : "sell",
      "i" : "PAXGUSD-PERP",
      "m" : "4611686018430218495"
    }, {
      "d" : "1756460235760144433",
      "t" : 1756460235760,
      "tn" : 1756460235760144433,
      "q" : "0.001",
      "p" : "3407.21",
      "s" : "buy",
      "i" : "PAXGUSD-PERP",
      "m" : "4611686018430218494"
    }, {
      "d" : "1756460233336903894",
      "t" : 1756460233336,
      "tn" : 1756460233336903894,
      "q" : "0.001",
      "p" : "3407.21",
      "s" : "buy",
      "i" : "PAXGUSD-PERP",
      "m" : "4611686018430218493"
    }, {
      "d" : "1756460102930733699",
      "t" : 1756460102930,
      "tn" : 1756460102930733699,
      "q" : "0.001",
      "p" : "3408.50",
      "s" : "sell",
      "i" : "PAXGUSD-PERP",
      "m" : "4611686018430218492"
    }, {
      "d" : "1756460102679107844",
      "t" : 1756460102679,
      "tn" : 1756460102679107844,
      "q" : "0.001",
      "p" : "3408.50",
      "s" : "sell",
      "i" : "PAXGUSD-PERP",
      "m" : "4611686018430218491"
    }, {
      "d" : "1756460100954679790",
      "t" : 1756460100954,
      "tn" : 1756460100954679790,
      "q" : "0.001",
      "p" : "3408.50",
      "s" : "sell",
      "i" : "PAXGUSD-PERP",
      "m" : "4611686018430218490"
    }, {
      "d" : "1756460100954677354",
      "t" : 1756460100954,
      "tn" : 1756460100954677354,
      "q" : "0.001",
      "p" : "3408.62",
      "s" : "sell",
      "i" : "PAXGUSD-PERP",
      "m" : "4611686018430218489"
    }, {
      "d" : "1756460100042825678",
      "t" : 1756460100042,
      "tn" : 1756460100042825678,
      "q" : "0.001",
      "p" : "3408.66",
      "s" : "sell",
      "i" : "PAXGUSD-PERP",
      "m" : "4611686018430218488"
    }, {
      "d" : "1756459936639110261",
      "t" : 1756459936639,
      "tn" : 1756459936639110261,
      "q" : "0.001",
      "p" : "3407.92",
      "s" : "buy",
      "i" : "PAXGUSD-PERP",
      "m" : "4611686018430218487"
    }, {
      "d" : "1756459928837066001",
      "t" : 1756459928837,
      "tn" : 1756459928837066001,
      "q" : "0.001",
      "p" : "3407.83",
      "s" : "buy",
      "i" : "PAXGUSD-PERP",
      "m" : "4611686018430218486"
    }, {
      "d" : "1756459835678329313",
      "t" : 1756459835678,
      "tn" : 1756459835678329313,
      "q" : "0.001",
      "p" : "3408.78",
      "s" : "sell",
      "i" : "PAXGUSD-PERP",
      "m" : "4611686018430218485"
    }, {
      "d" : "1756459835415987777",
      "t" : 1756459835415,
      "tn" : 1756459835415987777,
      "q" : "0.001",
      "p" : "3408.78",
      "s" : "sell",
      "i" : "PAXGUSD-PERP",
      "m" : "4611686018430218484"
    }, {
      "d" : "1756459831628208060",
      "t" : 1756459831628,
      "tn" : 1756459831628208060,
      "q" : "0.001",
      "p" : "3408.84",
      "s" : "sell",
      "i" : "PAXGUSD-PERP",
      "m" : "4611686018430218483"
    }, {
      "d" : "1756459831363449706",
      "t" : 1756459831363,
      "tn" : 1756459831363449706,
      "q" : "0.001",
      "p" : "3408.90",
      "s" : "sell",
      "i" : "PAXGUSD-PERP",
      "m" : "4611686018430218482"
    }, {
      "d" : "1756459826707282974",
      "t" : 1756459826707,
      "tn" : 1756459826707282974,
      "q" : "0.001",
      "p" : "3409.12",
      "s" : "sell",
      "i" : "PAXGUSD-PERP",
      "m" : "4611686018430218481"
    }, {
      "d" : "1756459754036103154",
      "t" : 1756459754036,
      "tn" : 1756459754036103154,
      "q" : "0.001",
      "p" : "3409.26",
      "s" : "sell",
      "i" : "PAXGUSD-PERP",
      "m" : "4611686018430218480"
    }, {
      "d" : "1756459621853405508",
      "t" : 1756459621853,
      "tn" : 1756459621853405508,
      "q" : "0.001",
      "p" : "3409.19",
      "s" : "buy",
      "i" : "PAXGUSD-PERP",
      "m" : "4611686018430218479"
    }, {
      "d" : "1756459620849763749",
      "t" : 1756459620849,
      "tn" : 1756459620849763749,
      "q" : "0.001",
      "p" : "3409.19",
      "s" : "buy",
      "i" : "PAXGUSD-PERP",
      "m" : "4611686018430218478"
    }, {
      "d" : "1756459620113861569",
      "t" : 1756459620113,
      "tn" : 1756459620113861569,
      "q" : "0.001",
      "p" : "3409.19",
      "s" : "buy",
      "i" : "PAXGUSD-PERP",
      "m" : "4611686018430218477"
    }, {
      "d" : "1756459619591891598",
      "t" : 1756459619591,
      "tn" : 1756459619591891598,
      "q" : "0.001",
      "p" : "3409.19",
      "s" : "buy",
      "i" : "PAXGUSD-PERP",
      "m" : "4611686018430218476"
    }, {
      "d" : "1756459618194970645",
      "t" : 1756459618194,
      "tn" : 1756459618194970645,
      "q" : "0.001",
      "p" : "3409.19",
      "s" : "buy",
      "i" : "PAXGUSD-PERP",
      "m" : "4611686018430218475"
    }, {
      "d" : "1756459464695154635",
      "t" : 1756459464695,
      "tn" : 1756459464695154635,
      "q" : "0.001",
      "p" : "3410.08",
      "s" : "sell",
      "i" : "PAXGUSD-PERP",
      "m" : "4611686018430218474"
    }, {
      "d" : "1756459464426423484",
      "t" : 1756459464426,
      "tn" : 1756459464426423484,
      "q" : "0.001",
      "p" : "3409.98",
      "s" : "sell",
      "i" : "PAXGUSD-PERP",
      "m" : "4611686018430218473"
    }, {
      "d" : "1756459464426421554",
      "t" : 1756459464426,
      "tn" : 1756459464426421554,
      "q" : "0.001",
      "p" : "3410.08",
      "s" : "sell",
      "i" : "PAXGUSD-PERP",
      "m" : "4611686018430218472"
    }, {
      "d" : "1756459461008853098",
      "t" : 1756459461008,
      "tn" : 1756459461008853098,
      "q" : "0.001",
      "p" : "3410.48",
      "s" : "sell",
      "i" : "PAXGUSD-PERP",
      "m" : "4611686018430218471"
    }, {
      "d" : "1756459460680457683",
      "t" : 1756459460680,
      "tn" : 1756459460680457683,
      "q" : "0.001",
      "p" : "3410.19",
      "s" : "sell",
      "i" : "PAXGUSD-PERP",
      "m" : "4611686018430218470"
    }, {
      "d" : "1756459460680455582",
      "t" : 1756459460680,
      "tn" : 1756459460680455582,
      "q" : "0.001",
      "p" : "3410.29",
      "s" : "sell",
      "i" : "PAXGUSD-PERP",
      "m" : "4611686018430218469"
    }, {
      "d" : "1756459459698444526",
      "t" : 1756459459698,
      "tn" : 1756459459698444526,
      "q" : "0.001",
      "p" : "3410.29",
      "s" : "sell",
      "i" : "PAXGUSD-PERP",
      "m" : "4611686018430218468"
    }, {
      "d" : "1756459459441380238",
      "t" : 1756459459441,
      "tn" : 1756459459441380238,
      "q" : "0.001",
      "p" : "3410.29",
      "s" : "sell",
      "i" : "PAXGUSD-PERP",
      "m" : "4611686018430218467"
    }, {
      "d" : "1756459450513752467",
      "t" : 1756459450513,
      "tn" : 1756459450513752467,
      "q" : "0.001",
      "p" : "3410.48",
      "s" : "sell",
      "i" : "PAXGUSD-PERP",
      "m" : "4611686018430218466"
    }, {
      "d" : "1756459450257576172",
      "t" : 1756459450257,
      "tn" : 1756459450257576172,
      "q" : "0.001",
      "p" : "3410.41",
      "s" : "sell",
      "i" : "PAXGUSD-PERP",
      "m" : "4611686018430218465"
    }, {
      "d" : "1756459450257574078",
      "t" : 1756459450257,
      "tn" : 1756459450257574078,
      "q" : "0.001",
      "p" : "3410.48",
      "s" : "sell",
      "i" : "PAXGUSD-PERP",
      "m" : "4611686018430218464"
    }, {
      "d" : "1756459295470259535",
      "t" : 1756459295470,
      "tn" : 1756459295470259534,
      "q" : "0.001",
      "p" : "3410.20",
      "s" : "sell",
      "i" : "PAXGUSD-PERP",
      "m" : "4611686018430218463"
    }, {
      "d" : "1756459295470259534",
      "t" : 1756459295470,
      "tn" : 1756459295470259534,
      "q" : "0.001",
      "p" : "3410.20",
      "s" : "sell",
      "i" : "PAXGUSD-PERP",
      "m" : "4611686018430218463"
    }, {
      "d" : "1756459247342139995",
      "t" : 1756459247342,
      "tn" : 1756459247342139995,
      "q" : "0.001",
      "p" : "3410.41",
      "s" : "sell",
      "i" : "PAXGUSD-PERP",
      "m" : "4611686018430218462"
    }, {
      "d" : "1756459246671415824",
      "t" : 1756459246671,
      "tn" : 1756459246671415824,
      "q" : "0.001",
      "p" : "3410.47",
      "s" : "sell",
      "i" : "PAXGUSD-PERP",
      "m" : "4611686018430218461"
    }, {
      "d" : "1756459202903680332",
      "t" : 1756459202903,
      "tn" : 1756459202903680332,
      "q" : "0.001",
      "p" : "3410.47",
      "s" : "sell",
      "i" : "PAXGUSD-PERP",
      "m" : "4611686018430218460"
    }, {
      "d" : "1756459015533457708",
      "t" : 1756459015533,
      "tn" : 1756459015533457708,
      "q" : "0.001",
      "p" : "3408.98",
      "s" : "buy",
      "i" : "PAXGUSD-PERP",
      "m" : "4611686018430218459"
    }, {
      "d" : "1756458907651807785",
      "t" : 1756458907651,
      "tn" : 1756458907651807785,
      "q" : "0.001",
      "p" : "3408.85",
      "s" : "buy",
      "i" : "PAXGUSD-PERP",
      "m" : "4611686018430218458"
    }, {
      "d" : "1756458906571164928",
      "t" : 1756458906571,
      "tn" : 1756458906571164928,
      "q" : "0.001",
      "p" : "3408.69",
      "s" : "buy",
      "i" : "PAXGUSD-PERP",
      "m" : "4611686018430218457"
    }, {
      "d" : "1756458905679913862",
      "t" : 1756458905679,
      "tn" : 1756458905679913862,
      "q" : "0.001",
      "p" : "3408.69",
      "s" : "buy",
      "i" : "PAXGUSD-PERP",
      "m" : "4611686018430218456"
    }, {
      "d" : "1756458900511578945",
      "t" : 1756458900511,
      "tn" : 1756458900511578945,
      "q" : "0.001",
      "p" : "3408.69",
      "s" : "buy",
      "i" : "PAXGUSD-PERP",
      "m" : "4611686018430218455"
    }, {
      "d" : "1756458811783957738",
      "t" : 1756458811783,
      "tn" : 1756458811783957738,
      "q" : "0.333",
      "p" : "3409.58",
      "s" : "sell",
      "i" : "PAXGUSD-PERP",
      "m" : "4611686018430218454"
    }, {
      "d" : "1756458749205086721",
      "t" : 1756458749205,
      "tn" : 1756458749205086721,
      "q" : "0.001",
      "p" : "3410.16",
      "s" : "sell",
      "i" : "PAXGUSD-PERP",
      "m" : "4611686018430218453"
    }, {
      "d" : "1756458748939402778",
      "t" : 1756458748939,
      "tn" : 1756458748939402778,
      "q" : "0.001",
      "p" : "3410.06",
      "s" : "sell",
      "i" : "PAXGUSD-PERP",
      "m" : "4611686018430218452"
    }, {
      "d" : "1756458748939400558",
      "t" : 1756458748939,
      "tn" : 1756458748939400558,
      "q" : "0.001",
      "p" : "3410.16",
      "s" : "sell",
      "i" : "PAXGUSD-PERP",
      "m" : "4611686018430218451"
    }, {
      "d" : "1756458667843492783",
      "t" : 1756458667843,
      "tn" : 1756458667843492783,
      "q" : "0.001",
      "p" : "3410.20",
      "s" : "sell",
      "i" : "PAXGUSD-PERP",
      "m" : "4611686018430218450"
    }, {
      "d" : "1756458611864983599",
      "t" : 1756458611864,
      "tn" : 1756458611864983599,
      "q" : "0.001",
      "p" : "3410.28",
      "s" : "sell",
      "i" : "PAXGUSD-PERP",
      "m" : "4611686018430218449"
    }, {
      "d" : "1756458597667399099",
      "t" : 1756458597667,
      "tn" : 1756458597667399098,
      "q" : "0.001",
      "p" : "3410.46",
      "s" : "sell",
      "i" : "PAXGUSD-PERP",
      "m" : "4611686018430218448"
    }, {
      "d" : "1756458597667399098",
      "t" : 1756458597667,
      "tn" : 1756458597667399098,
      "q" : "0.001",
      "p" : "3410.46",
      "s" : "sell",
      "i" : "PAXGUSD-PERP",
      "m" : "4611686018430218448"
    }, {
      "d" : "1756458597417324692",
      "t" : 1756458597417,
      "tn" : 1756458597417324691,
      "q" : "0.001",
      "p" : "3410.46",
      "s" : "sell",
      "i" : "PAXGUSD-PERP",
      "m" : "4611686018430218447"
    }, {
      "d" : "1756458597417324691",
      "t" : 1756458597417,
      "tn" : 1756458597417324691,
      "q" : "0.001",
      "p" : "3410.46",
      "s" : "sell",
      "i" : "PAXGUSD-PERP",
      "m" : "4611686018430218447"
    }, {
      "d" : "1756458581086512881",
      "t" : 1756458581086,
      "tn" : 1756458581086512880,
      "q" : "0.001",
      "p" : "3410.46",
      "s" : "sell",
      "i" : "PAXGUSD-PERP",
      "m" : "4611686018430218446"
    }, {
      "d" : "1756458581086512880",
      "t" : 1756458581086,
      "tn" : 1756458581086512880,
      "q" : "0.001",
      "p" : "3410.46",
      "s" : "sell",
      "i" : "PAXGUSD-PERP",
      "m" : "4611686018430218446"
    }, {
      "d" : "1756458580792750183",
      "t" : 1756458580792,
      "tn" : 1756458580792750182,
      "q" : "0.001",
      "p" : "3410.46",
      "s" : "sell",
      "i" : "PAXGUSD-PERP",
      "m" : "4611686018430218445"
    }, {
      "d" : "1756458580792750182",
      "t" : 1756458580792,
      "tn" : 1756458580792750182,
      "q" : "0.001",
      "p" : "3410.46",
      "s" : "sell",
      "i" : "PAXGUSD-PERP",
      "m" : "4611686018430218445"
    }, {
      "d" : "1756458387956990500",
      "t" : 1756458387956,
      "tn" : 1756458387956990500,
      "q" : "0.001",
      "p" : "3410.53",
      "s" : "sell",
      "i" : "PAXGUSD-PERP",
      "m" : "4611686018430218444"
    }, {
      "d" : "1756457872981392825",
      "t" : 1756457872981,
      "tn" : 1756457872981392825,
      "q" : "0.001",
      "p" : "3410.71",
      "s" : "buy",
      "i" : "PAXGUSD-PERP",
      "m" : "4611686018430218443"
    }, {
      "d" : "1756457603332656111",
      "t" : 1756457603332,
      "tn" : 1756457603332656111,
      "q" : "0.001",
      "p" : "3411.49",
      "s" : "buy",
      "i" : "PAXGUSD-PERP",
      "m" : "4611686018430218442"
    }, {
      "d" : "1756457531617707277",
      "t" : 1756457531617,
      "tn" : 1756457531617707277,
      "q" : "0.001",
      "p" : "3412.52",
      "s" : "sell",
      "i" : "PAXGUSD-PERP",
      "m" : "4611686018430218441"
    }, {
      "d" : "1756456698218782650",
      "t" : 1756456698218,
      "tn" : 1756456698218782650,
      "q" : "0.001",
      "p" : "3414.78",
      "s" : "sell",
      "i" : "PAXGUSD-PERP",
      "m" : "4611686018430218440"
    }, {
      "d" : "1756456675201033963",
      "t" : 1756456675201,
      "tn" : 1756456675201033963,
      "q" : "0.001",
      "p" : "3415.00",
      "s" : "sell",
      "i" : "PAXGUSD-PERP",
      "m" : "4611686018430218439"
    }, {
      "d" : "1756456450185945190",
      "t" : 1756456450185,
      "tn" : 1756456450185945190,
      "q" : "0.291",
      "p" : "3414.14",
      "s" : "buy",
      "i" : "PAXGUSD-PERP",
      "m" : "4611686018430218438"
    }, {
      "d" : "1756456450185943165",
      "t" : 1756456450185,
      "tn" : 1756456450185943165,
      "q" : "0.001",
      "p" : "3414.13",
      "s" : "buy",
      "i" : "PAXGUSD-PERP",
      "m" : "4611686018430218437"
    }, {
      "d" : "1756456407897860108",
      "t" : 1756456407897,
      "tn" : 1756456407897860108,
      "q" : "0.001",
      "p" : "3413.92",
      "s" : "buy",
      "i" : "PAXGUSD-PERP",
      "m" : "4611686018430218436"
    }, {
      "d" : "1756455581489158142",
      "t" : 1756455581489,
      "tn" : 1756455581489158142,
      "q" : "0.001",
      "p" : "3415.39",
      "s" : "sell",
      "i" : "PAXGUSD-PERP",
      "m" : "4611686018430218435"
    }, {
      "d" : "1756455451594584325",
      "t" : 1756455451594,
      "tn" : 1756455451594584325,
      "q" : "0.001",
      "p" : "3415.71",
      "s" : "buy",
      "i" : "PAXGUSD-PERP",
      "m" : "4611686018430218434"
    }, {
      "d" : "1756455374677957511",
      "t" : 1756455374677,
      "tn" : 1756455374677957511,
      "q" : "0.001",
      "p" : "3416.00",
      "s" : "sell",
      "i" : "PAXGUSD-PERP",
      "m" : "4611686018430218433"
    }, {
      "d" : "1756455316643361634",
      "t" : 1756455316643,
      "tn" : 1756455316643361634,
      "q" : "0.001",
      "p" : "3415.02",
      "s" : "buy",
      "i" : "PAXGUSD-PERP",
      "m" : "4611686018430218432"
    }, {
      "d" : "1756455316293995488",
      "t" : 1756455316293,
      "tn" : 1756455316293995488,
      "q" : "0.001",
      "p" : "3415.02",
      "s" : "buy",
      "i" : "PAXGUSD-PERP",
      "m" : "4611686018430218431"
    }, {
      "d" : "1756455314964563698",
      "t" : 1756455314964,
      "tn" : 1756455314964563698,
      "q" : "0.001",
      "p" : "3414.96",
      "s" : "buy",
      "i" : "PAXGUSD-PERP",
      "m" : "4611686018430218430"
    }, {
      "d" : "1756455314964561669",
      "t" : 1756455314964,
      "tn" : 1756455314964561669,
      "q" : "0.001",
      "p" : "3414.91",
      "s" : "buy",
      "i" : "PAXGUSD-PERP",
      "m" : "4611686018430218429"
    }, {
      "d" : "1756455143832578260",
      "t" : 1756455143832,
      "tn" : 1756455143832578260,
      "q" : "0.001",
      "p" : "3413.49",
      "s" : "buy",
      "i" : "PAXGUSD-PERP",
      "m" : "4611686018430218428"
    }, {
      "d" : "1756454904105531604",
      "t" : 1756454904105,
      "tn" : 1756454904105531604,
      "q" : "0.001",
      "p" : "3413.23",
      "s" : "sell",
      "i" : "PAXGUSD-PERP",
      "m" : "4611686018430218427"
    }, {
      "d" : "1756454808190625291",
      "t" : 1756454808190,
      "tn" : 1756454808190625291,
      "q" : "0.001",
      "p" : "3413.82",
      "s" : "sell",
      "i" : "PAXGUSD-PERP",
      "m" : "4611686018430218426"
    }, {
      "d" : "1756454800217032176",
      "t" : 1756454800217,
      "tn" : 1756454800217032176,
      "q" : "0.001",
      "p" : "3413.93",
      "s" : "sell",
      "i" : "PAXGUSD-PERP",
      "m" : "4611686018430218425"
    }, {
      "d" : "1756454799734238394",
      "t" : 1756454799734,
      "tn" : 1756454799734238394,
      "q" : "0.001",
      "p" : "3413.93",
      "s" : "sell",
      "i" : "PAXGUSD-PERP",
      "m" : "4611686018430218424"
    }, {
      "d" : "1756454578323985708",
      "t" : 1756454578323,
      "tn" : 1756454578323985708,
      "q" : "0.001",
      "p" : "3412.75",
      "s" : "buy",
      "i" : "PAXGUSD-PERP",
      "m" : "4611686018430218423"
    }, {
      "d" : "1756454578323983746",
      "t" : 1756454578323,
      "tn" : 1756454578323983746,
      "q" : "0.879",
      "p" : "3412.72",
      "s" : "buy",
      "i" : "PAXGUSD-PERP",
      "m" : "4611686018430218422"
    }, {
      "d" : "1756454578323980891",
      "t" : 1756454578323,
      "tn" : 1756454578323980891,
      "q" : "0.001",
      "p" : "3412.33",
      "s" : "buy",
      "i" : "PAXGUSD-PERP",
      "m" : "4611686018430218421"
    }, {
      "d" : "1756454578323977910",
      "t" : 1756454578323,
      "tn" : 1756454578323977910,
      "q" : "0.001",
      "p" : "3411.90",
      "s" : "buy",
      "i" : "PAXGUSD-PERP",
      "m" : "4611686018430218420"
    }, {
      "d" : "1756454548050200990",
      "t" : 1756454548050,
      "tn" : 1756454548050200990,
      "q" : "0.001",
      "p" : "3411.64",
      "s" : "buy",
      "i" : "PAXGUSD-PERP",
      "m" : "4611686018430218419"
    }, {
      "d" : "1756454542736261250",
      "t" : 1756454542736,
      "tn" : 1756454542736261250,
      "q" : "0.001",
      "p" : "3411.64",
      "s" : "buy",
      "i" : "PAXGUSD-PERP",
      "m" : "4611686018430218418"
    }, {
      "d" : "1756454542484414031",
      "t" : 1756454542484,
      "tn" : 1756454542484414031,
      "q" : "0.001",
      "p" : "3411.64",
      "s" : "buy",
      "i" : "PAXGUSD-PERP",
      "m" : "4611686018430218417"
    }, {
      "d" : "1756454539306121624",
      "t" : 1756454539306,
      "tn" : 1756454539306121624,
      "q" : "0.001",
      "p" : "3411.57",
      "s" : "buy",
      "i" : "PAXGUSD-PERP",
      "m" : "4611686018430218416"
    }, {
      "d" : "1756454538350244979",
      "t" : 1756454538350,
      "tn" : 1756454538350244978,
      "q" : "0.001",
      "p" : "3411.57",
      "s" : "buy",
      "i" : "PAXGUSD-PERP",
      "m" : "4611686018430218415"
    }, {
      "d" : "1756454538350244978",
      "t" : 1756454538350,
      "tn" : 1756454538350244978,
      "q" : "0.001",
      "p" : "3411.57",
      "s" : "buy",
      "i" : "PAXGUSD-PERP",
      "m" : "4611686018430218415"
    }, {
      "d" : "1756454438732477899",
      "t" : 1756454438732,
      "tn" : 1756454438732477899,
      "q" : "0.001",
      "p" : "3412.57",
      "s" : "sell",
      "i" : "PAXGUSD-PERP",
      "m" : "4611686018430218414"
    }, {
      "d" : "1756454438441421126",
      "t" : 1756454438441,
      "tn" : 1756454438441421126,
      "q" : "0.001",
      "p" : "3412.57",
      "s" : "sell",
      "i" : "PAXGUSD-PERP",
      "m" : "4611686018430218413"
    }, {
      "d" : "1756454372333507136",
      "t" : 1756454372333,
      "tn" : 1756454372333507136,
      "q" : "0.233",
      "p" : "3412.05",
      "s" : "buy",
      "i" : "PAXGUSD-PERP",
      "m" : "4611686018430218412"
    }, {
      "d" : "1756454316854535398",
      "t" : 1756454316854,
      "tn" : 1756454316854535398,
      "q" : "0.001",
      "p" : "3411.56",
      "s" : "buy",
      "i" : "PAXGUSD-PERP",
      "m" : "4611686018430218411"
    }, {
      "d" : "1756454098176730493",
      "t" : 1756454098176,
      "tn" : 1756454098176730493,
      "q" : "0.001",
      "p" : "3411.64",
      "s" : "buy",
      "i" : "PAXGUSD-PERP",
      "m" : "4611686018430218410"
    }, {
      "d" : "1756454040051802362",
      "t" : 1756454040051,
      "tn" : 1756454040051802362,
      "q" : "0.001",
      "p" : "3411.22",
      "s" : "buy",
      "i" : "PAXGUSD-PERP",
      "m" : "4611686018430218409"
    }, {
      "d" : "1756453370450700161",
      "t" : 1756453370450,
      "tn" : 1756453370450700161,
      "q" : "0.001",
      "p" : "3410.55",
      "s" : "buy",
      "i" : "PAXGUSD-PERP",
      "m" : "4611686018430218408"
    }, {
      "d" : "1756453310048970161",
      "t" : 1756453310048,
      "tn" : 1756453310048970161,
      "q" : "0.001",
      "p" : "3409.75",
      "s" : "buy",
      "i" : "PAXGUSD-PERP",
      "m" : "4611686018430218407"
    }, {
      "d" : "1756453309514546827",
      "t" : 1756453309514,
      "tn" : 1756453309514546827,
      "q" : "0.001",
      "p" : "3409.65",
      "s" : "buy",
      "i" : "PAXGUSD-PERP",
      "m" : "4611686018430218406"
    }, {
      "d" : "1756453308508919127",
      "t" : 1756453308508,
      "tn" : 1756453308508919127,
      "q" : "0.001",
      "p" : "3409.65",
      "s" : "buy",
      "i" : "PAXGUSD-PERP",
      "m" : "4611686018430218405"
    }, {
      "d" : "1756453307505097178",
      "t" : 1756453307505,
      "tn" : 1756453307505097178,
      "q" : "0.001",
      "p" : "3409.65",
      "s" : "buy",
      "i" : "PAXGUSD-PERP",
      "m" : "4611686018430218404"
    }, {
      "d" : "1756453306497557447",
      "t" : 1756453306497,
      "tn" : 1756453306497557447,
      "q" : "0.001",
      "p" : "3409.65",
      "s" : "buy",
      "i" : "PAXGUSD-PERP",
      "m" : "4611686018430218403"
    }, {
      "d" : "1756453305492306620",
      "t" : 1756453305492,
      "tn" : 1756453305492306620,
      "q" : "0.001",
      "p" : "3409.65",
      "s" : "buy",
      "i" : "PAXGUSD-PERP",
      "m" : "4611686018430218402"
    }, {
      "d" : "1756453304486618211",
      "t" : 1756453304486,
      "tn" : 1756453304486618211,
      "q" : "0.001",
      "p" : "3409.65",
      "s" : "buy",
      "i" : "PAXGUSD-PERP",
      "m" : "4611686018430218401"
    }, {
      "d" : "1756453303760948355",
      "t" : 1756453303760,
      "tn" : 1756453303760948355,
      "q" : "0.001",
      "p" : "3409.65",
      "s" : "buy",
      "i" : "PAXGUSD-PERP",
      "m" : "4611686018430218400"
    }, {
      "d" : "1756453303154875312",
      "t" : 1756453303154,
      "tn" : 1756453303154875312,
      "q" : "0.001",
      "p" : "3409.65",
      "s" : "buy",
      "i" : "PAXGUSD-PERP",
      "m" : "4611686018430218399"
    }, {
      "d" : "1756453275790197626",
      "t" : 1756453275790,
      "tn" : 1756453275790197626,
      "q" : "0.001",
      "p" : "3409.65",
      "s" : "buy",
      "i" : "PAXGUSD-PERP",
      "m" : "4611686018430218398"
    }, {
      "d" : "1756453274783612530",
      "t" : 1756453274783,
      "tn" : 1756453274783612530,
      "q" : "0.001",
      "p" : "3409.65",
      "s" : "buy",
      "i" : "PAXGUSD-PERP",
      "m" : "4611686018430218397"
    }, {
      "d" : "1756453273869673409",
      "t" : 1756453273869,
      "tn" : 1756453273869673409,
      "q" : "0.001",
      "p" : "3409.65",
      "s" : "buy",
      "i" : "PAXGUSD-PERP",
      "m" : "4611686018430218396"
    }, {
      "d" : "1756453273448284092",
      "t" : 1756453273448,
      "tn" : 1756453273448284092,
      "q" : "0.001",
      "p" : "3409.65",
      "s" : "buy",
      "i" : "PAXGUSD-PERP",
      "m" : "4611686018430218395"
    }, {
      "d" : "1756453268977445522",
      "t" : 1756453268977,
      "tn" : 1756453268977445522,
      "q" : "0.001",
      "p" : "3409.53",
      "s" : "buy",
      "i" : "PAXGUSD-PERP",
      "m" : "4611686018430218394"
    }, {
      "d" : "1756453268698868495",
      "t" : 1756453268698,
      "tn" : 1756453268698868495,
      "q" : "0.001",
      "p" : "3409.43",
      "s" : "buy",
      "i" : "PAXGUSD-PERP",
      "m" : "4611686018430218393"
    }, {
      "d" : "1756453267701681228",
      "t" : 1756453267701,
      "tn" : 1756453267701681228,
      "q" : "0.001",
      "p" : "3409.43",
      "s" : "buy",
      "i" : "PAXGUSD-PERP",
      "m" : "4611686018430218392"
    }, {
      "d" : "1756453266680117088",
      "t" : 1756453266680,
      "tn" : 1756453266680117088,
      "q" : "0.001",
      "p" : "3409.43",
      "s" : "buy",
      "i" : "PAXGUSD-PERP",
      "m" : "4611686018430218391"
    }, {
      "d" : "1756453265662810250",
      "t" : 1756453265662,
      "tn" : 1756453265662810250,
      "q" : "0.001",
      "p" : "3409.43",
      "s" : "buy",
      "i" : "PAXGUSD-PERP",
      "m" : "4611686018430218390"
    }, {
      "d" : "1756453264650787892",
      "t" : 1756453264650,
      "tn" : 1756453264650787892,
      "q" : "0.001",
      "p" : "3409.43",
      "s" : "buy",
      "i" : "PAXGUSD-PERP",
      "m" : "4611686018430218389"
    }, {
      "d" : "1756453263562014438",
      "t" : 1756453263562,
      "tn" : 1756453263562014438,
      "q" : "0.001",
      "p" : "3409.43",
      "s" : "buy",
      "i" : "PAXGUSD-PERP",
      "m" : "4611686018430218388"
    }, {
      "d" : "1756453263310945011",
      "t" : 1756453263310,
      "tn" : 1756453263310945011,
      "q" : "0.001",
      "p" : "3409.43",
      "s" : "buy",
      "i" : "PAXGUSD-PERP",
      "m" : "4611686018430218387"
    }, {
      "d" : "1756453255570254398",
      "t" : 1756453255570,
      "tn" : 1756453255570254398,
      "q" : "0.001",
      "p" : "3409.43",
      "s" : "buy",
      "i" : "PAXGUSD-PERP",
      "m" : "4611686018430218386"
    }, {
      "d" : "1756453254565760316",
      "t" : 1756453254565,
      "tn" : 1756453254565760316,
      "q" : "0.001",
      "p" : "3409.43",
      "s" : "buy",
      "i" : "PAXGUSD-PERP",
      "m" : "4611686018430218385"
    }, {
      "d" : "1756453254174830139",
      "t" : 1756453254174,
      "tn" : 1756453254174830139,
      "q" : "0.001",
      "p" : "3409.43",
      "s" : "buy",
      "i" : "PAXGUSD-PERP",
      "m" : "4611686018430218384"
    }, {
      "d" : "1756453252119467584",
      "t" : 1756453252119,
      "tn" : 1756453252119467584,
      "q" : "0.001",
      "p" : "3409.43",
      "s" : "buy",
      "i" : "PAXGUSD-PERP",
      "m" : "4611686018430218383"
    }, {
      "d" : "1756453223663566137",
      "t" : 1756453223663,
      "tn" : 1756453223663566137,
      "q" : "0.001",
      "p" : "3409.32",
      "s" : "buy",
      "i" : "PAXGUSD-PERP",
      "m" : "4611686018430218382"
    }, {
      "d" : "1756453223663564430",
      "t" : 1756453223663,
      "tn" : 1756453223663564430,
      "q" : "0.001",
      "p" : "3409.18",
      "s" : "buy",
      "i" : "PAXGUSD-PERP",
      "m" : "4611686018430218381"
    }, {
      "d" : "1756453222693570342",
      "t" : 1756453222693,
      "tn" : 1756453222693570342,
      "q" : "0.001",
      "p" : "3409.18",
      "s" : "buy",
      "i" : "PAXGUSD-PERP",
      "m" : "4611686018430218380"
    }, {
      "d" : "1756453221694973643",
      "t" : 1756453221694,
      "tn" : 1756453221694973643,
      "q" : "0.001",
      "p" : "3409.18",
      "s" : "buy",
      "i" : "PAXGUSD-PERP",
      "m" : "4611686018430218379"
    }, {
      "d" : "1756453220670854708",
      "t" : 1756453220670,
      "tn" : 1756453220670854708,
      "q" : "0.001",
      "p" : "3409.18",
      "s" : "buy",
      "i" : "PAXGUSD-PERP",
      "m" : "4611686018430218378"
    }, {
      "d" : "1756453219659824003",
      "t" : 1756453219659,
      "tn" : 1756453219659824003,
      "q" : "0.001",
      "p" : "3409.18",
      "s" : "buy",
      "i" : "PAXGUSD-PERP",
      "m" : "4611686018430218377"
    }, {
      "d" : "1756453218823292644",
      "t" : 1756453218823,
      "tn" : 1756453218823292644,
      "q" : "0.001",
      "p" : "3409.18",
      "s" : "buy",
      "i" : "PAXGUSD-PERP",
      "m" : "4611686018430218376"
    }, {
      "d" : "1756453218567506592",
      "t" : 1756453218567,
      "tn" : 1756453218567506592,
      "q" : "0.001",
      "p" : "3409.18",
      "s" : "buy",
      "i" : "PAXGUSD-PERP",
      "m" : "4611686018430218375"
    }, {
      "d" : "1756453157251167244",
      "t" : 1756453157251,
      "tn" : 1756453157251167244,
      "q" : "0.001",
      "p" : "3409.18",
      "s" : "buy",
      "i" : "PAXGUSD-PERP",
      "m" : "4611686018430218374"
    }, {
      "d" : "1756453155789651751",
      "t" : 1756453155789,
      "tn" : 1756453155789651751,
      "q" : "0.001",
      "p" : "3409.18",
      "s" : "buy",
      "i" : "PAXGUSD-PERP",
      "m" : "4611686018430218373"
    } ]
  }
}