{
  "id" : -1,
  "method" : "public/get-trades",
  "code" : 0,
  "result" : {
    "data" : [ {
      "d" : "1756461388753295888",
      "t" : 1756461388753,
      "tn" : 1756461388753295888,
      "q" : "0.0004",
      "p" : "3410.27",
      "s" : "sell",
      "i" : "PAXG_USDT",
      "m" : "4611686018430699701"
    }, {
      "d" : "1756460820390622516",
      "t" : 1756460820390,
      "tn" : 1756460820390622516,
      "q" : "0.0004",
      "p" : "3410.47",
      "s" : "sell",
      "i" : "PAXG_USDT",
      "m" : "4611686018430699700"
    }, {
      "d" : "1756459614825515430",
      "t" : 1756459614825,
      "tn" : 1756459614825515430,
      "q" : "0.0004",
      "p" : "3410.43",
      "s" : "sell",
      "i" : "PAXG_USDT",
      "m" : "4611686018430699699"
    }, {
      "d" : "1756459503750820092",
      "t" : 1756459503750,
      "tn" : 1756459503750820092,
      "q" : "0.0004",
      "p" : "3411.75",
      "s" : "sell",
      "i" : "PAXG_USDT",
      "m" : "4611686018430699698"
    }, {
      "d" : "1756459101016984627",
      "t" : 1756459101016,
      "tn" : 1756459101016984627,
      "q" : "0.0286",
      "p" : "3411.30",
      "s" : "buy",
      "i" : "PAXG_USDT",
      "m" : "4611686018430699697"
    }, {
      "d" : "1756459074019212942",
      "t" : 1756459074019,
      "tn" : 1756459074019212942,
      "q" : "0.0004",
      "p" : "3410.91",
      "s" : "buy",
      "i" : "PAXG_USDT",
      "m" : "4611686018430699696"
    }, {
      "d" : "1756459060260642372",
      "t" : 1756459060260,
      "tn" : 1756459060260642372,
      "q" : "0.0004",
      "p" : "3410.91",
      "s" : "buy",
      "i" : "PAXG_USDT",
      "m" : "4611686018430699695"
    }, {
      "d" : "1756459017977837431",
      "t" : 1756459017977,
      "tn" : 1756459017977837431,
      "q" : "0.0004",
      "p" : "3410.10",
      "s" : "buy",
      "i" : "PAXG_USDT",
      "m" : "4611686018430699694"
    }, {
      "d" : "1756459006128319368",
      "t" : 1756459006128,
      "tn" : 1756459006128319368,
      "q" : "0.0004",
      "p" : "3410.10",
      "s" : "buy",
      "i" : "PAXG_USDT",
      "m" : "4611686018430699693"
    }, {
      "d" : "1756458992015991769",
      "t" : 1756458992015,
      "tn" : 1756458992015991769,
      "q" : "0.0004",
      "p" : "3409.93",
      "s" : "buy",
      "i" : "PAXG_USDT",
      "m" : "4611686018430699692"
    }, {
      "d" : "1756458978653141720",
      "t" : 1756458978653,
      "tn" : 1756458978653141720,
      "q" : "0.0004",
      "p" : "3409.93",
      "s" : "buy",
      "i" : "PAXG_USDT",
      "m" : "4611686018430699691"
    }, {
      "d" : "1756458965019825859",
      "t" : 1756458965019,
      "tn" : 1756458965019825859,
      "q" : "0.0004",
      "p" : "3409.93",
      "s" : "buy",
      "i" : "PAXG_USDT",
      "m" : "4611686018430699690"
    }, {
      "d" : "1756458959481406203",
      "t" : 1756458959481,
      "tn" : 1756458959481406203,
      "q" : "0.0004",
      "p" : "3410.07",
      "s" : "buy",
      "i" : "PAXG_USDT",
      "m" : "4611686018430699689"
    }, {
      "d" : "1756458952398069251",
      "t" : 1756458952398,
      "tn" : 1756458952398069251,
      "q" : "0.0004",
      "p" : "3409.83",
      "s" : "buy",
      "i" : "PAXG_USDT",
      "m" : "4611686018430699688"
    }, {
      "d" : "1756458926733777615",
      "t" : 1756458926733,
      "tn" : 1756458926733777615,
      "q" : "0.0004",
      "p" : "3409.83",
      "s" : "buy",
      "i" : "PAXG_USDT",
      "m" : "4611686018430699687"
    }, {
      "d" : "1756458913164933889",
      "t" : 1756458913164,
      "tn" : 1756458913164933889,
      "q" : "0.0004",
      "p" : "3409.83",
      "s" : "buy",
      "i" : "PAXG_USDT",
      "m" : "4611686018430699686"
    }, {
      "d" : "1756458886857082357",
      "t" : 1756458886857,
      "tn" : 1756458886857082357,
      "q" : "0.0004",
      "p" : "3409.83",
      "s" : "buy",
      "i" : "PAXG_USDT",
      "m" : "4611686018430699685"
    }, {
      "d" : "1756458876406900926",
      "t" : 1756458876406,
      "tn" : 1756458876406900926,
      "q" : "0.0004",
      "p" : "3409.83",
      "s" : "buy",
      "i" : "PAXG_USDT",
      "m" : "4611686018430699684"
    }, {
      "d" : "1756458726575854717",
      "t" : 1756458726575,
      "tn" : 1756458726575854717,
      "q" : "0.0004",
      "p" : "3411.43",
      "s" : "sell",
      "i" : "PAXG_USDT",
      "m" : "4611686018430699683"
    }, {
      "d" : "1756458167996507861",
      "t" : 1756458167996,
      "tn" : 1756458167996507861,
      "q" : "0.0113",
      "p" : "3410.23",
      "s" : "buy",
      "i" : "PAXG_USDT",
      "m" : "4611686018430699682"
    }, {
      "d" : "1756458167996505534",
      "t" : 1756458167996,
      "tn" : 1756458167996505534,
      "q" : "0.0004",
      "p" : "3409.64",
      "s" : "buy",
      "i" : "PAXG_USDT",
      "m" : "4611686018430699681"
    }, {
      "d" : "1756458160425075489",
      "t" : 1756458160425,
      "tn" : 1756458160425075489,
      "q" : "0.0210",
      "p" : "3410.22",
      "s" : "sell",
      "i" : "PAXG_USDT",
      "m" : "4611686018430699680"
    }, {
      "d" : "1756458160421257914",
      "t" : 1756458160421,
      "tn" : 1756458160421257914,
      "q" : "0.0084",
      "p" : "3410.22",
      "s" : "sell",
      "i" : "PAXG_USDT",
      "m" : "4611686018430699679"
    }, {
      "d" : "1756458153838281725",
      "t" : 1756458153838,
      "tn" : 1756458153838281725,
      "q" : "0.0004",
      "p" : "3410.20",
      "s" : "buy",
      "i" : "PAXG_USDT",
      "m" : "4611686018430699678"
    }, {
      "d" : "1756458142081986358",
      "t" : 1756458142081,
      "tn" : 1756458142081986358,
      "q" : "0.0004",
      "p" : "3410.21",
      "s" : "buy",
      "i" : "PAXG_USDT",
      "m" : "4611686018430699677"
    }, {
      "d" : "1756457870331398862",
      "t" : 1756457870331,
      "tn" : 1756457870331398862,
      "q" : "0.0204",
      "p" : "3410.53",
      "s" : "sell",
      "i" : "PAXG_USDT",
      "m" : "4611686018430699676"
    }, {
      "d" : "1756457831162043611",
      "t" : 1756457831162,
      "tn" : 1756457831162043611,
      "q" : "0.0004",
      "p" : "3411.13",
      "s" : "sell",
      "i" : "PAXG_USDT",
      "m" : "4611686018430699675"
    }, {
      "d" : "1756457761161871065",
      "t" : 1756457761161,
      "tn" : 1756457761161871065,
      "q" : "0.0004",
      "p" : "3411.66",
      "s" : "sell",
      "i" : "PAXG_USDT",
      "m" : "4611686018430699674"
    }, {
      "d" : "1756455533763975377",
      "t" : 1756455533763,
      "tn" : 1756455533763975377,
      "q" : "0.0586",
      "p" : "3415.41",
      "s" : "buy",
      "i" : "PAXG_USDT",
      "m" : "4611686018430699673"
    }, {
      "d" : "1756455519714684248",
      "t" : 1756455519714,
      "tn" : 1756455519714684248,
      "q" : "0.0004",
      "p" : "3415.36",
      "s" : "buy",
      "i" : "PAXG_USDT",
      "m" : "4611686018430699672"
    }, {
      "d" : "1756455506215639790",
      "t" : 1756455506215,
      "tn" : 1756455506215639790,
      "q" : "0.0004",
      "p" : "3415.36",
      "s" : "buy",
      "i" : "PAXG_USDT",
      "m" : "4611686018430699671"
    }, {
      "d" : "1756455493228688629",
      "t" : 1756455493228,
      "tn" : 1756455493228688629,
      "q" : "0.0004",
      "p" : "3415.36",
      "s" : "buy",
      "i" : "PAXG_USDT",
      "m" : "4611686018430699670"
    }, {
      "d" : "1756455478144271079",
      "t" : 1756455478144,
      "tn" : 1756455478144271079,
      "q" : "0.0004",
      "p" : "3415.38",
      "s" : "buy",
      "i" : "PAXG_USDT",
      "m" : "4611686018430699669"
    }, {
      "d" : "1756455465137396344",
      "t" : 1756455465137,
      "tn" : 1756455465137396344,
      "q" : "0.0004",
      "p" : "3415.36",
      "s" : "buy",
      "i" : "PAXG_USDT",
      "m" : "4611686018430699668"
    }, {
      "d" : "1756455452324853878",
      "t" : 1756455452324,
      "tn" : 1756455452324853878,
      "q" : "0.0004",
      "p" : "3415.36",
      "s" : "buy",
      "i" : "PAXG_USDT",
      "m" : "4611686018430699667"
    }, {
      "d" : "1756455425667324981",
      "t" : 1756455425667,
      "tn" : 1756455425667324981,
      "q" : "0.0004",
      "p" : "3415.36",
      "s" : "buy",
      "i" : "PAXG_USDT",
      "m" : "4611686018430699666"
    }, {
      "d" : "1756455412056406193",
      "t" : 1756455412056,
      "tn" : 1756455412056406193,
      "q" : "0.0004",
      "p" : "3415.36",
      "s" : "buy",
      "i" : "PAXG_USDT",
      "m" : "4611686018430699665"
    }, {
      "d" : "1756455396759396070",
      "t" : 1756455396759,
      "tn" : 1756455396759396070,
      "q" : "0.0004",
      "p" : "3415.36",
      "s" : "buy",
      "i" : "PAXG_USDT",
      "m" : "4611686018430699664"
    }, {
      "d" : "1756455384325225791",
      "t" : 1756455384325,
      "tn" : 1756455384325225791,
      "q" : "0.0004",
      "p" : "3415.36",
      "s" : "buy",
      "i" : "PAXG_USDT",
      "m" : "4611686018430699663"
    }, {
      "d" : "1756455371156179668",
      "t" : 1756455371156,
      "tn" : 1756455371156179668,
      "q" : "0.0004",
      "p" : "3415.36",
      "s" : "buy",
      "i" : "PAXG_USDT",
      "m" : "4611686018430699662"
    }, {
      "d" : "1756455356743508142",
      "t" : 1756455356743,
      "tn" : 1756455356743508142,
      "q" : "0.0004",
      "p" : "3415.36",
      "s" : "buy",
      "i" : "PAXG_USDT",
      "m" : "4611686018430699661"
    }, {
      "d" : "1756455334356232013",
      "t" : 1756455334356,
      "tn" : 1756455334356232013,
      "q" : "0.0004",
      "p" : "3414.96",
      "s" : "buy",
      "i" : "PAXG_USDT",
      "m" : "4611686018430699660"
    }, {
      "d" : "1756455166737981808",
      "t" : 1756455166737,
      "tn" : 1756455166737981808,
      "q" : "0.0004",
      "p" : "3413.92",
      "s" : "buy",
      "i" : "PAXG_USDT",
      "m" : "4611686018430699659"
    }, {
      "d" : "1756455153340051371",
      "t" : 1756455153340,
      "tn" : 1756455153340051371,
      "q" : "0.0004",
      "p" : "3413.93",
      "s" : "buy",
      "i" : "PAXG_USDT",
      "m" : "4611686018430699658"
    }, {
      "d" : "1756455141685004609",
      "t" : 1756455141685,
      "tn" : 1756455141685004609,
      "q" : "0.0004",
      "p" : "3413.92",
      "s" : "buy",
      "i" : "PAXG_USDT",
      "m" : "4611686018430699657"
    }, {
      "d" : "1756455127818844164",
      "t" : 1756455127818,
      "tn" : 1756455127818844164,
      "q" : "0.0004",
      "p" : "3413.92",
      "s" : "buy",
      "i" : "PAXG_USDT",
      "m" : "4611686018430699656"
    }, {
      "d" : "1756455113831480584",
      "t" : 1756455113831,
      "tn" : 1756455113831480584,
      "q" : "0.0004",
      "p" : "3413.92",
      "s" : "buy",
      "i" : "PAXG_USDT",
      "m" : "4611686018430699655"
    }, {
      "d" : "1756455101188327187",
      "t" : 1756455101188,
      "tn" : 1756455101188327187,
      "q" : "0.0004",
      "p" : "3413.92",
      "s" : "buy",
      "i" : "PAXG_USDT",
      "m" : "4611686018430699654"
    }, {
      "d" : "1756455086861103657",
      "t" : 1756455086861,
      "tn" : 1756455086861103657,
      "q" : "0.0004",
      "p" : "3413.92",
      "s" : "buy",
      "i" : "PAXG_USDT",
      "m" : "4611686018430699653"
    }, {
      "d" : "1756455073172522898",
      "t" : 1756455073172,
      "tn" : 1756455073172522898,
      "q" : "0.0004",
      "p" : "3413.92",
      "s" : "buy",
      "i" : "PAXG_USDT",
      "m" : "4611686018430699652"
    }, {
      "d" : "1756455058948406396",
      "t" : 1756455058948,
      "tn" : 1756455058948406396,
      "q" : "0.0004",
      "p" : "3413.92",
      "s" : "buy",
      "i" : "PAXG_USDT",
      "m" : "4611686018430699651"
    }, {
      "d" : "1756455045935611513",
      "t" : 1756455045935,
      "tn" : 1756455045935611513,
      "q" : "0.0004",
      "p" : "3413.92",
      "s" : "buy",
      "i" : "PAXG_USDT",
      "m" : "4611686018430699650"
    }, {
      "d" : "1756455032016507620",
      "t" : 1756455032016,
      "tn" : 1756455032016507620,
      "q" : "0.0004",
      "p" : "3413.92",
      "s" : "buy",
      "i" : "PAXG_USDT",
      "m" : "4611686018430699649"
    }, {
      "d" : "1756455018898279750",
      "t" : 1756455018898,
      "tn" : 1756455018898279750,
      "q" : "0.0004",
      "p" : "3413.92",
      "s" : "buy",
      "i" : "PAXG_USDT",
      "m" : "4611686018430699648"
    }, {
      "d" : "1756455006461043921",
      "t" : 1756455006461,
      "tn" : 1756455006461043921,
      "q" : "0.0004",
      "p" : "3413.92",
      "s" : "buy",
      "i" : "PAXG_USDT",
      "m" : "4611686018430699647"
    }, {
      "d" : "1756454994039952877",
      "t" : 1756454994039,
      "tn" : 1756454994039952877,
      "q" : "0.0004",
      "p" : "3413.92",
      "s" : "buy",
      "i" : "PAXG_USDT",
      "m" : "4611686018430699646"
    }, {
      "d" : "1756454980328673795",
      "t" : 1756454980328,
      "tn" : 1756454980328673795,
      "q" : "0.0021",
      "p" : "3413.56",
      "s" : "sell",
      "i" : "PAXG_USDT",
      "m" : "4611686018430699645"
    }, {
      "d" : "1756454980317397933",
      "t" : 1756454980317,
      "tn" : 1756454980317397933,
      "q" : "0.0004",
      "p" : "3413.49",
      "s" : "buy",
      "i" : "PAXG_USDT",
      "m" : "4611686018430699644"
    }, {
      "d" : "1756454967018555280",
      "t" : 1756454967018,
      "tn" : 1756454967018555280,
      "q" : "0.0004",
      "p" : "3413.49",
      "s" : "buy",
      "i" : "PAXG_USDT",
      "m" : "4611686018430699643"
    }, {
      "d" : "1756454954303478463",
      "t" : 1756454954303,
      "tn" : 1756454954303478463,
      "q" : "0.0004",
      "p" : "3413.49",
      "s" : "buy",
      "i" : "PAXG_USDT",
      "m" : "4611686018430699642"
    }, {
      "d" : "1756454940831101946",
      "t" : 1756454940831,
      "tn" : 1756454940831101946,
      "q" : "0.0004",
      "p" : "3413.49",
      "s" : "buy",
      "i" : "PAXG_USDT",
      "m" : "4611686018430699641"
    }, {
      "d" : "1756454928069157145",
      "t" : 1756454928069,
      "tn" : 1756454928069157145,
      "q" : "0.0021",
      "p" : "3413.55",
      "s" : "sell",
      "i" : "PAXG_USDT",
      "m" : "4611686018430699640"
    }, {
      "d" : "1756454928063298394",
      "t" : 1756454928063,
      "tn" : 1756454928063298394,
      "q" : "0.0004",
      "p" : "3413.49",
      "s" : "buy",
      "i" : "PAXG_USDT",
      "m" : "4611686018430699639"
    }, {
      "d" : "1756454914857184357",
      "t" : 1756454914857,
      "tn" : 1756454914857184357,
      "q" : "0.0004",
      "p" : "3413.49",
      "s" : "buy",
      "i" : "PAXG_USDT",
      "m" : "4611686018430699638"
    }, {
      "d" : "1756454900666382331",
      "t" : 1756454900666,
      "tn" : 1756454900666382331,
      "q" : "0.0021",
      "p" : "3413.54",
      "s" : "sell",
      "i" : "PAXG_USDT",
      "m" : "4611686018430699637"
    }, {
      "d" : "1756454900656449565",
      "t" : 1756454900656,
      "tn" : 1756454900656449565,
      "q" : "0.0021",
      "p" : "3413.53",
      "s" : "sell",
      "i" : "PAXG_USDT",
      "m" : "4611686018430699636"
    }, {
      "d" : "1756454900652143656",
      "t" : 1756454900652,
      "tn" : 1756454900652143656,
      "q" : "0.0004",
      "p" : "3413.49",
      "s" : "buy",
      "i" : "PAXG_USDT",
      "m" : "4611686018430699635"
    }, {
      "d" : "1756454895507580298",
      "t" : 1756454895507,
      "tn" : 1756454895507580298,
      "q" : "0.0021",
      "p" : "3413.52",
      "s" : "sell",
      "i" : "PAXG_USDT",
      "m" : "4611686018430699634"
    }, {
      "d" : "1756454887264667072",
      "t" : 1756454887264,
      "tn" : 1756454887264667072,
      "q" : "0.0021",
      "p" : "3413.51",
      "s" : "sell",
      "i" : "PAXG_USDT",
      "m" : "4611686018430699633"
    }, {
      "d" : "1756454887262426079",
      "t" : 1756454887262,
      "tn" : 1756454887262426079,
      "q" : "0.0004",
      "p" : "3413.49",
      "s" : "buy",
      "i" : "PAXG_USDT",
      "m" : "4611686018430699632"
    }, {
      "d" : "1756454872372349295",
      "t" : 1756454872372,
      "tn" : 1756454872372349295,
      "q" : "0.0004",
      "p" : "3413.49",
      "s" : "buy",
      "i" : "PAXG_USDT",
      "m" : "4611686018430699631"
    }, {
      "d" : "1756454582524415217",
      "t" : 1756454582524,
      "tn" : 1756454582524415217,
      "q" : "0.0004",
      "p" : "3413.80",
      "s" : "sell",
      "i" : "PAXG_USDT",
      "m" : "4611686018430699630"
    }, {
      "d" : "1756454578324012801",
      "t" : 1756454578324,
      "tn" : 1756454578324012801,
      "q" : "0.2575",
      "p" : "3415.64",
      "s" : "buy",
      "i" : "PAXG_USDT",
      "m" : "4611686018430699629"
    }, {
      "d" : "1756454578324010818",
      "t" : 1756454578324,
      "tn" : 1756454578324010818,
      "q" : "0.1595",
      "p" : "3415.63",
      "s" : "buy",
      "i" : "PAXG_USDT",
      "m" : "4611686018430699628"
    }, {
      "d" : "1756454578324008075",
      "t" : 1756454578324,
      "tn" : 1756454578324008075,
      "q" : "0.2068",
      "p" : "3415.29",
      "s" : "buy",
      "i" : "PAXG_USDT",
      "m" : "4611686018430699627"
    }, {
      "d" : "1756454578323875325",
      "t" : 1756454578323,
      "tn" : 1756454578323875325,
      "q" : "0.0004",
      "p" : "3411.88",
      "s" : "buy",
      "i" : "PAXG_USDT",
      "m" : "4611686018430699626"
    }, {
      "d" : "1756454120519929476",
      "t" : 1756454120519,
      "tn" : 1756454120519929476,
      "q" : "0.0004",
      "p" : "3415.97",
      "s" : "sell",
      "i" : "PAXG_USDT",
      "m" : "4611686018430699625"
    }, {
      "d" : "1756454119597707765",
      "t" : 1756454119597,
      "tn" : 1756454119597707765,
      "q" : "0.0004",
      "p" : "3415.97",
      "s" : "sell",
      "i" : "PAXG_USDT",
      "m" : "4611686018430699624"
    }, {
      "d" : "1756454119527510838",
      "t" : 1756454119527,
      "tn" : 1756454119527510838,
      "q" : "0.0004",
      "p" : "3415.97",
      "s" : "sell",
      "i" : "PAXG_USDT",
      "m" : "4611686018430699623"
    }, {
      "d" : "1756454119497441991",
      "t" : 1756454119497,
      "tn" : 1756454119497441991,
      "q" : "0.0004",
      "p" : "3415.97",
      "s" : "sell",
      "i" : "PAXG_USDT",
      "m" : "4611686018430699622"
    }, {
      "d" : "1756454119427419073",
      "t" : 1756454119427,
      "tn" : 1756454119427419073,
      "q" : "0.0004",
      "p" : "3415.97",
      "s" : "sell",
      "i" : "PAXG_USDT",
      "m" : "4611686018430699621"
    }, {
      "d" : "1756454119297181107",
      "t" : 1756454119297,
      "tn" : 1756454119297181107,
      "q" : "0.0004",
      "p" : "3415.97",
      "s" : "sell",
      "i" : "PAXG_USDT",
      "m" : "4611686018430699620"
    }, {
      "d" : "1756454119096279335",
      "t" : 1756454119096,
      "tn" : 1756454119096279335,
      "q" : "0.0004",
      "p" : "3415.97",
      "s" : "sell",
      "i" : "PAXG_USDT",
      "m" : "4611686018430699619"
    }, {
      "d" : "1756454118895272137",
      "t" : 1756454118895,
      "tn" : 1756454118895272137,
      "q" : "0.0004",
      "p" : "3415.97",
      "s" : "sell",
      "i" : "PAXG_USDT",
      "m" : "4611686018430699618"
    }, {
      "d" : "1756454118800299755",
      "t" : 1756454118800,
      "tn" : 1756454118800299755,
      "q" : "0.0004",
      "p" : "3415.97",
      "s" : "sell",
      "i" : "PAXG_USDT",
      "m" : "4611686018430699617"
    }, {
      "d" : "1756454117522137582",
      "t" : 1756454117522,
      "tn" : 1756454117522137582,
      "q" : "0.0004",
      "p" : "3415.97",
      "s" : "sell",
      "i" : "PAXG_USDT",
      "m" : "4611686018430699616"
    }, {
      "d" : "1756454117296848959",
      "t" : 1756454117296,
      "tn" : 1756454117296848959,
      "q" : "0.0004",
      "p" : "3415.97",
      "s" : "sell",
      "i" : "PAXG_USDT",
      "m" : "4611686018430699615"
    }, {
      "d" : "1756454116895563381",
      "t" : 1756454116895,
      "tn" : 1756454116895563381,
      "q" : "0.0004",
      "p" : "3415.97",
      "s" : "sell",
      "i" : "PAXG_USDT",
      "m" : "4611686018430699614"
    }, {
      "d" : "1756454116825516196",
      "t" : 1756454116825,
      "tn" : 1756454116825516196,
      "q" : "0.0004",
      "p" : "3415.97",
      "s" : "sell",
      "i" : "PAXG_USDT",
      "m" : "4611686018430699613"
    }, {
      "d" : "1756454116695355602",
      "t" : 1756454116695,
      "tn" : 1756454116695355602,
      "q" : "0.0004",
      "p" : "3415.97",
      "s" : "sell",
      "i" : "PAXG_USDT",
      "m" : "4611686018430699612"
    }, {
      "d" : "1756454116520067695",
      "t" : 1756454116520,
      "tn" : 1756454116520067695,
      "q" : "0.0004",
      "p" : "3415.97",
      "s" : "sell",
      "i" : "PAXG_USDT",
      "m" : "4611686018430699611"
    }, {
      "d" : "1756454116194691349",
      "t" : 1756454116194,
      "tn" : 1756454116194691349,
      "q" : "0.0004",
      "p" : "3415.97",
      "s" : "sell",
      "i" : "PAXG_USDT",
      "m" : "4611686018430699610"
    }, {
      "d" : "1756454115893560565",
      "t" : 1756454115893,
      "tn" : 1756454115893560565,
      "q" : "0.0004",
      "p" : "3415.97",
      "s" : "sell",
      "i" : "PAXG_USDT",
      "m" : "4611686018430699609"
    }, {
      "d" : "1756454115833448882",
      "t" : 1756454115833,
      "tn" : 1756454115833448882,
      "q" : "0.0004",
      "p" : "3415.97",
      "s" : "sell",
      "i" : "PAXG_USDT",
      "m" : "4611686018430699608"
    }, {
      "d" : "1756454115527842906",
      "t" : 1756454115527,
      "tn" : 1756454115527842906,
      "q" : "0.0004",
      "p" : "3415.97",
      "s" : "sell",
      "i" : "PAXG_USDT",
      "m" : "4611686018430699607"
    }, {
      "d" : "1756454115297409835",
      "t" : 1756454115297,
      "tn" : 1756454115297409835,
      "q" : "0.0004",
      "p" : "3415.97",
      "s" : "sell",
      "i" : "PAXG_USDT",
      "m" : "4611686018430699606"
    }, {
      "d" : "1756454115097298292",
      "t" : 1756454115097,
      "tn" : 1756454115097298292,
      "q" : "0.0004",
      "p" : "3415.97",
      "s" : "sell",
      "i" : "PAXG_USDT",
      "m" : "4611686018430699605"
    }, {
      "d" : "1756454114896369163",
      "t" : 1756454114896,
      "tn" : 1756454114896369163,
      "q" : "0.0004",
      "p" : "3415.97",
      "s" : "sell",
      "i" : "PAXG_USDT",
      "m" : "4611686018430699604"
    }, {
      "d" : "1756454114520539348",
      "t" : 1756454114520,
      "tn" : 1756454114520539348,
      "q" : "0.0004",
      "p" : "3415.97",
      "s" : "sell",
      "i" : "PAXG_USDT",
      "m" : "4611686018430699603"
    }, {
      "d" : "1756454114395266423",
      "t" : 1756454114395,
      "tn" : 1756454114395266423,
      "q" : "0.0004",
      "p" : "3415.97",
      "s" : "sell",
      "i" : "PAXG_USDT",
      "m" : "4611686018430699602"
    }, {
      "d" : "1756454114295109284",
      "t" : 1756454114295,
      "tn" : 1756454114295109284,
      "q" : "0.0004",
      "p" : "3415.97",
      "s" : "sell",
      "i" : "PAXG_USDT",
      "m" : "4611686018430699601"
    }, {
      "d" : "1756454114094819637",
      "t" : 1756454114094,
      "tn" : 1756454114094819637,
      "q" : "0.0004",
      "p" : "3415.97",
      "s" : "sell",
      "i" : "PAXG_USDT",
      "m" : "4611686018430699600"
    }, {
      "d" : "1756454113993970626",
      "t" : 1756454113993,
      "tn" : 1756454113993970626,
      "q" : "0.0004",
      "p" : "3415.97",
      "s" : "sell",
      "i" : "PAXG_USDT",
      "m" : "4611686018430699599"
    }, {
      "d" : "1756454113893863063",
      "t" : 1756454113893,
      "tn" : 1756454113893863063,
      "q" : "0.0004",
      "p" : "3415.97",
      "s" : "sell",
      "i" : "PAXG_USDT",
      "m" : "4611686018430699598"
    }, {
      "d" : "1756454113858854557",
      "t" : 1756454113858,
      "tn" : 1756454113858854557,
      "q" : "0.0004",
      "p" : "3415.97",
      "s" : "sell",
      "i" : "PAXG_USDT",
      "m" : "4611686018430699597"
    }, {
      "d" : "1756454113598417004",
      "t" : 1756454113598,
      "tn" : 1756454113598417004,
      "q" : "0.0004",
      "p" : "3415.97",
      "s" : "sell",
      "i" : "PAXG_USDT",
      "m" : "4611686018430699596"
    }, {
      "d" : "1756454113523069202",
      "t" : 1756454113523,
      "tn" : 1756454113523069202,
      "q" : "0.0004",
      "p" : "3415.97",
      "s" : "sell",
      "i" : "PAXG_USDT",
      "m" : "4611686018430699595"
    }, {
      "d" : "1756454113397917928",
      "t" : 1756454113397,
      "tn" : 1756454113397917928,
      "q" : "0.0004",
      "p" : "3415.97",
      "s" : "sell",
      "i" : "PAXG_USDT",
      "m" : "4611686018430699594"
    }, {
      "d" : "1756454113182851407",
      "t" : 1756454113182,
      "tn" : 1756454113182851407,
      "q" : "0.0295",
      "p" : "3415.97",
      "s" : "sell",
      "i" : "PAXG_USDT",
      "m" : "4611686018430699593"
    }, {
      "d" : "1756454113181200961",
      "t" : 1756454113181,
      "tn" : 1756454113181200961,
      "q" : "0.0004",
      "p" : "3415.97",
      "s" : "sell",
      "i" : "PAXG_USDT",
      "m" : "4611686018430699592"
    }, {
      "d" : "1756454113175597692",
      "t" : 1756454113175,
      "tn" : 1756454113175597692,
      "q" : "0.0004",
      "p" : "3412.56",
      "s" : "buy",
      "i" : "PAXG_USDT",
      "m" : "4611686018430699591"
    }, {
      "d" : "1756454099449435255",
      "t" : 1756454099449,
      "tn" : 1756454099449435255,
      "q" : "0.0004",
      "p" : "3411.19",
      "s" : "buy",
      "i" : "PAXG_USDT",
      "m" : "4611686018430699590"
    }, {
      "d" : "1756454072646298958",
      "t" : 1756454072646,
      "tn" : 1756454072646298958,
      "q" : "0.0004",
      "p" : "3411.23",
      "s" : "buy",
      "i" : "PAXG_USDT",
      "m" : "4611686018430699589"
    }, {
      "d" : "1756454058589264426",
      "t" : 1756454058589,
      "tn" : 1756454058589264426,
      "q" : "0.0004",
      "p" : "3411.22",
      "s" : "buy",
      "i" : "PAXG_USDT",
      "m" : "4611686018430699588"
    }, {
      "d" : "1756454045449103946",
      "t" : 1756454045449,
      "tn" : 1756454045449103946,
      "q" : "0.0004",
      "p" : "3411.20",
      "s" : "buy",
      "i" : "PAXG_USDT",
      "m" : "4611686018430699587"
    }, {
      "d" : "1756454032595250230",
      "t" : 1756454032595,
      "tn" : 1756454032595250230,
      "q" : "0.0004",
      "p" : "3411.20",
      "s" : "buy",
      "i" : "PAXG_USDT",
      "m" : "4611686018430699586"
    }, {
      "d" : "1756451804346619566",
      "t" : 1756451804346,
      "tn" : 1756451804346619566,
      "q" : "0.0004",
      "p" : "3411.06",
      "s" : "sell",
      "i" : "PAXG_USDT",
      "m" : "4611686018430699585"
    }, {
      "d" : "1756450964384979256",
      "t" : 1756450964384,
      "tn" : 1756450964384979256,
      "q" : "0.0004",
      "p" : "3412.73",
      "s" : "sell",
      "i" : "PAXG_USDT",
      "m" : "4611686018430699584"
    }, {
      "d" : "1756450140322075575",
      "t" : 1756450140322,
      "tn" : 1756450140322075575,
      "q" : "0.0004",
      "p" : "3412.36",
      "s" : "sell",
      "i" : "PAXG_USDT",
      "m" : "4611686018430699583"
    }, {
      "d" : "1756449546998449555",
      "t" : 1756449546998,
      "tn" : 1756449546998449555,
      "q" : "0.0004",
      "p" : "3413.85",
      "s" : "sell",
      "i" : "PAXG_USDT",
      "m" : "4611686018430699582"
    }, {
      "d" : "1756449358271829076",
      "t" : 1756449358271,
      "tn" : 1756449358271829076,
      "q" : "0.0004",
      "p" : "3412.92",
      "s" : "sell",
      "i" : "PAXG_USDT",
      "m" : "4611686018430699581"
    }, {
      "d" : "1756449132763086571",
      "t" : 1756449132763,
      "tn" : 1756449132763086571,
      "q" : "0.0004",
      "p" : "3413.24",
      "s" : "buy",
      "i" : "PAXG_USDT",
      "m" : "4611686018430699580"
    }, {
      "d" : "1756449105753880317",
      "t" : 1756449105753,
      "tn" : 1756449105753880317,
      "q" : "0.0004",
      "p" : "3413.23",
      "s" : "sell",
      "i" : "PAXG_USDT",
      "m" : "4611686018430699579"
    }, {
      "d" : "1756448246288058047",
      "t" : 1756448246288,
      "tn" : 1756448246288058047,
      "q" : "0.0004",
      "p" : "3413.47",
      "s" : "buy",
      "i" : "PAXG_USDT",
      "m" : "4611686018430699578"
    }, {
      "d" : "1756447741780276080",
      "t" : 1756447741780,
      "tn" : 1756447741780276080,
      "q" : "0.0004",
      "p" : "3413.95",
      "s" : "sell",
      "i" : "PAXG_USDT",
      "m" : "4611686018430699577"
    }, {
      "d" : "1756447709818585939",
      "t" : 1756447709818,
      "tn" : 1756447709818585939,
      "q" : "0.0004",
      "p" : "3413.95",
      "s" : "sell",
      "i" : "PAXG_USDT",
      "m" : "4611686018430699576"
    }, {
      "d" : "1756447233182754389",
      "t" : 1756447233182,
      "tn" : 1756447233182754389,
      "q" : "0.0004",
      "p" : "3412.14",
      "s" : "sell",
      "i" : "PAXG_USDT",
      "m" : "4611686018430699575"
    }, {
      "d" : "1756446153286072653",
      "t" : 1756446153286,
      "tn" : 1756446153286072653,
      "q" : "0.0004",
      "p" : "3412.15",
      "s" : "sell",
      "i" : "PAXG_USDT",
      "m" : "4611686018430699574"
    }, {
      "d" : "1756446048570462229",
      "t" : 1756446048570,
      "tn" : 1756446048570462229,
      "q" : "0.0004",
      "p" : "3412.15",
      "s" : "sell",
      "i" : "PAXG_USDT",
      "m" : "4611686018430699573"
    }, {
      "d" : "1756446013396451059",
      "t" : 1756446013396,
      "tn" : 1756446013396451059,
      "q" : "0.0004",
      "p" : "3412.15",
      "s" : "sell",
      "i" : "PAXG_USDT",
      "m" : "4611686018430699572"
    }, {
      "d" : "1756445988406422777",
      "t" : 1756445988406,
      "tn" : 1756445988406422777,
      "q" : "0.0004",
      "p" : "3412.16",
      "s" : "buy",
      "i" : "PAXG_USDT",
      "m" : "4611686018430699571"
    }, {
      "d" : "1756445905598317576",
      "t" : 1756445905598,
      "tn" : 1756445905598317576,
      "q" : "0.0004",
      "p" : "3412.15",
      "s" : "sell",
      "i" : "PAXG_USDT",
      "m" : "4611686018430699570"
    }, {
      "d" : "1756445808353252278",
      "t" : 1756445808353,
      "tn" : 1756445808353252278,
      "q" : "0.0004",
      "p" : "3412.15",
      "s" : "sell",
      "i" : "PAXG_USDT",
      "m" : "4611686018430699569"
    }, {
      "d" : "1756445689096770350",
      "t" : 1756445689096,
      "tn" : 1756445689096770350,
      "q" : "0.0004",
      "p" : "3415.03",
      "s" : "buy",
      "i" : "PAXG_USDT",
      "m" : "4611686018430699568"
    }, {
      "d" : "1756445313120098583",
      "t" : 1756445313120,
      "tn" : 1756445313120098583,
      "q" : "0.0004",
      "p" : "3411.63",
      "s" : "sell",
      "i" : "PAXG_USDT",
      "m" : "4611686018430699567"
    }, {
      "d" : "1756444693560815912",
      "t" : 1756444693560,
      "tn" : 1756444693560815912,
      "q" : "0.0004",
      "p" : "3411.80",
      "s" : "buy",
      "i" : "PAXG_USDT",
      "m" : "4611686018430699566"
    }, {
      "d" : "1756444505722731582",
      "t" : 1756444505722,
      "tn" : 1756444505722731582,
      "q" : "0.0004",
      "p" : "3411.65",
      "s" : "sell",
      "i" : "PAXG_USDT",
      "m" : "4611686018430699565"
    }, {
      "d" : "1756444357303614518",
      "t" : 1756444357303,
      "tn" : 1756444357303614518,
      "q" : "0.0004",
      "p" : "3412.39",
      "s" : "buy",
      "i" : "PAXG_USDT",
      "m" : "4611686018430699564"
    }, {
      "d" : "1756444164451136340",
      "t" : 1756444164451,
      "tn" : 1756444164451136340,
      "q" : "0.0004",
      "p" : "3413.06",
      "s" : "sell",
      "i" : "PAXG_USDT",
      "m" : "4611686018430699563"
    }, {
      "d" : "1756444129902191403",
      "t" : 1756444129902,
      "tn" : 1756444129902191403,
      "q" : "0.0004",
      "p" : "3413.45",
      "s" : "sell",
      "i" : "PAXG_USDT",
      "m" : "4611686018430699562"
    }, {
      "d" : "1756444075550990107",
      "t" : 1756444075550,
      "tn" : 1756444075550990107,
      "q" : "0.0482",
      "p" : "3413.32",
      "s" : "buy",
      "i" : "PAXG_USDT",
      "m" : "4611686018430699561"
    }, {
      "d" : "1756444075550063828",
      "t" : 1756444075550,
      "tn" : 1756444075550063828,
      "q" : "0.0022",
      "p" : "3413.32",
      "s" : "buy",
      "i" : "PAXG_USDT",
      "m" : "4611686018430699560"
    }, {
      "d" : "1756444075548729085",
      "t" : 1756444075548,
      "tn" : 1756444075548729085,
      "q" : "0.0110",
      "p" : "3413.32",
      "s" : "buy",
      "i" : "PAXG_USDT",
      "m" : "4611686018430699559"
    }, {
      "d" : "1756442031881479001",
      "t" : 1756442031881,
      "tn" : 1756442031881479001,
      "q" : "0.0004",
      "p" : "3412.53",
      "s" : "sell",
      "i" : "PAXG_USDT",
      "m" : "4611686018430699558"
    }, {
      "d" : "1756441988530953501",
      "t" : 1756441988530,
      "tn" : 1756441988530953501,
      "q" : "0.0004",
      "p" : "3412.96",
      "s" : "sell",
      "i" : "PAXG_USDT",
      "m" : "4611686018430699557"
    }, {
      "d" : "1756441986848775143",
      "t" : 1756441986848,
      "tn" : 1756441986848775143,
      "q" : "0.0004",
      "p" : "3411.10",
      "s" : "buy",
      "i" : "PAXG_USDT",
      "m" : "4611686018430699556"
    }, {
      "d" : "1756440971083841937",
      "t" : 1756440971083,
      "tn" : 1756440971083841937,
      "q" : "0.0004",
      "p" : "3411.82",
      "s" : "sell",
      "i" : "PAXG_USDT",
      "m" : "4611686018430699555"
    }, {
      "d" : "1756440506992131049",
      "t" : 1756440506992,
      "tn" : 1756440506992131049,
      "q" : "0.0004",
      "p" : "3411.86",
      "s" : "sell",
      "i" : "PAXG_USDT",
      "m" : "4611686018430699554"
    }, {
      "d" : "1756440227219215953",
      "t" : 1756440227219,
      "tn" : 1756440227219215953,
      "q" : "0.0004",
      "p" : "3412.59",
      "s" : "sell",
      "i" : "PAXG_USDT",
      "m" : "4611686018430699553"
    }, {
      "d" : "1756440181672894565",
      "t" : 1756440181672,
      "tn" : 1756440181672894565,
      "q" : "0.0004",
      "p" : "3414.00",
      "s" : "sell",
      "i" : "PAXG_USDT",
      "m" : "4611686018430699552"
    } ]
  }
}