{
  "id" : -1,
  "method" : "public/get-trades",
  "code" : 0,
  "result" : {
    "data" : [ {
      "d" : "1756461111747005749",
      "t" : 1756461111747,
      "tn" : 1756461111747005749,
      "q" : "0.0004",
      "p" : "3411.84",
      "s" : "buy",
      "i" : "PAXG_USD",
      "m" : "4611686018430869821"
    }, {
      "d" : "1756461106037602315",
      "t" : 1756461106037,
      "tn" : 1756461106037602315,
      "q" : "0.0004",
      "p" : "3411.84",
      "s" : "buy",
      "i" : "PAXG_USD",
      "m" : "4611686018430869820"
    }, {
      "d" : "1756461096667935361",
      "t" : 1756461096667,
      "tn" : 1756461096667935361,
      "q" : "0.0004",
      "p" : "3411.67",
      "s" : "buy",
      "i" : "PAXG_USD",
      "m" : "4611686018430869819"
    }, {
      "d" : "1756461090695817555",
      "t" : 1756461090695,
      "tn" : 1756461090695817555,
      "q" : "0.0004",
      "p" : "3411.64",
      "s" : "buy",
      "i" : "PAXG_USD",
      "m" : "4611686018430869818"
    }, {
      "d" : "1756461084847275803",
      "t" : 1756461084847,
      "tn" : 1756461084847275803,
      "q" : "0.0004",
      "p" : "3411.43",
      "s" : "buy",
      "i" : "PAXG_USD",
      "m" : "4611686018430869817"
    }, {
      "d" : "1756461078752189193",
      "t" : 1756461078752,
      "tn" : 1756461078752189193,
      "q" : "0.0004",
      "p" : "3411.43",
      "s" : "buy",
      "i" : "PAXG_USD",
      "m" : "4611686018430869816"
    }, {
      "d" : "1756461072633081466",
      "t" : 1756461072633,
      "tn" : 1756461072633081466,
      "q" : "0.0004",
      "p" : "3411.41",
      "s" : "buy",
      "i" : "PAXG_USD",
      "m" : "4611686018430869815"
    }, {
      "d" : "1756461066739818948",
      "t" : 1756461066739,
      "tn" : 1756461066739818948,
      "q" : "0.0004",
      "p" : "3411.41",
      "s" : "buy",
      "i" : "PAXG_USD",
      "m" : "4611686018430869814"
    }, {
      "d" : "1756461060782478778",
      "t" : 1756461060782,
      "tn" : 1756461060782478778,
      "q" : "0.0004",
      "p" : "3411.70",
      "s" : "buy",
      "i" : "PAXG_USD",
      "m" : "4611686018430869813"
    }, {
      "d" : "1756461054847445774",
      "t" : 1756461054847,
      "tn" : 1756461054847445774,
      "q" : "0.0004",
      "p" : "3411.57",
      "s" : "buy",
      "i" : "PAXG_USD",
      "m" : "4611686018430869812"
    }, {
      "d" : "1756461048824337259",
      "t" : 1756461048824,
      "tn" : 1756461048824337259,
      "q" : "0.0004",
      "p" : "3411.71",
      "s" : "buy",
      "i" : "PAXG_USD",
      "m" : "4611686018430869811"
    }, {
      "d" : "1756461042960825197",
      "t" : 1756461042960,
      "tn" : 1756461042960825197,
      "q" : "0.0004",
      "p" : "3411.96",
      "s" : "buy",
      "i" : "PAXG_USD",
      "m" : "4611686018430869810"
    }, {
      "d" : "1756461033722896468",
      "t" : 1756461033722,
      "tn" : 1756461033722896468,
      "q" : "0.0004",
      "p" : "3412.12",
      "s" : "buy",
      "i" : "PAXG_USD",
      "m" : "4611686018430869809"
    }, {
      "d" : "1756461027850375328",
      "t" : 1756461027850,
      "tn" : 1756461027850375328,
      "q" : "0.0004",
      "p" : "3412.12",
      "s" : "buy",
      "i" : "PAXG_USD",
      "m" : "4611686018430869808"
    }, {
      "d" : "1756461021817123631",
      "t" : 1756461021817,
      "tn" : 1756461021817123631,
      "q" : "0.0004",
      "p" : "3412.10",
      "s" : "buy",
      "i" : "PAXG_USD",
      "m" : "4611686018430869807"
    }, {
      "d" : "1756461015673865844",
      "t" : 1756461015673,
      "tn" : 1756461015673865844,
      "q" : "0.0004",
      "p" : "3412.10",
      "s" : "buy",
      "i" : "PAXG_USD",
      "m" : "4611686018430869806"
    }, {
      "d" : "1756461009604084260",
      "t" : 1756461009604,
      "tn" : 1756461009604084260,
      "q" : "0.0004",
      "p" : "3412.10",
      "s" : "buy",
      "i" : "PAXG_USD",
      "m" : "4611686018430869805"
    }, {
      "d" : "1756461003670334474",
      "t" : 1756461003670,
      "tn" : 1756461003670334474,
      "q" : "0.0004",
      "p" : "3412.10",
      "s" : "buy",
      "i" : "PAXG_USD",
      "m" : "4611686018430869804"
    }, {
      "d" : "1756460997796111956",
      "t" : 1756460997796,
      "tn" : 1756460997796111956,
      "q" : "0.0004",
      "p" : "3412.10",
      "s" : "buy",
      "i" : "PAXG_USD",
      "m" : "4611686018430869803"
    }, {
      "d" : "1756460991674198235",
      "t" : 1756460991674,
      "tn" : 1756460991674198235,
      "q" : "0.0004",
      "p" : "3412.10",
      "s" : "buy",
      "i" : "PAXG_USD",
      "m" : "4611686018430869802"
    }, {
      "d" : "1756460985607017648",
      "t" : 1756460985607,
      "tn" : 1756460985607017648,
      "q" : "0.0004",
      "p" : "3412.02",
      "s" : "buy",
      "i" : "PAXG_USD",
      "m" : "4611686018430869801"
    }, {
      "d" : "1756460979783486479",
      "t" : 1756460979783,
      "tn" : 1756460979783486479,
      "q" : "0.0004",
      "p" : "3412.24",
      "s" : "buy",
      "i" : "PAXG_USD",
      "m" : "4611686018430869800"
    }, {
      "d" : "1756460973810278915",
      "t" : 1756460973810,
      "tn" : 1756460973810278915,
      "q" : "0.0004",
      "p" : "3412.29",
      "s" : "buy",
      "i" : "PAXG_USD",
      "m" : "4611686018430869799"
    }, {
      "d" : "1756460967826275509",
      "t" : 1756460967826,
      "tn" : 1756460967826275509,
      "q" : "0.0004",
      "p" : "3412.29",
      "s" : "buy",
      "i" : "PAXG_USD",
      "m" : "4611686018430869798"
    }, {
      "d" : "1756460961822086916",
      "t" : 1756460961822,
      "tn" : 1756460961822086916,
      "q" : "0.0004",
      "p" : "3412.29",
      "s" : "buy",
      "i" : "PAXG_USD",
      "m" : "4611686018430869797"
    }, {
      "d" : "1756460955820789790",
      "t" : 1756460955820,
      "tn" : 1756460955820789790,
      "q" : "0.0004",
      "p" : "3412.29",
      "s" : "buy",
      "i" : "PAXG_USD",
      "m" : "4611686018430869796"
    }, {
      "d" : "1756460949811495877",
      "t" : 1756460949811,
      "tn" : 1756460949811495877,
      "q" : "0.0004",
      "p" : "3412.29",
      "s" : "buy",
      "i" : "PAXG_USD",
      "m" : "4611686018430869795"
    }, {
      "d" : "1756460943740465037",
      "t" : 1756460943740,
      "tn" : 1756460943740465037,
      "q" : "0.0004",
      "p" : "3412.29",
      "s" : "buy",
      "i" : "PAXG_USD",
      "m" : "4611686018430869794"
    }, {
      "d" : "1756460925852194274",
      "t" : 1756460925852,
      "tn" : 1756460925852194274,
      "q" : "0.0269",
      "p" : "3410.09",
      "s" : "sell",
      "i" : "PAXG_USD",
      "m" : "4611686018430869793"
    }, {
      "d" : "1756460919838049660",
      "t" : 1756460919838,
      "tn" : 1756460919838049660,
      "q" : "0.0004",
      "p" : "3411.83",
      "s" : "sell",
      "i" : "PAXG_USD",
      "m" : "4611686018430869792"
    }, {
      "d" : "1756460913774076414",
      "t" : 1756460913774,
      "tn" : 1756460913774076414,
      "q" : "0.0004",
      "p" : "3411.67",
      "s" : "sell",
      "i" : "PAXG_USD",
      "m" : "4611686018430869791"
    }, {
      "d" : "1756460907976830048",
      "t" : 1756460907976,
      "tn" : 1756460907976830048,
      "q" : "0.0004",
      "p" : "3411.66",
      "s" : "sell",
      "i" : "PAXG_USD",
      "m" : "4611686018430869790"
    }, {
      "d" : "1756460904743767067",
      "t" : 1756460904743,
      "tn" : 1756460904743767067,
      "q" : "0.0004",
      "p" : "3411.67",
      "s" : "sell",
      "i" : "PAXG_USD",
      "m" : "4611686018430869789"
    }, {
      "d" : "1756460820390648027",
      "t" : 1756460820390,
      "tn" : 1756460820390648027,
      "q" : "0.0004",
      "p" : "3410.97",
      "s" : "sell",
      "i" : "PAXG_USD",
      "m" : "4611686018430869788"
    }, {
      "d" : "1756459912091625265",
      "t" : 1756459912091,
      "tn" : 1756459912091625265,
      "q" : "0.0002",
      "p" : "3410.94",
      "s" : "buy",
      "i" : "PAXG_USD",
      "m" : "4611686018430869787"
    }, {
      "d" : "1756459614825519740",
      "t" : 1756459614825,
      "tn" : 1756459614825519740,
      "q" : "0.0004",
      "p" : "3410.94",
      "s" : "sell",
      "i" : "PAXG_USD",
      "m" : "4611686018430869786"
    }, {
      "d" : "1756459503750661477",
      "t" : 1756459503750,
      "tn" : 1756459503750661477,
      "q" : "0.0004",
      "p" : "3412.26",
      "s" : "sell",
      "i" : "PAXG_USD",
      "m" : "4611686018430869785"
    }, {
      "d" : "1756459297784436418",
      "t" : 1756459297784,
      "tn" : 1756459297784436418,
      "q" : "0.0004",
      "p" : "3411.97",
      "s" : "sell",
      "i" : "PAXG_USD",
      "m" : "4611686018430869784"
    }, {
      "d" : "1756459045847253095",
      "t" : 1756459045847,
      "tn" : 1756459045847253095,
      "q" : "0.0004",
      "p" : "3411.13",
      "s" : "sell",
      "i" : "PAXG_USD",
      "m" : "4611686018430869783"
    }, {
      "d" : "1756458993945513533",
      "t" : 1756458993945,
      "tn" : 1756458993945513533,
      "q" : "0.0004",
      "p" : "3410.43",
      "s" : "sell",
      "i" : "PAXG_USD",
      "m" : "4611686018430869782"
    }, {
      "d" : "1756458899266038253",
      "t" : 1756458899266,
      "tn" : 1756458899266038253,
      "q" : "0.0004",
      "p" : "3410.34",
      "s" : "buy",
      "i" : "PAXG_USD",
      "m" : "4611686018430869781"
    }, {
      "d" : "1756458234500883734",
      "t" : 1756458234500,
      "tn" : 1756458234500883734,
      "q" : "0.0051",
      "p" : "3411.26",
      "s" : "sell",
      "i" : "PAXG_USD",
      "m" : "4611686018430869780"
    }, {
      "d" : "1756458160428918452",
      "t" : 1756458160428,
      "tn" : 1756458160428918452,
      "q" : "0.0154",
      "p" : "3411.26",
      "s" : "sell",
      "i" : "PAXG_USD",
      "m" : "4611686018430869779"
    }, {
      "d" : "1756458160425079311",
      "t" : 1756458160425,
      "tn" : 1756458160425079311,
      "q" : "0.0051",
      "p" : "3411.26",
      "s" : "sell",
      "i" : "PAXG_USD",
      "m" : "4611686018430869778"
    }, {
      "d" : "1756457831161994113",
      "t" : 1756457831161,
      "tn" : 1756457831161994113,
      "q" : "0.0004",
      "p" : "3411.64",
      "s" : "sell",
      "i" : "PAXG_USD",
      "m" : "4611686018430869777"
    }, {
      "d" : "1756457761161858481",
      "t" : 1756457761161,
      "tn" : 1756457761161858481,
      "q" : "0.0003",
      "p" : "3412.17",
      "s" : "sell",
      "i" : "PAXG_USD",
      "m" : "4611686018430869776"
    }, {
      "d" : "1756457761161856885",
      "t" : 1756457761161,
      "tn" : 1756457761161856885,
      "q" : "0.2900",
      "p" : "3412.19",
      "s" : "sell",
      "i" : "PAXG_USD",
      "m" : "4611686018430869775"
    }, {
      "d" : "1756457761161855256",
      "t" : 1756457761161,
      "tn" : 1756457761161855256,
      "q" : "0.0404",
      "p" : "3412.20",
      "s" : "sell",
      "i" : "PAXG_USD",
      "m" : "4611686018430869774"
    }, {
      "d" : "1756456824721021212",
      "t" : 1756456824721,
      "tn" : 1756456824721021212,
      "q" : "0.0276",
      "p" : "3414.28",
      "s" : "sell",
      "i" : "PAXG_USD",
      "m" : "4611686018430869773"
    }, {
      "d" : "1756456818750579745",
      "t" : 1756456818750,
      "tn" : 1756456818750579745,
      "q" : "0.0004",
      "p" : "3414.26",
      "s" : "sell",
      "i" : "PAXG_USD",
      "m" : "4611686018430869772"
    }, {
      "d" : "1756456740636651767",
      "t" : 1756456740636,
      "tn" : 1756456740636651767,
      "q" : "0.0025",
      "p" : "3413.96",
      "s" : "sell",
      "i" : "PAXG_USD",
      "m" : "4611686018430869771"
    }, {
      "d" : "1756456740636650187",
      "t" : 1756456740636,
      "tn" : 1756456740636650187,
      "q" : "0.0004",
      "p" : "3414.26",
      "s" : "sell",
      "i" : "PAXG_USD",
      "m" : "4611686018430869770"
    }, {
      "d" : "1756456542635326661",
      "t" : 1756456542635,
      "tn" : 1756456542635326661,
      "q" : "0.0505",
      "p" : "3418.19",
      "s" : "buy",
      "i" : "PAXG_USD",
      "m" : "4611686018430869769"
    }, {
      "d" : "1756456536685249500",
      "t" : 1756456536685,
      "tn" : 1756456536685249500,
      "q" : "0.0004",
      "p" : "3414.28",
      "s" : "buy",
      "i" : "PAXG_USD",
      "m" : "4611686018430869768"
    }, {
      "d" : "1756456530706477807",
      "t" : 1756456530706,
      "tn" : 1756456530706477807,
      "q" : "0.0004",
      "p" : "3414.28",
      "s" : "buy",
      "i" : "PAXG_USD",
      "m" : "4611686018430869767"
    }, {
      "d" : "1756456524746079850",
      "t" : 1756456524746,
      "tn" : 1756456524746079850,
      "q" : "0.0004",
      "p" : "3414.30",
      "s" : "buy",
      "i" : "PAXG_USD",
      "m" : "4611686018430869766"
    }, {
      "d" : "1756456518684320087",
      "t" : 1756456518684,
      "tn" : 1756456518684320087,
      "q" : "0.0004",
      "p" : "3414.28",
      "s" : "buy",
      "i" : "PAXG_USD",
      "m" : "4611686018430869765"
    }, {
      "d" : "1756456512632914529",
      "t" : 1756456512632,
      "tn" : 1756456512632914529,
      "q" : "0.0004",
      "p" : "3414.27",
      "s" : "buy",
      "i" : "PAXG_USD",
      "m" : "4611686018430869764"
    }, {
      "d" : "1756456506649043218",
      "t" : 1756456506649,
      "tn" : 1756456506649043218,
      "q" : "0.0004",
      "p" : "3414.29",
      "s" : "buy",
      "i" : "PAXG_USD",
      "m" : "4611686018430869763"
    }, {
      "d" : "1756456500664935284",
      "t" : 1756456500664,
      "tn" : 1756456500664935284,
      "q" : "0.0004",
      "p" : "3414.27",
      "s" : "buy",
      "i" : "PAXG_USD",
      "m" : "4611686018430869762"
    }, {
      "d" : "1756456494861053256",
      "t" : 1756456494861,
      "tn" : 1756456494861053256,
      "q" : "0.0004",
      "p" : "3414.27",
      "s" : "buy",
      "i" : "PAXG_USD",
      "m" : "4611686018430869761"
    }, {
      "d" : "1756456488673727020",
      "t" : 1756456488673,
      "tn" : 1756456488673727020,
      "q" : "0.0004",
      "p" : "3414.27",
      "s" : "buy",
      "i" : "PAXG_USD",
      "m" : "4611686018430869760"
    }, {
      "d" : "1756456482893508342",
      "t" : 1756456482893,
      "tn" : 1756456482893508342,
      "q" : "0.0004",
      "p" : "3414.27",
      "s" : "buy",
      "i" : "PAXG_USD",
      "m" : "4611686018430869759"
    }, {
      "d" : "1756456476711207097",
      "t" : 1756456476711,
      "tn" : 1756456476711207097,
      "q" : "0.0004",
      "p" : "3414.35",
      "s" : "buy",
      "i" : "PAXG_USD",
      "m" : "4611686018430869758"
    }, {
      "d" : "1756456470750879929",
      "t" : 1756456470750,
      "tn" : 1756456470750879929,
      "q" : "0.0004",
      "p" : "3414.35",
      "s" : "buy",
      "i" : "PAXG_USD",
      "m" : "4611686018430869757"
    }, {
      "d" : "1756456464702940775",
      "t" : 1756456464702,
      "tn" : 1756456464702940775,
      "q" : "0.0004",
      "p" : "3414.31",
      "s" : "buy",
      "i" : "PAXG_USD",
      "m" : "4611686018430869756"
    }, {
      "d" : "1756456458715213606",
      "t" : 1756456458715,
      "tn" : 1756456458715213606,
      "q" : "0.0004",
      "p" : "3414.30",
      "s" : "buy",
      "i" : "PAXG_USD",
      "m" : "4611686018430869755"
    }, {
      "d" : "1756456452827581946",
      "t" : 1756456452827,
      "tn" : 1756456452827581946,
      "q" : "0.0004",
      "p" : "3414.32",
      "s" : "buy",
      "i" : "PAXG_USD",
      "m" : "4611686018430869754"
    }, {
      "d" : "1756456446787503183",
      "t" : 1756456446787,
      "tn" : 1756456446787503183,
      "q" : "0.0004",
      "p" : "3414.31",
      "s" : "buy",
      "i" : "PAXG_USD",
      "m" : "4611686018430869753"
    }, {
      "d" : "1756456440669565949",
      "t" : 1756456440669,
      "tn" : 1756456440669565949,
      "q" : "0.0004",
      "p" : "3414.30",
      "s" : "buy",
      "i" : "PAXG_USD",
      "m" : "4611686018430869752"
    }, {
      "d" : "1756456434692291793",
      "t" : 1756456434692,
      "tn" : 1756456434692291793,
      "q" : "0.0004",
      "p" : "3414.28",
      "s" : "buy",
      "i" : "PAXG_USD",
      "m" : "4611686018430869751"
    }, {
      "d" : "1756456428715132628",
      "t" : 1756456428715,
      "tn" : 1756456428715132628,
      "q" : "0.0004",
      "p" : "3414.27",
      "s" : "buy",
      "i" : "PAXG_USD",
      "m" : "4611686018430869750"
    }, {
      "d" : "1756456422693810834",
      "t" : 1756456422693,
      "tn" : 1756456422693810834,
      "q" : "0.0004",
      "p" : "3414.29",
      "s" : "buy",
      "i" : "PAXG_USD",
      "m" : "4611686018430869749"
    }, {
      "d" : "1756456416619568372",
      "t" : 1756456416619,
      "tn" : 1756456416619568372,
      "q" : "0.0004",
      "p" : "3414.28",
      "s" : "buy",
      "i" : "PAXG_USD",
      "m" : "4611686018430869748"
    }, {
      "d" : "1756456410838810527",
      "t" : 1756456410838,
      "tn" : 1756456410838810527,
      "q" : "0.0004",
      "p" : "3414.29",
      "s" : "buy",
      "i" : "PAXG_USD",
      "m" : "4611686018430869747"
    }, {
      "d" : "1756456404786179185",
      "t" : 1756456404786,
      "tn" : 1756456404786179185,
      "q" : "0.0004",
      "p" : "3414.27",
      "s" : "buy",
      "i" : "PAXG_USD",
      "m" : "4611686018430869746"
    }, {
      "d" : "1756456398615983325",
      "t" : 1756456398615,
      "tn" : 1756456398615983325,
      "q" : "0.0004",
      "p" : "3414.27",
      "s" : "buy",
      "i" : "PAXG_USD",
      "m" : "4611686018430869745"
    }, {
      "d" : "1756456392686250123",
      "t" : 1756456392686,
      "tn" : 1756456392686250123,
      "q" : "0.0004",
      "p" : "3414.43",
      "s" : "buy",
      "i" : "PAXG_USD",
      "m" : "4611686018430869744"
    }, {
      "d" : "1756456387011149930",
      "t" : 1756456387011,
      "tn" : 1756456387011149930,
      "q" : "0.0004",
      "p" : "3414.41",
      "s" : "buy",
      "i" : "PAXG_USD",
      "m" : "4611686018430869743"
    }, {
      "d" : "1756456381224406312",
      "t" : 1756456381224,
      "tn" : 1756456381224406312,
      "q" : "0.0004",
      "p" : "3414.39",
      "s" : "buy",
      "i" : "PAXG_USD",
      "m" : "4611686018430869742"
    }, {
      "d" : "1756456375773397264",
      "t" : 1756456375773,
      "tn" : 1756456375773397264,
      "q" : "0.0004",
      "p" : "3414.37",
      "s" : "buy",
      "i" : "PAXG_USD",
      "m" : "4611686018430869741"
    }, {
      "d" : "1756456369616570133",
      "t" : 1756456369616,
      "tn" : 1756456369616570133,
      "q" : "0.0004",
      "p" : "3414.39",
      "s" : "buy",
      "i" : "PAXG_USD",
      "m" : "4611686018430869740"
    }, {
      "d" : "1756456363720724685",
      "t" : 1756456363720,
      "tn" : 1756456363720724685,
      "q" : "0.0004",
      "p" : "3414.37",
      "s" : "buy",
      "i" : "PAXG_USD",
      "m" : "4611686018430869739"
    }, {
      "d" : "1756456357665931126",
      "t" : 1756456357665,
      "tn" : 1756456357665931126,
      "q" : "0.0004",
      "p" : "3414.41",
      "s" : "buy",
      "i" : "PAXG_USD",
      "m" : "4611686018430869738"
    }, {
      "d" : "1756456351684099203",
      "t" : 1756456351684,
      "tn" : 1756456351684099203,
      "q" : "0.0004",
      "p" : "3414.39",
      "s" : "buy",
      "i" : "PAXG_USD",
      "m" : "4611686018430869737"
    }, {
      "d" : "1756456345715199448",
      "t" : 1756456345715,
      "tn" : 1756456345715199448,
      "q" : "0.0004",
      "p" : "3414.37",
      "s" : "buy",
      "i" : "PAXG_USD",
      "m" : "4611686018430869736"
    }, {
      "d" : "1756456339679659228",
      "t" : 1756456339679,
      "tn" : 1756456339679659228,
      "q" : "0.0004",
      "p" : "3414.50",
      "s" : "buy",
      "i" : "PAXG_USD",
      "m" : "4611686018430869735"
    }, {
      "d" : "1756456333746549765",
      "t" : 1756456333746,
      "tn" : 1756456333746549765,
      "q" : "0.0004",
      "p" : "3414.48",
      "s" : "buy",
      "i" : "PAXG_USD",
      "m" : "4611686018430869734"
    }, {
      "d" : "1756456327692494917",
      "t" : 1756456327692,
      "tn" : 1756456327692494917,
      "q" : "0.0004",
      "p" : "3414.46",
      "s" : "buy",
      "i" : "PAXG_USD",
      "m" : "4611686018430869733"
    }, {
      "d" : "1756456321735277898",
      "t" : 1756456321735,
      "tn" : 1756456321735277898,
      "q" : "0.0004",
      "p" : "3414.44",
      "s" : "buy",
      "i" : "PAXG_USD",
      "m" : "4611686018430869732"
    }, {
      "d" : "1756456315672474184",
      "t" : 1756456315672,
      "tn" : 1756456315672474184,
      "q" : "0.0004",
      "p" : "3414.44",
      "s" : "buy",
      "i" : "PAXG_USD",
      "m" : "4611686018430869731"
    }, {
      "d" : "1756456312091678727",
      "t" : 1756456312091,
      "tn" : 1756456312091678727,
      "q" : "0.0002",
      "p" : "3414.45",
      "s" : "buy",
      "i" : "PAXG_USD",
      "m" : "4611686018430869730"
    }, {
      "d" : "1756456309760142751",
      "t" : 1756456309760,
      "tn" : 1756456309760142751,
      "q" : "0.0004",
      "p" : "3414.44",
      "s" : "buy",
      "i" : "PAXG_USD",
      "m" : "4611686018430869729"
    }, {
      "d" : "1756456303757867190",
      "t" : 1756456303757,
      "tn" : 1756456303757867190,
      "q" : "0.0004",
      "p" : "3414.44",
      "s" : "buy",
      "i" : "PAXG_USD",
      "m" : "4611686018430869728"
    }, {
      "d" : "1756456297963657465",
      "t" : 1756456297963,
      "tn" : 1756456297963657465,
      "q" : "0.0004",
      "p" : "3414.44",
      "s" : "buy",
      "i" : "PAXG_USD",
      "m" : "4611686018430869727"
    }, {
      "d" : "1756456294781959138",
      "t" : 1756456294781,
      "tn" : 1756456294781959138,
      "q" : "0.0004",
      "p" : "3414.45",
      "s" : "buy",
      "i" : "PAXG_USD",
      "m" : "4611686018430869726"
    }, {
      "d" : "1756456288607248195",
      "t" : 1756456288607,
      "tn" : 1756456288607248195,
      "q" : "0.0004",
      "p" : "3414.45",
      "s" : "buy",
      "i" : "PAXG_USD",
      "m" : "4611686018430869725"
    }, {
      "d" : "1756456282730772757",
      "t" : 1756456282730,
      "tn" : 1756456282730772757,
      "q" : "0.0004",
      "p" : "3414.45",
      "s" : "buy",
      "i" : "PAXG_USD",
      "m" : "4611686018430869724"
    }, {
      "d" : "1756455797967505599",
      "t" : 1756455797967,
      "tn" : 1756455797967505599,
      "q" : "0.0004",
      "p" : "3415.22",
      "s" : "buy",
      "i" : "PAXG_USD",
      "m" : "4611686018430869723"
    }, {
      "d" : "1756455792051184929",
      "t" : 1756455792051,
      "tn" : 1756455792051184929,
      "q" : "0.0004",
      "p" : "3415.20",
      "s" : "buy",
      "i" : "PAXG_USD",
      "m" : "4611686018430869722"
    }, {
      "d" : "1756455786081926570",
      "t" : 1756455786081,
      "tn" : 1756455786081926570,
      "q" : "0.0004",
      "p" : "3415.21",
      "s" : "buy",
      "i" : "PAXG_USD",
      "m" : "4611686018430869721"
    }, {
      "d" : "1756455780092845771",
      "t" : 1756455780092,
      "tn" : 1756455780092845771,
      "q" : "0.0004",
      "p" : "3415.19",
      "s" : "buy",
      "i" : "PAXG_USD",
      "m" : "4611686018430869720"
    }, {
      "d" : "1756455774601564617",
      "t" : 1756455774601,
      "tn" : 1756455774601564617,
      "q" : "0.0004",
      "p" : "3415.21",
      "s" : "buy",
      "i" : "PAXG_USD",
      "m" : "4611686018430869719"
    }, {
      "d" : "1756455768748154837",
      "t" : 1756455768748,
      "tn" : 1756455768748154837,
      "q" : "0.0004",
      "p" : "3415.19",
      "s" : "buy",
      "i" : "PAXG_USD",
      "m" : "4611686018430869718"
    }, {
      "d" : "1756455762661736809",
      "t" : 1756455762661,
      "tn" : 1756455762661736809,
      "q" : "0.0004",
      "p" : "3415.19",
      "s" : "buy",
      "i" : "PAXG_USD",
      "m" : "4611686018430869717"
    }, {
      "d" : "1756455756738318841",
      "t" : 1756455756738,
      "tn" : 1756455756738318841,
      "q" : "0.0004",
      "p" : "3415.19",
      "s" : "buy",
      "i" : "PAXG_USD",
      "m" : "4611686018430869716"
    }, {
      "d" : "1756455750768128755",
      "t" : 1756455750768,
      "tn" : 1756455750768128755,
      "q" : "0.0004",
      "p" : "3415.19",
      "s" : "buy",
      "i" : "PAXG_USD",
      "m" : "4611686018430869715"
    }, {
      "d" : "1756455744673021492",
      "t" : 1756455744673,
      "tn" : 1756455744673021492,
      "q" : "0.0004",
      "p" : "3415.19",
      "s" : "buy",
      "i" : "PAXG_USD",
      "m" : "4611686018430869714"
    }, {
      "d" : "1756455738764436174",
      "t" : 1756455738764,
      "tn" : 1756455738764436174,
      "q" : "0.0004",
      "p" : "3415.19",
      "s" : "buy",
      "i" : "PAXG_USD",
      "m" : "4611686018430869713"
    }, {
      "d" : "1756455732838437742",
      "t" : 1756455732838,
      "tn" : 1756455732838437742,
      "q" : "0.0004",
      "p" : "3415.19",
      "s" : "buy",
      "i" : "PAXG_USD",
      "m" : "4611686018430869712"
    }, {
      "d" : "1756455726732754426",
      "t" : 1756455726732,
      "tn" : 1756455726732754426,
      "q" : "0.0004",
      "p" : "3415.19",
      "s" : "buy",
      "i" : "PAXG_USD",
      "m" : "4611686018430869711"
    }, {
      "d" : "1756455720731021860",
      "t" : 1756455720731,
      "tn" : 1756455720731021860,
      "q" : "0.0004",
      "p" : "3415.19",
      "s" : "buy",
      "i" : "PAXG_USD",
      "m" : "4611686018430869710"
    }, {
      "d" : "1756455714829172654",
      "t" : 1756455714829,
      "tn" : 1756455714829172654,
      "q" : "0.0004",
      "p" : "3415.19",
      "s" : "buy",
      "i" : "PAXG_USD",
      "m" : "4611686018430869709"
    }, {
      "d" : "1756455708694042842",
      "t" : 1756455708694,
      "tn" : 1756455708694042842,
      "q" : "0.0004",
      "p" : "3415.19",
      "s" : "buy",
      "i" : "PAXG_USD",
      "m" : "4611686018430869708"
    }, {
      "d" : "1756455702768624989",
      "t" : 1756455702768,
      "tn" : 1756455702768624989,
      "q" : "0.0004",
      "p" : "3415.19",
      "s" : "buy",
      "i" : "PAXG_USD",
      "m" : "4611686018430869707"
    }, {
      "d" : "1756455696831633731",
      "t" : 1756455696831,
      "tn" : 1756455696831633731,
      "q" : "0.0004",
      "p" : "3415.19",
      "s" : "buy",
      "i" : "PAXG_USD",
      "m" : "4611686018430869706"
    }, {
      "d" : "1756455690616013075",
      "t" : 1756455690616,
      "tn" : 1756455690616013075,
      "q" : "0.0004",
      "p" : "3415.19",
      "s" : "buy",
      "i" : "PAXG_USD",
      "m" : "4611686018430869705"
    }, {
      "d" : "1756455684683517936",
      "t" : 1756455684683,
      "tn" : 1756455684683517936,
      "q" : "0.0004",
      "p" : "3415.19",
      "s" : "buy",
      "i" : "PAXG_USD",
      "m" : "4611686018430869704"
    }, {
      "d" : "1756455678677443298",
      "t" : 1756455678677,
      "tn" : 1756455678677443298,
      "q" : "0.0004",
      "p" : "3415.19",
      "s" : "buy",
      "i" : "PAXG_USD",
      "m" : "4611686018430869703"
    }, {
      "d" : "1756455672715004242",
      "t" : 1756455672715,
      "tn" : 1756455672715004242,
      "q" : "0.0004",
      "p" : "3415.19",
      "s" : "buy",
      "i" : "PAXG_USD",
      "m" : "4611686018430869702"
    }, {
      "d" : "1756455666719849670",
      "t" : 1756455666719,
      "tn" : 1756455666719849670,
      "q" : "0.0004",
      "p" : "3415.19",
      "s" : "buy",
      "i" : "PAXG_USD",
      "m" : "4611686018430869701"
    }, {
      "d" : "1756455660799135126",
      "t" : 1756455660799,
      "tn" : 1756455660799135126,
      "q" : "0.0004",
      "p" : "3415.19",
      "s" : "buy",
      "i" : "PAXG_USD",
      "m" : "4611686018430869700"
    }, {
      "d" : "1756455654731461787",
      "t" : 1756455654731,
      "tn" : 1756455654731461787,
      "q" : "0.0004",
      "p" : "3415.19",
      "s" : "buy",
      "i" : "PAXG_USD",
      "m" : "4611686018430869699"
    }, {
      "d" : "1756455648762718281",
      "t" : 1756455648762,
      "tn" : 1756455648762718281,
      "q" : "0.0004",
      "p" : "3415.21",
      "s" : "buy",
      "i" : "PAXG_USD",
      "m" : "4611686018430869698"
    }, {
      "d" : "1756455642656410133",
      "t" : 1756455642656,
      "tn" : 1756455642656410133,
      "q" : "0.0004",
      "p" : "3415.19",
      "s" : "buy",
      "i" : "PAXG_USD",
      "m" : "4611686018430869697"
    }, {
      "d" : "1756455636724536543",
      "t" : 1756455636724,
      "tn" : 1756455636724536543,
      "q" : "0.0004",
      "p" : "3415.19",
      "s" : "buy",
      "i" : "PAXG_USD",
      "m" : "4611686018430869696"
    }, {
      "d" : "1756455630881290706",
      "t" : 1756455630881,
      "tn" : 1756455630881290706,
      "q" : "0.0004",
      "p" : "3415.19",
      "s" : "buy",
      "i" : "PAXG_USD",
      "m" : "4611686018430869695"
    }, {
      "d" : "1756455624932753360",
      "t" : 1756455624932,
      "tn" : 1756455624932753360,
      "q" : "0.0004",
      "p" : "3415.19",
      "s" : "buy",
      "i" : "PAXG_USD",
      "m" : "4611686018430869694"
    }, {
      "d" : "1756455621746434419",
      "t" : 1756455621746,
      "tn" : 1756455621746434419,
      "q" : "0.0004",
      "p" : "3415.19",
      "s" : "buy",
      "i" : "PAXG_USD",
      "m" : "4611686018430869693"
    }, {
      "d" : "1756455615724973193",
      "t" : 1756455615724,
      "tn" : 1756455615724973193,
      "q" : "0.0004",
      "p" : "3415.19",
      "s" : "buy",
      "i" : "PAXG_USD",
      "m" : "4611686018430869692"
    }, {
      "d" : "1756455609701050625",
      "t" : 1756455609701,
      "tn" : 1756455609701050625,
      "q" : "0.0004",
      "p" : "3415.19",
      "s" : "buy",
      "i" : "PAXG_USD",
      "m" : "4611686018430869691"
    }, {
      "d" : "1756455603799132899",
      "t" : 1756455603799,
      "tn" : 1756455603799132899,
      "q" : "0.0004",
      "p" : "3416.21",
      "s" : "buy",
      "i" : "PAXG_USD",
      "m" : "4611686018430869690"
    }, {
      "d" : "1756455597635082030",
      "t" : 1756455597635,
      "tn" : 1756455597635082030,
      "q" : "0.0004",
      "p" : "3416.21",
      "s" : "buy",
      "i" : "PAXG_USD",
      "m" : "4611686018430869689"
    }, {
      "d" : "1756455591700040209",
      "t" : 1756455591700,
      "tn" : 1756455591700040209,
      "q" : "0.0004",
      "p" : "3416.21",
      "s" : "buy",
      "i" : "PAXG_USD",
      "m" : "4611686018430869688"
    }, {
      "d" : "1756455585645827559",
      "t" : 1756455585645,
      "tn" : 1756455585645827559,
      "q" : "0.0004",
      "p" : "3416.23",
      "s" : "buy",
      "i" : "PAXG_USD",
      "m" : "4611686018430869687"
    }, {
      "d" : "1756455579752153018",
      "t" : 1756455579752,
      "tn" : 1756455579752153018,
      "q" : "0.0004",
      "p" : "3416.21",
      "s" : "buy",
      "i" : "PAXG_USD",
      "m" : "4611686018430869686"
    }, {
      "d" : "1756455573707921116",
      "t" : 1756455573707,
      "tn" : 1756455573707921116,
      "q" : "0.0004",
      "p" : "3416.21",
      "s" : "buy",
      "i" : "PAXG_USD",
      "m" : "4611686018430869685"
    }, {
      "d" : "1756455567675540424",
      "t" : 1756455567675,
      "tn" : 1756455567675540424,
      "q" : "0.0004",
      "p" : "3416.21",
      "s" : "buy",
      "i" : "PAXG_USD",
      "m" : "4611686018430869684"
    }, {
      "d" : "1756455561738449440",
      "t" : 1756455561738,
      "tn" : 1756455561738449440,
      "q" : "0.0004",
      "p" : "3416.21",
      "s" : "buy",
      "i" : "PAXG_USD",
      "m" : "4611686018430869683"
    }, {
      "d" : "1756455438910219951",
      "t" : 1756455438910,
      "tn" : 1756455438910219951,
      "q" : "0.0004",
      "p" : "3416.21",
      "s" : "buy",
      "i" : "PAXG_USD",
      "m" : "4611686018430869682"
    }, {
      "d" : "1756454578324001367",
      "t" : 1756454578324,
      "tn" : 1756454578324001367,
      "q" : "0.1772",
      "p" : "3417.00",
      "s" : "buy",
      "i" : "PAXG_USD",
      "m" : "4611686018430869681"
    }, {
      "d" : "1756454578324000759",
      "t" : 1756454578324,
      "tn" : 1756454578324000759,
      "q" : "0.2068",
      "p" : "3416.65",
      "s" : "buy",
      "i" : "PAXG_USD",
      "m" : "4611686018430869680"
    }, {
      "d" : "1756454578324000174",
      "t" : 1756454578324,
      "tn" : 1756454578324000174,
      "q" : "0.2609",
      "p" : "3415.65",
      "s" : "buy",
      "i" : "PAXG_USD",
      "m" : "4611686018430869679"
    }, {
      "d" : "1756454578323989999",
      "t" : 1756454578323,
      "tn" : 1756454578323989999,
      "q" : "0.0004",
      "p" : "3412.72",
      "s" : "buy",
      "i" : "PAXG_USD",
      "m" : "4611686018430869678"
    }, {
      "d" : "1756454120520002527",
      "t" : 1756454120520,
      "tn" : 1756454120520002527,
      "q" : "0.0004",
      "p" : "3413.49",
      "s" : "buy",
      "i" : "PAXG_USD",
      "m" : "4611686018430869677"
    }, {
      "d" : "1756454119597705294",
      "t" : 1756454119597,
      "tn" : 1756454119597705294,
      "q" : "0.0004",
      "p" : "3413.50",
      "s" : "buy",
      "i" : "PAXG_USD",
      "m" : "4611686018430869676"
    }, {
      "d" : "1756454119527507745",
      "t" : 1756454119527,
      "tn" : 1756454119527507745,
      "q" : "0.0004",
      "p" : "3413.50",
      "s" : "buy",
      "i" : "PAXG_USD",
      "m" : "4611686018430869675"
    }, {
      "d" : "1756454119427388793",
      "t" : 1756454119427,
      "tn" : 1756454119427388793,
      "q" : "0.0004",
      "p" : "3413.49",
      "s" : "buy",
      "i" : "PAXG_USD",
      "m" : "4611686018430869674"
    }, {
      "d" : "1756454119297163698",
      "t" : 1756454119297,
      "tn" : 1756454119297163698,
      "q" : "0.0004",
      "p" : "3413.42",
      "s" : "buy",
      "i" : "PAXG_USD",
      "m" : "4611686018430869673"
    }, {
      "d" : "1756454119096247943",
      "t" : 1756454119096,
      "tn" : 1756454119096247943,
      "q" : "0.0004",
      "p" : "3413.42",
      "s" : "buy",
      "i" : "PAXG_USD",
      "m" : "4611686018430869672"
    } ]
  }
}