{
  "id" : -1,
  "method" : "public/get-trades",
  "code" : 0,
  "result" : {
    "data" : [ {
      "d" : "1756458175853682091",
      "t" : 1756458175853,
      "tn" : 1756458175853682091,
      "q" : "36",
      "p" : "0.066998",
      "s" : "sell",
      "i" : "PEAQ_USD",
      "m" : "4611686018427531106"
    }, {
      "d" : "1756458175853680437",
      "t" : 1756458175853,
      "tn" : 1756458175853680437,
      "q" : "184",
      "p" : "0.067414",
      "s" : "sell",
      "i" : "PEAQ_USD",
      "m" : "4611686018427531105"
    }, {
      "d" : "1756456195966814447",
      "t" : 1756456195966,
      "tn" : 1756456195966814447,
      "q" : "62",
      "p" : "0.067767",
      "s" : "buy",
      "i" : "PEAQ_USD",
      "m" : "4611686018427531104"
    }, {
      "d" : "1756455701070067879",
      "t" : 1756455701070,
      "tn" : 1756455701070067879,
      "q" : "182",
      "p" : "0.068213",
      "s" : "sell",
      "i" : "PEAQ_USD",
      "m" : "4611686018427531103"
    }, {
      "d" : "1756433679055776904",
      "t" : 1756433679055,
      "tn" : 1756433679055776904,
      "q" : "220",
      "p" : "0.068545",
      "s" : "buy",
      "i" : "PEAQ_USD",
      "m" : "4611686018427531102"
    }, {
      "d" : "1756433679052336546",
      "t" : 1756433679052,
      "tn" : 1756433679052336546,
      "q" : "266",
      "p" : "0.068545",
      "s" : "buy",
      "i" : "PEAQ_USD",
      "m" : "4611686018427531101"
    }, {
      "d" : "1756433679042120663",
      "t" : 1756433679042,
      "tn" : 1756433679042120663,
      "q" : "377",
      "p" : "0.068545",
      "s" : "buy",
      "i" : "PEAQ_USD",
      "m" : "4611686018427531100"
    }, {
      "d" : "1756433679037555051",
      "t" : 1756433679037,
      "tn" : 1756433679037555051,
      "q" : "370",
      "p" : "0.068545",
      "s" : "buy",
      "i" : "PEAQ_USD",
      "m" : "4611686018427531099"
    }, {
      "d" : "1756419437576860695",
      "t" : 1756419437576,
      "tn" : 1756419437576860695,
      "q" : "382",
      "p" : "0.068570",
      "s" : "sell",
      "i" : "PEAQ_USD",
      "m" : "4611686018427531098"
    }, {
      "d" : "1756414241863639689",
      "t" : 1756414241863,
      "tn" : 1756414241863639689,
      "q" : "111",
      "p" : "0.068525",
      "s" : "buy",
      "i" : "PEAQ_USD",
      "m" : "4611686018427531097"
    }, {
      "d" : "1756410949913680381",
      "t" : 1756410949913,
      "tn" : 1756410949913680381,
      "q" : "133",
      "p" : "0.068602",
      "s" : "sell",
      "i" : "PEAQ_USD",
      "m" : "4611686018427531096"
    }, {
      "d" : "1756408452501077232",
      "t" : 1756408452501,
      "tn" : 1756408452501077232,
      "q" : "133",
      "p" : "0.068591",
      "s" : "buy",
      "i" : "PEAQ_USD",
      "m" : "4611686018427531095"
    }, {
      "d" : "1756394761690646156",
      "t" : 1756394761690,
      "tn" : 1756394761690646156,
      "q" : "180",
      "p" : "0.069014",
      "s" : "sell",
      "i" : "PEAQ_USD",
      "m" : "4611686018427531094"
    }, {
      "d" : "1756394761690643771",
      "t" : 1756394761690,
      "tn" : 1756394761690643771,
      "q" : "10",
      "p" : "0.069493",
      "s" : "sell",
      "i" : "PEAQ_USD",
      "m" : "4611686018427531093"
    }, {
      "d" : "1756394761592133690",
      "t" : 1756394761592,
      "tn" : 1756394761592133690,
      "q" : "155",
      "p" : "0.069493",
      "s" : "sell",
      "i" : "PEAQ_USD",
      "m" : "4611686018427531092"
    }, {
      "d" : "1756394311284075532",
      "t" : 1756394311284,
      "tn" : 1756394311284075532,
      "q" : "220",
      "p" : "0.069493",
      "s" : "sell",
      "i" : "PEAQ_USD",
      "m" : "4611686018427531091"
    }, {
      "d" : "1756394282649134438",
      "t" : 1756394282649,
      "tn" : 1756394282649134438,
      "q" : "153",
      "p" : "0.069493",
      "s" : "sell",
      "i" : "PEAQ_USD",
      "m" : "4611686018427531090"
    }, {
      "d" : "1756394167342296324",
      "t" : 1756394167342,
      "tn" : 1756394167342296324,
      "q" : "282",
      "p" : "0.069493",
      "s" : "sell",
      "i" : "PEAQ_USD",
      "m" : "4611686018427531089"
    }, {
      "d" : "1756393925253108816",
      "t" : 1756393925253,
      "tn" : 1756393925253108816,
      "q" : "115",
      "p" : "0.069493",
      "s" : "sell",
      "i" : "PEAQ_USD",
      "m" : "4611686018427531088"
    }, {
      "d" : "1756391594623252766",
      "t" : 1756391594623,
      "tn" : 1756391594623252766,
      "q" : "355",
      "p" : "0.069688",
      "s" : "sell",
      "i" : "PEAQ_USD",
      "m" : "4611686018427531087"
    }, {
      "d" : "1756391121060961806",
      "t" : 1756391121060,
      "tn" : 1756391121060961806,
      "q" : "136",
      "p" : "0.070097",
      "s" : "buy",
      "i" : "PEAQ_USD",
      "m" : "4611686018427531086"
    }, {
      "d" : "1756390962525743152",
      "t" : 1756390962525,
      "tn" : 1756390962525743152,
      "q" : "136",
      "p" : "0.070109",
      "s" : "sell",
      "i" : "PEAQ_USD",
      "m" : "4611686018427531085"
    }, {
      "d" : "1756390878478872201",
      "t" : 1756390878478,
      "tn" : 1756390878478872201,
      "q" : "40",
      "p" : "0.069954",
      "s" : "buy",
      "i" : "PEAQ_USD",
      "m" : "4611686018427531084"
    }, {
      "d" : "1756390806406376760",
      "t" : 1756390806406,
      "tn" : 1756390806406376760,
      "q" : "395",
      "p" : "0.069888",
      "s" : "buy",
      "i" : "PEAQ_USD",
      "m" : "4611686018427531083"
    }, {
      "d" : "1756390605076093153",
      "t" : 1756390605076,
      "tn" : 1756390605076093153,
      "q" : "159",
      "p" : "0.069960",
      "s" : "buy",
      "i" : "PEAQ_USD",
      "m" : "4611686018427531082"
    }, {
      "d" : "1756390302938949239",
      "t" : 1756390302938,
      "tn" : 1756390302938949239,
      "q" : "29",
      "p" : "0.069835",
      "s" : "sell",
      "i" : "PEAQ_USD",
      "m" : "4611686018427531081"
    }, {
      "d" : "1756390290775180614",
      "t" : 1756390290775,
      "tn" : 1756390290775180614,
      "q" : "311",
      "p" : "0.069700",
      "s" : "buy",
      "i" : "PEAQ_USD",
      "m" : "4611686018427531080"
    }, {
      "d" : "1756390129100431347",
      "t" : 1756390129100,
      "tn" : 1756390129100431347,
      "q" : "98",
      "p" : "0.069700",
      "s" : "sell",
      "i" : "PEAQ_USD",
      "m" : "4611686018427531079"
    }, {
      "d" : "1756388970915898951",
      "t" : 1756388970915,
      "tn" : 1756388970915898951,
      "q" : "359",
      "p" : "0.069700",
      "s" : "sell",
      "i" : "PEAQ_USD",
      "m" : "4611686018427531078"
    }, {
      "d" : "1756388960399791853",
      "t" : 1756388960399,
      "tn" : 1756388960399791853,
      "q" : "2152",
      "p" : "0.069700",
      "s" : "sell",
      "i" : "PEAQ_USD",
      "m" : "4611686018427531077"
    }, {
      "d" : "1756388960379613888",
      "t" : 1756388960379,
      "tn" : 1756388960379613888,
      "q" : "527",
      "p" : "0.069700",
      "s" : "sell",
      "i" : "PEAQ_USD",
      "m" : "4611686018427531076"
    }, {
      "d" : "1756388938728210990",
      "t" : 1756388938728,
      "tn" : 1756388938728210990,
      "q" : "905",
      "p" : "0.069700",
      "s" : "sell",
      "i" : "PEAQ_USD",
      "m" : "4611686018427531075"
    }, {
      "d" : "1756388938700762774",
      "t" : 1756388938700,
      "tn" : 1756388938700762774,
      "q" : "2766",
      "p" : "0.069700",
      "s" : "sell",
      "i" : "PEAQ_USD",
      "m" : "4611686018427531074"
    }, {
      "d" : "1756388873206653129",
      "t" : 1756388873206,
      "tn" : 1756388873206653128,
      "q" : "6363",
      "p" : "0.069701",
      "s" : "buy",
      "i" : "PEAQ_USD",
      "m" : "4611686018427531073"
    }, {
      "d" : "1756388873206653128",
      "t" : 1756388873206,
      "tn" : 1756388873206653128,
      "q" : "396",
      "p" : "0.069701",
      "s" : "buy",
      "i" : "PEAQ_USD",
      "m" : "4611686018427531073"
    }, {
      "d" : "1756388256899336058",
      "t" : 1756388256899,
      "tn" : 1756388256899336058,
      "q" : "152",
      "p" : "0.069760",
      "s" : "buy",
      "i" : "PEAQ_USD",
      "m" : "4611686018427531072"
    }, {
      "d" : "1756388256815021927",
      "t" : 1756388256815,
      "tn" : 1756388256815021927,
      "q" : "157",
      "p" : "0.069942",
      "s" : "sell",
      "i" : "PEAQ_USD",
      "m" : "4611686018427531071"
    }, {
      "d" : "1756388256480034755",
      "t" : 1756388256480,
      "tn" : 1756388256480034755,
      "q" : "263",
      "p" : "0.069904",
      "s" : "sell",
      "i" : "PEAQ_USD",
      "m" : "4611686018427531070"
    }, {
      "d" : "1756388256480033171",
      "t" : 1756388256480,
      "tn" : 1756388256480033171,
      "q" : "157",
      "p" : "0.069945",
      "s" : "sell",
      "i" : "PEAQ_USD",
      "m" : "4611686018427531069"
    }, {
      "d" : "1756383206428985690",
      "t" : 1756383206428,
      "tn" : 1756383206428985690,
      "q" : "7956",
      "p" : "0.069493",
      "s" : "sell",
      "i" : "PEAQ_USD",
      "m" : "4611686018427531068"
    }, {
      "d" : "1756383206428984241",
      "t" : 1756383206428,
      "tn" : 1756383206428984241,
      "q" : "399",
      "p" : "0.069590",
      "s" : "sell",
      "i" : "PEAQ_USD",
      "m" : "4611686018427531067"
    }, {
      "d" : "1756383206428981802",
      "t" : 1756383206428,
      "tn" : 1756383206428981802,
      "q" : "157",
      "p" : "0.069598",
      "s" : "sell",
      "i" : "PEAQ_USD",
      "m" : "4611686018427531066"
    }, {
      "d" : "1756383017585120525",
      "t" : 1756383017585,
      "tn" : 1756383017585120525,
      "q" : "157",
      "p" : "0.069626",
      "s" : "sell",
      "i" : "PEAQ_USD",
      "m" : "4611686018427531065"
    }, {
      "d" : "1756383017585118349",
      "t" : 1756383017585,
      "tn" : 1756383017585118349,
      "q" : "385",
      "p" : "0.069662",
      "s" : "sell",
      "i" : "PEAQ_USD",
      "m" : "4611686018427531064"
    }, {
      "d" : "1756378286522677703",
      "t" : 1756378286522,
      "tn" : 1756378286522677703,
      "q" : "55",
      "p" : "0.069763",
      "s" : "sell",
      "i" : "PEAQ_USD",
      "m" : "4611686018427531063"
    }, {
      "d" : "1756378284513700424",
      "t" : 1756378284513,
      "tn" : 1756378284513700424,
      "q" : "157",
      "p" : "0.069843",
      "s" : "sell",
      "i" : "PEAQ_USD",
      "m" : "4611686018427531062"
    }, {
      "d" : "1756378281024163650",
      "t" : 1756378281024,
      "tn" : 1756378281024163650,
      "q" : "2245",
      "p" : "0.069692",
      "s" : "sell",
      "i" : "PEAQ_USD",
      "m" : "4611686018427531061"
    }, {
      "d" : "1756378281024162629",
      "t" : 1756378281024,
      "tn" : 1756378281024162629,
      "q" : "398",
      "p" : "0.069874",
      "s" : "sell",
      "i" : "PEAQ_USD",
      "m" : "4611686018427531060"
    }, {
      "d" : "1756378281024159988",
      "t" : 1756378281024,
      "tn" : 1756378281024159988,
      "q" : "157",
      "p" : "0.069980",
      "s" : "sell",
      "i" : "PEAQ_USD",
      "m" : "4611686018427531059"
    } ]
  }
}