{
  "id" : -1,
  "method" : "public/get-trades",
  "code" : 0,
  "result" : {
    "data" : [ {
      "d" : "1756458105167943888",
      "t" : 1756458105167,
      "tn" : 1756458105167943888,
      "q" : "51.2",
      "p" : "4.6928",
      "s" : "sell",
      "i" : "PENDLE_USDT",
      "m" : "4611686018429467428"
    }, {
      "d" : "1756457841698017017",
      "t" : 1756457841698,
      "tn" : 1756457841698017017,
      "q" : "25.5",
      "p" : "4.7085",
      "s" : "buy",
      "i" : "PENDLE_USDT",
      "m" : "4611686018429467427"
    }, {
      "d" : "1756457841696819525",
      "t" : 1756457841696,
      "tn" : 1756457841696819525,
      "q" : "2.2",
      "p" : "4.7045",
      "s" : "buy",
      "i" : "PENDLE_USDT",
      "m" : "4611686018429467426"
    }, {
      "d" : "1756457841696817704",
      "t" : 1756457841696,
      "tn" : 1756457841696817704,
      "q" : "6.9",
      "p" : "4.7007",
      "s" : "buy",
      "i" : "PENDLE_USDT",
      "m" : "4611686018429467425"
    }, {
      "d" : "1756457576901948578",
      "t" : 1756457576901,
      "tn" : 1756457576901948578,
      "q" : "0.3",
      "p" : "4.7047",
      "s" : "buy",
      "i" : "PENDLE_USDT",
      "m" : "4611686018429467424"
    }, {
      "d" : "1756457232111780022",
      "t" : 1756457232111,
      "tn" : 1756457232111780022,
      "q" : "10.0",
      "p" : "4.7000",
      "s" : "sell",
      "i" : "PENDLE_USDT",
      "m" : "4611686018429467423"
    }, {
      "d" : "1756456997689704559",
      "t" : 1756456997689,
      "tn" : 1756456997689704559,
      "q" : "26.4",
      "p" : "4.7309",
      "s" : "buy",
      "i" : "PENDLE_USDT",
      "m" : "4611686018429467422"
    }, {
      "d" : "1756456720921400964",
      "t" : 1756456720921,
      "tn" : 1756456720921400964,
      "q" : "20.9",
      "p" : "4.7384",
      "s" : "sell",
      "i" : "PENDLE_USDT",
      "m" : "4611686018429467421"
    }, {
      "d" : "1756452378521643769",
      "t" : 1756452378521,
      "tn" : 1756452378521643769,
      "q" : "6.9",
      "p" : "4.7694",
      "s" : "buy",
      "i" : "PENDLE_USDT",
      "m" : "4611686018429467420"
    }, {
      "d" : "1756452378515938015",
      "t" : 1756452378515,
      "tn" : 1756452378515938015,
      "q" : "20.0",
      "p" : "4.7658",
      "s" : "buy",
      "i" : "PENDLE_USDT",
      "m" : "4611686018429467419"
    }, {
      "d" : "1756451865230639122",
      "t" : 1756451865230,
      "tn" : 1756451865230639122,
      "q" : "19.7",
      "p" : "4.7541",
      "s" : "buy",
      "i" : "PENDLE_USDT",
      "m" : "4611686018429467418"
    }, {
      "d" : "1756451667042771864",
      "t" : 1756451667042,
      "tn" : 1756451667042771864,
      "q" : "10.0",
      "p" : "4.7470",
      "s" : "sell",
      "i" : "PENDLE_USDT",
      "m" : "4611686018429467417"
    }, {
      "d" : "1756451667042769936",
      "t" : 1756451667042,
      "tn" : 1756451667042769936,
      "q" : "71.8",
      "p" : "4.7471",
      "s" : "sell",
      "i" : "PENDLE_USDT",
      "m" : "4611686018429467416"
    }, {
      "d" : "1756449826803539859",
      "t" : 1756449826803,
      "tn" : 1756449826803539859,
      "q" : "121.5",
      "p" : "4.8045",
      "s" : "sell",
      "i" : "PENDLE_USDT",
      "m" : "4611686018429467415"
    }, {
      "d" : "1756449826803537479",
      "t" : 1756449826803,
      "tn" : 1756449826803537479,
      "q" : "2.1",
      "p" : "4.8075",
      "s" : "sell",
      "i" : "PENDLE_USDT",
      "m" : "4611686018429467414"
    }, {
      "d" : "1756449696650096933",
      "t" : 1756449696650,
      "tn" : 1756449696650096933,
      "q" : "103.8",
      "p" : "4.8327",
      "s" : "buy",
      "i" : "PENDLE_USDT",
      "m" : "4611686018429467413"
    }, {
      "d" : "1756449696650094735",
      "t" : 1756449696650,
      "tn" : 1756449696650094735,
      "q" : "22.6",
      "p" : "4.8326",
      "s" : "buy",
      "i" : "PENDLE_USDT",
      "m" : "4611686018429467412"
    }, {
      "d" : "1756449696650091884",
      "t" : 1756449696650,
      "tn" : 1756449696650091884,
      "q" : "2.1",
      "p" : "4.8325",
      "s" : "buy",
      "i" : "PENDLE_USDT",
      "m" : "4611686018429467411"
    }, {
      "d" : "1756449692162852241",
      "t" : 1756449692162,
      "tn" : 1756449692162852241,
      "q" : "17.8",
      "p" : "4.8321",
      "s" : "buy",
      "i" : "PENDLE_USDT",
      "m" : "4611686018429467410"
    }, {
      "d" : "1756449692162851712",
      "t" : 1756449692162,
      "tn" : 1756449692162851712,
      "q" : "2.1",
      "p" : "4.8239",
      "s" : "buy",
      "i" : "PENDLE_USDT",
      "m" : "4611686018429467409"
    }, {
      "d" : "1756449692160924792",
      "t" : 1756449692160,
      "tn" : 1756449692160924792,
      "q" : "4.5",
      "p" : "4.8316",
      "s" : "buy",
      "i" : "PENDLE_USDT",
      "m" : "4611686018429467408"
    }, {
      "d" : "1756449692160924346",
      "t" : 1756449692160,
      "tn" : 1756449692160924346,
      "q" : "146.9",
      "p" : "4.8311",
      "s" : "buy",
      "i" : "PENDLE_USDT",
      "m" : "4611686018429467407"
    }, {
      "d" : "1756449692160921930",
      "t" : 1756449692160,
      "tn" : 1756449692160921930,
      "q" : "80.8",
      "p" : "4.8269",
      "s" : "buy",
      "i" : "PENDLE_USDT",
      "m" : "4611686018429467406"
    }, {
      "d" : "1756449584977610712",
      "t" : 1756449584977,
      "tn" : 1756449584977610712,
      "q" : "2.1",
      "p" : "4.8229",
      "s" : "sell",
      "i" : "PENDLE_USDT",
      "m" : "4611686018429467405"
    }, {
      "d" : "1756449584975339593",
      "t" : 1756449584975,
      "tn" : 1756449584975339593,
      "q" : "146.9",
      "p" : "4.8014",
      "s" : "sell",
      "i" : "PENDLE_USDT",
      "m" : "4611686018429467404"
    }, {
      "d" : "1756449584975334905",
      "t" : 1756449584975,
      "tn" : 1756449584975334905,
      "q" : "2.1",
      "p" : "4.8229",
      "s" : "sell",
      "i" : "PENDLE_USDT",
      "m" : "4611686018429467403"
    }, {
      "d" : "1756449543556708287",
      "t" : 1756449543556,
      "tn" : 1756449543556708287,
      "q" : "120.4",
      "p" : "4.8157",
      "s" : "sell",
      "i" : "PENDLE_USDT",
      "m" : "4611686018429467402"
    }, {
      "d" : "1756449543556705990",
      "t" : 1756449543556,
      "tn" : 1756449543556705990,
      "q" : "6.3",
      "p" : "4.8159",
      "s" : "sell",
      "i" : "PENDLE_USDT",
      "m" : "4611686018429467401"
    }, {
      "d" : "1756449540199319027",
      "t" : 1756449540199,
      "tn" : 1756449540199319027,
      "q" : "26.5",
      "p" : "4.8117",
      "s" : "sell",
      "i" : "PENDLE_USDT",
      "m" : "4611686018429467400"
    }, {
      "d" : "1756449540199317533",
      "t" : 1756449540199,
      "tn" : 1756449540199317533,
      "q" : "3.5",
      "p" : "4.8156",
      "s" : "sell",
      "i" : "PENDLE_USDT",
      "m" : "4611686018429467399"
    }, {
      "d" : "1756449540198514311",
      "t" : 1756449540198,
      "tn" : 1756449540198514311,
      "q" : "2.7",
      "p" : "4.8156",
      "s" : "sell",
      "i" : "PENDLE_USDT",
      "m" : "4611686018429467398"
    }, {
      "d" : "1756449540198512344",
      "t" : 1756449540198,
      "tn" : 1756449540198512344,
      "q" : "6.9",
      "p" : "4.8157",
      "s" : "sell",
      "i" : "PENDLE_USDT",
      "m" : "4611686018429467397"
    }, {
      "d" : "1756449531452137196",
      "t" : 1756449531452,
      "tn" : 1756449531452137196,
      "q" : "23.6",
      "p" : "4.8386",
      "s" : "buy",
      "i" : "PENDLE_USDT",
      "m" : "4611686018429467396"
    }, {
      "d" : "1756449531419646714",
      "t" : 1756449531419,
      "tn" : 1756449531419646714,
      "q" : "145.8",
      "p" : "4.8381",
      "s" : "buy",
      "i" : "PENDLE_USDT",
      "m" : "4611686018429467395"
    }, {
      "d" : "1756449531284042453",
      "t" : 1756449531284,
      "tn" : 1756449531284042453,
      "q" : "3.6",
      "p" : "4.8380",
      "s" : "buy",
      "i" : "PENDLE_USDT",
      "m" : "4611686018429467394"
    }, {
      "d" : "1756449489995686507",
      "t" : 1756449489995,
      "tn" : 1756449489995686507,
      "q" : "24.0",
      "p" : "4.8180",
      "s" : "buy",
      "i" : "PENDLE_USDT",
      "m" : "4611686018429467393"
    }, {
      "d" : "1756449489995684913",
      "t" : 1756449489995,
      "tn" : 1756449489995684913,
      "q" : "171.6",
      "p" : "4.8179",
      "s" : "buy",
      "i" : "PENDLE_USDT",
      "m" : "4611686018429467392"
    }, {
      "d" : "1756448142043180686",
      "t" : 1756448142043,
      "tn" : 1756448142043180686,
      "q" : "20.8",
      "p" : "4.7985",
      "s" : "sell",
      "i" : "PENDLE_USDT",
      "m" : "4611686018429467391"
    }, {
      "d" : "1756447410144461692",
      "t" : 1756447410144,
      "tn" : 1756447410144461692,
      "q" : "25.3",
      "p" : "4.8250",
      "s" : "sell",
      "i" : "PENDLE_USDT",
      "m" : "4611686018429467390"
    }, {
      "d" : "1756446145771894272",
      "t" : 1756446145771,
      "tn" : 1756446145771894272,
      "q" : "80.2",
      "p" : "4.8325",
      "s" : "sell",
      "i" : "PENDLE_USDT",
      "m" : "4611686018429467389"
    }, {
      "d" : "1756446145771892605",
      "t" : 1756446145771,
      "tn" : 1756446145771892605,
      "q" : "57.1",
      "p" : "4.8326",
      "s" : "sell",
      "i" : "PENDLE_USDT",
      "m" : "4611686018429467388"
    }, {
      "d" : "1756446145771889864",
      "t" : 1756446145771,
      "tn" : 1756446145771889864,
      "q" : "27.5",
      "p" : "4.8354",
      "s" : "sell",
      "i" : "PENDLE_USDT",
      "m" : "4611686018429467387"
    }, {
      "d" : "1756440459890467566",
      "t" : 1756440459890,
      "tn" : 1756440459890467566,
      "q" : "9.2",
      "p" : "4.8504",
      "s" : "sell",
      "i" : "PENDLE_USDT",
      "m" : "4611686018429467386"
    }, {
      "d" : "1756440459889942133",
      "t" : 1756440459889,
      "tn" : 1756440459889942133,
      "q" : "86.5",
      "p" : "4.8504",
      "s" : "sell",
      "i" : "PENDLE_USDT",
      "m" : "4611686018429467385"
    }, {
      "d" : "1756440459889940446",
      "t" : 1756440459889,
      "tn" : 1756440459889940446,
      "q" : "11.4",
      "p" : "4.8506",
      "s" : "sell",
      "i" : "PENDLE_USDT",
      "m" : "4611686018429467384"
    }, {
      "d" : "1756440459888809448",
      "t" : 1756440459888,
      "tn" : 1756440459888809448,
      "q" : "9.2",
      "p" : "4.8506",
      "s" : "sell",
      "i" : "PENDLE_USDT",
      "m" : "4611686018429467383"
    }, {
      "d" : "1756439573067503618",
      "t" : 1756439573067,
      "tn" : 1756439573067503618,
      "q" : "20.0",
      "p" : "4.8880",
      "s" : "buy",
      "i" : "PENDLE_USDT",
      "m" : "4611686018429467382"
    }, {
      "d" : "1756439573066686529",
      "t" : 1756439573066,
      "tn" : 1756439573066686529,
      "q" : "25.5",
      "p" : "4.8846",
      "s" : "buy",
      "i" : "PENDLE_USDT",
      "m" : "4611686018429467381"
    }, {
      "d" : "1756428775473397486",
      "t" : 1756428775473,
      "tn" : 1756428775473397486,
      "q" : "7.9",
      "p" : "4.8132",
      "s" : "sell",
      "i" : "PENDLE_USDT",
      "m" : "4611686018429467380"
    }, {
      "d" : "1756428775472171431",
      "t" : 1756428775472,
      "tn" : 1756428775472171431,
      "q" : "27.5",
      "p" : "4.8144",
      "s" : "sell",
      "i" : "PENDLE_USDT",
      "m" : "4611686018429467379"
    }, {
      "d" : "1756428775472168525",
      "t" : 1756428775472,
      "tn" : 1756428775472168525,
      "q" : "10.8",
      "p" : "4.8170",
      "s" : "sell",
      "i" : "PENDLE_USDT",
      "m" : "4611686018429467378"
    }, {
      "d" : "1756428180044140733",
      "t" : 1756428180044,
      "tn" : 1756428180044140733,
      "q" : "72.9",
      "p" : "4.8363",
      "s" : "sell",
      "i" : "PENDLE_USDT",
      "m" : "4611686018429467377"
    }, {
      "d" : "1756428180044139173",
      "t" : 1756428180044,
      "tn" : 1756428180044139173,
      "q" : "20.6",
      "p" : "4.8372",
      "s" : "sell",
      "i" : "PENDLE_USDT",
      "m" : "4611686018429467376"
    }, {
      "d" : "1756428173485637449",
      "t" : 1756428173485,
      "tn" : 1756428173485637449,
      "q" : "0.1",
      "p" : "4.8600",
      "s" : "sell",
      "i" : "PENDLE_USDT",
      "m" : "4611686018429467375"
    }, {
      "d" : "1756426828469457286",
      "t" : 1756426828469,
      "tn" : 1756426828469457286,
      "q" : "102.5",
      "p" : "4.8931",
      "s" : "buy",
      "i" : "PENDLE_USDT",
      "m" : "4611686018429467374"
    }, {
      "d" : "1756426828465917102",
      "t" : 1756426828465,
      "tn" : 1756426828465917102,
      "q" : "137.0",
      "p" : "4.8926",
      "s" : "buy",
      "i" : "PENDLE_USDT",
      "m" : "4611686018429467373"
    }, {
      "d" : "1756426828465350366",
      "t" : 1756426828465,
      "tn" : 1756426828465350366,
      "q" : "27.5",
      "p" : "4.8902",
      "s" : "buy",
      "i" : "PENDLE_USDT",
      "m" : "4611686018429467372"
    }, {
      "d" : "1756426828465348115",
      "t" : 1756426828465,
      "tn" : 1756426828465348115,
      "q" : "23.7",
      "p" : "4.8901",
      "s" : "buy",
      "i" : "PENDLE_USDT",
      "m" : "4611686018429467371"
    }, {
      "d" : "1756426122673941941",
      "t" : 1756426122673,
      "tn" : 1756426122673941941,
      "q" : "20.4",
      "p" : "4.8862",
      "s" : "sell",
      "i" : "PENDLE_USDT",
      "m" : "4611686018429467370"
    }, {
      "d" : "1756415059145694520",
      "t" : 1756415059145,
      "tn" : 1756415059145694520,
      "q" : "1.1",
      "p" : "4.8600",
      "s" : "sell",
      "i" : "PENDLE_USDT",
      "m" : "4611686018429467369"
    }, {
      "d" : "1756414639044275237",
      "t" : 1756414639044,
      "tn" : 1756414639044275237,
      "q" : "25.4",
      "p" : "4.8600",
      "s" : "sell",
      "i" : "PENDLE_USDT",
      "m" : "4611686018429467368"
    }, {
      "d" : "1756411000621123645",
      "t" : 1756411000621,
      "tn" : 1756411000621123645,
      "q" : "25.9",
      "p" : "4.8839",
      "s" : "sell",
      "i" : "PENDLE_USDT",
      "m" : "4611686018429467367"
    }, {
      "d" : "1756410576999878060",
      "t" : 1756410576999,
      "tn" : 1756410576999878060,
      "q" : "0.6",
      "p" : "4.8941",
      "s" : "sell",
      "i" : "PENDLE_USDT",
      "m" : "4611686018429467366"
    }, {
      "d" : "1756403458546112281",
      "t" : 1756403458546,
      "tn" : 1756403458546112281,
      "q" : "103.6",
      "p" : "4.9012",
      "s" : "sell",
      "i" : "PENDLE_USDT",
      "m" : "4611686018429467365"
    }, {
      "d" : "1756400921694523210",
      "t" : 1756400921694,
      "tn" : 1756400921694523210,
      "q" : "46.5",
      "p" : "4.9091",
      "s" : "sell",
      "i" : "PENDLE_USDT",
      "m" : "4611686018429467364"
    }, {
      "d" : "1756400921694071043",
      "t" : 1756400921694,
      "tn" : 1756400921694071043,
      "q" : "23.0",
      "p" : "4.9091",
      "s" : "sell",
      "i" : "PENDLE_USDT",
      "m" : "4611686018429467363"
    }, {
      "d" : "1756400921694069363",
      "t" : 1756400921694,
      "tn" : 1756400921694069363,
      "q" : "9.6",
      "p" : "4.9116",
      "s" : "sell",
      "i" : "PENDLE_USDT",
      "m" : "4611686018429467362"
    }, {
      "d" : "1756400921628026739",
      "t" : 1756400921628,
      "tn" : 1756400921628026739,
      "q" : "63.2",
      "p" : "4.9116",
      "s" : "sell",
      "i" : "PENDLE_USDT",
      "m" : "4611686018429467361"
    }, {
      "d" : "1756400921622028189",
      "t" : 1756400921622,
      "tn" : 1756400921622028189,
      "q" : "1.4",
      "p" : "4.9133",
      "s" : "sell",
      "i" : "PENDLE_USDT",
      "m" : "4611686018429467360"
    }, {
      "d" : "1756400921611219997",
      "t" : 1756400921611,
      "tn" : 1756400921611219997,
      "q" : "7.9",
      "p" : "4.9133",
      "s" : "sell",
      "i" : "PENDLE_USDT",
      "m" : "4611686018429467359"
    }, {
      "d" : "1756400921611218018",
      "t" : 1756400921611,
      "tn" : 1756400921611218018,
      "q" : "2.1",
      "p" : "4.9166",
      "s" : "sell",
      "i" : "PENDLE_USDT",
      "m" : "4611686018429467358"
    }, {
      "d" : "1756400921610979120",
      "t" : 1756400921610,
      "tn" : 1756400921610979120,
      "q" : "10.0",
      "p" : "4.9166",
      "s" : "sell",
      "i" : "PENDLE_USDT",
      "m" : "4611686018429467357"
    }, {
      "d" : "1756400921608072753",
      "t" : 1756400921608,
      "tn" : 1756400921608072753,
      "q" : "11.7",
      "p" : "4.9229",
      "s" : "sell",
      "i" : "PENDLE_USDT",
      "m" : "4611686018429467356"
    }, {
      "d" : "1756400921608070760",
      "t" : 1756400921608,
      "tn" : 1756400921608070760,
      "q" : "121.8",
      "p" : "4.9230",
      "s" : "sell",
      "i" : "PENDLE_USDT",
      "m" : "4611686018429467355"
    }, {
      "d" : "1756400737243486797",
      "t" : 1756400737243,
      "tn" : 1756400737243486797,
      "q" : "114.1",
      "p" : "4.9209",
      "s" : "sell",
      "i" : "PENDLE_USDT",
      "m" : "4611686018429467354"
    }, {
      "d" : "1756400737239305615",
      "t" : 1756400737239,
      "tn" : 1756400737239305615,
      "q" : "51.9",
      "p" : "4.9248",
      "s" : "sell",
      "i" : "PENDLE_USDT",
      "m" : "4611686018429467353"
    }, {
      "d" : "1756400719829013685",
      "t" : 1756400719829,
      "tn" : 1756400719829013685,
      "q" : "23.0",
      "p" : "4.9452",
      "s" : "sell",
      "i" : "PENDLE_USDT",
      "m" : "4611686018429467352"
    }, {
      "d" : "1756400719828773598",
      "t" : 1756400719828,
      "tn" : 1756400719828773598,
      "q" : "9.0",
      "p" : "4.9473",
      "s" : "sell",
      "i" : "PENDLE_USDT",
      "m" : "4611686018429467351"
    }, {
      "d" : "1756400572363814703",
      "t" : 1756400572363,
      "tn" : 1756400572363814703,
      "q" : "40.0",
      "p" : "4.9444",
      "s" : "sell",
      "i" : "PENDLE_USDT",
      "m" : "4611686018429467350"
    }, {
      "d" : "1756400473017624732",
      "t" : 1756400473017,
      "tn" : 1756400473017624732,
      "q" : "3.0",
      "p" : "4.9397",
      "s" : "sell",
      "i" : "PENDLE_USDT",
      "m" : "4611686018429467349"
    }, {
      "d" : "1756400473016970095",
      "t" : 1756400473016,
      "tn" : 1756400473016970095,
      "q" : "10.0",
      "p" : "4.9397",
      "s" : "sell",
      "i" : "PENDLE_USDT",
      "m" : "4611686018429467348"
    }, {
      "d" : "1756400473016415662",
      "t" : 1756400473016,
      "tn" : 1756400473016415662,
      "q" : "40.0",
      "p" : "4.9397",
      "s" : "sell",
      "i" : "PENDLE_USDT",
      "m" : "4611686018429467347"
    }, {
      "d" : "1756400473009136562",
      "t" : 1756400473009,
      "tn" : 1756400473009136562,
      "q" : "21.7",
      "p" : "4.9491",
      "s" : "sell",
      "i" : "PENDLE_USDT",
      "m" : "4611686018429467346"
    }, {
      "d" : "1756400473007970571",
      "t" : 1756400473007,
      "tn" : 1756400473007970571,
      "q" : "92.4",
      "p" : "4.9491",
      "s" : "sell",
      "i" : "PENDLE_USDT",
      "m" : "4611686018429467345"
    }, {
      "d" : "1756400473007968877",
      "t" : 1756400473007,
      "tn" : 1756400473007968877,
      "q" : "83.3",
      "p" : "4.9538",
      "s" : "sell",
      "i" : "PENDLE_USDT",
      "m" : "4611686018429467344"
    }, {
      "d" : "1756400473002620600",
      "t" : 1756400473002,
      "tn" : 1756400473002620600,
      "q" : "42.9",
      "p" : "4.9545",
      "s" : "sell",
      "i" : "PENDLE_USDT",
      "m" : "4611686018429467343"
    }, {
      "d" : "1756400384806508093",
      "t" : 1756400384806,
      "tn" : 1756400384806508093,
      "q" : "74.2",
      "p" : "4.9686",
      "s" : "sell",
      "i" : "PENDLE_USDT",
      "m" : "4611686018429467342"
    }, {
      "d" : "1756400369032111742",
      "t" : 1756400369032,
      "tn" : 1756400369032111742,
      "q" : "68.3",
      "p" : "4.9758",
      "s" : "sell",
      "i" : "PENDLE_USDT",
      "m" : "4611686018429467341"
    }, {
      "d" : "1756400369030109546",
      "t" : 1756400369030,
      "tn" : 1756400369030109546,
      "q" : "77.5",
      "p" : "4.9758",
      "s" : "sell",
      "i" : "PENDLE_USDT",
      "m" : "4611686018429467340"
    }, {
      "d" : "1756400365847508430",
      "t" : 1756400365847,
      "tn" : 1756400365847508430,
      "q" : "102.1",
      "p" : "5.0067",
      "s" : "sell",
      "i" : "PENDLE_USDT",
      "m" : "4611686018429467339"
    }, {
      "d" : "1756397318555209540",
      "t" : 1756397318555,
      "tn" : 1756397318555209540,
      "q" : "16.1",
      "p" : "5.0807",
      "s" : "sell",
      "i" : "PENDLE_USDT",
      "m" : "4611686018429467338"
    }, {
      "d" : "1756397318555208098",
      "t" : 1756397318555,
      "tn" : 1756397318555208098,
      "q" : "130.4",
      "p" : "5.0811",
      "s" : "sell",
      "i" : "PENDLE_USDT",
      "m" : "4611686018429467337"
    }, {
      "d" : "1756397318554319118",
      "t" : 1756397318554,
      "tn" : 1756397318554319118,
      "q" : "51.8",
      "p" : "5.0811",
      "s" : "sell",
      "i" : "PENDLE_USDT",
      "m" : "4611686018429467336"
    }, {
      "d" : "1756397318554317605",
      "t" : 1756397318554,
      "tn" : 1756397318554317605,
      "q" : "10.1",
      "p" : "5.0815",
      "s" : "sell",
      "i" : "PENDLE_USDT",
      "m" : "4611686018429467335"
    }, {
      "d" : "1756397315241968108",
      "t" : 1756397315241,
      "tn" : 1756397315241968108,
      "q" : "80.4",
      "p" : "5.0831",
      "s" : "sell",
      "i" : "PENDLE_USDT",
      "m" : "4611686018429467334"
    }, {
      "d" : "1756397315241250348",
      "t" : 1756397315241,
      "tn" : 1756397315241250348,
      "q" : "19.6",
      "p" : "5.0848",
      "s" : "sell",
      "i" : "PENDLE_USDT",
      "m" : "4611686018429467333"
    }, {
      "d" : "1756397315241248498",
      "t" : 1756397315241,
      "tn" : 1756397315241248498,
      "q" : "53.9",
      "p" : "5.0849",
      "s" : "sell",
      "i" : "PENDLE_USDT",
      "m" : "4611686018429467332"
    }, {
      "d" : "1756397315240997971",
      "t" : 1756397315240,
      "tn" : 1756397315240997971,
      "q" : "128.3",
      "p" : "5.0849",
      "s" : "sell",
      "i" : "PENDLE_USDT",
      "m" : "4611686018429467331"
    }, {
      "d" : "1756394162542647206",
      "t" : 1756394162542,
      "tn" : 1756394162542647206,
      "q" : "48.6",
      "p" : "5.1617",
      "s" : "buy",
      "i" : "PENDLE_USDT",
      "m" : "4611686018429467330"
    }, {
      "d" : "1756394162542645315",
      "t" : 1756394162542,
      "tn" : 1756394162542645315,
      "q" : "19.4",
      "p" : "5.1616",
      "s" : "buy",
      "i" : "PENDLE_USDT",
      "m" : "4611686018429467329"
    }, {
      "d" : "1756393941711591664",
      "t" : 1756393941711,
      "tn" : 1756393941711591664,
      "q" : "27.8",
      "p" : "5.1521",
      "s" : "sell",
      "i" : "PENDLE_USDT",
      "m" : "4611686018429467328"
    }, {
      "d" : "1756393941711589782",
      "t" : 1756393941711,
      "tn" : 1756393941711589782,
      "q" : "40.7",
      "p" : "5.1522",
      "s" : "sell",
      "i" : "PENDLE_USDT",
      "m" : "4611686018429467327"
    }, {
      "d" : "1756393941711586323",
      "t" : 1756393941711,
      "tn" : 1756393941711586323,
      "q" : "19.4",
      "p" : "5.1523",
      "s" : "sell",
      "i" : "PENDLE_USDT",
      "m" : "4611686018429467326"
    }, {
      "d" : "1756393286268959034",
      "t" : 1756393286268,
      "tn" : 1756393286268959034,
      "q" : "48.7",
      "p" : "5.1844",
      "s" : "buy",
      "i" : "PENDLE_USDT",
      "m" : "4611686018429467325"
    }, {
      "d" : "1756392134987461848",
      "t" : 1756392134987,
      "tn" : 1756392134987461848,
      "q" : "150.9",
      "p" : "5.1471",
      "s" : "sell",
      "i" : "PENDLE_USDT",
      "m" : "4611686018429467324"
    }, {
      "d" : "1756392134987459812",
      "t" : 1756392134987,
      "tn" : 1756392134987459812,
      "q" : "54.7",
      "p" : "5.1472",
      "s" : "sell",
      "i" : "PENDLE_USDT",
      "m" : "4611686018429467323"
    }, {
      "d" : "1756392134987456642",
      "t" : 1756392134987,
      "tn" : 1756392134987456642,
      "q" : "19.4",
      "p" : "5.1473",
      "s" : "sell",
      "i" : "PENDLE_USDT",
      "m" : "4611686018429467322"
    }, {
      "d" : "1756388138763839814",
      "t" : 1756388138763,
      "tn" : 1756388138763839814,
      "q" : "41.2",
      "p" : "5.1488",
      "s" : "sell",
      "i" : "PENDLE_USDT",
      "m" : "4611686018429467321"
    }, {
      "d" : "1756388108251627860",
      "t" : 1756388108251,
      "tn" : 1756388108251627860,
      "q" : "19.4",
      "p" : "5.1488",
      "s" : "sell",
      "i" : "PENDLE_USDT",
      "m" : "4611686018429467320"
    }, {
      "d" : "1756387581385191484",
      "t" : 1756387581385,
      "tn" : 1756387581385191484,
      "q" : "19.4",
      "p" : "5.1482",
      "s" : "sell",
      "i" : "PENDLE_USDT",
      "m" : "4611686018429467319"
    }, {
      "d" : "1756386220177010580",
      "t" : 1756386220177,
      "tn" : 1756386220177010580,
      "q" : "42.6",
      "p" : "5.1407",
      "s" : "buy",
      "i" : "PENDLE_USDT",
      "m" : "4611686018429467318"
    }, {
      "d" : "1756386220169647109",
      "t" : 1756386220169,
      "tn" : 1756386220169647109,
      "q" : "139.6",
      "p" : "5.1407",
      "s" : "buy",
      "i" : "PENDLE_USDT",
      "m" : "4611686018429467317"
    }, {
      "d" : "1756386219946984046",
      "t" : 1756386219946,
      "tn" : 1756386219946984046,
      "q" : "42.7",
      "p" : "5.1409",
      "s" : "buy",
      "i" : "PENDLE_USDT",
      "m" : "4611686018429467316"
    }, {
      "d" : "1756386219946981491",
      "t" : 1756386219946,
      "tn" : 1756386219946981491,
      "q" : "19.4",
      "p" : "5.1408",
      "s" : "buy",
      "i" : "PENDLE_USDT",
      "m" : "4611686018429467315"
    }, {
      "d" : "1756384951244098816",
      "t" : 1756384951244,
      "tn" : 1756384951244098816,
      "q" : "37.4",
      "p" : "5.1328",
      "s" : "sell",
      "i" : "PENDLE_USDT",
      "m" : "4611686018429467314"
    }, {
      "d" : "1756384951244096899",
      "t" : 1756384951244,
      "tn" : 1756384951244096899,
      "q" : "19.4",
      "p" : "5.1331",
      "s" : "sell",
      "i" : "PENDLE_USDT",
      "m" : "4611686018429467313"
    }, {
      "d" : "1756383886038909890",
      "t" : 1756383886038,
      "tn" : 1756383886038909890,
      "q" : "1.9",
      "p" : "5.1128",
      "s" : "sell",
      "i" : "PENDLE_USDT",
      "m" : "4611686018429467312"
    }, {
      "d" : "1756383853834660418",
      "t" : 1756383853834,
      "tn" : 1756383853834660418,
      "q" : "0.6",
      "p" : "5.1222",
      "s" : "buy",
      "i" : "PENDLE_USDT",
      "m" : "4611686018429467311"
    }, {
      "d" : "1756378368717165993",
      "t" : 1756378368717,
      "tn" : 1756378368717165993,
      "q" : "118.7",
      "p" : "5.1399",
      "s" : "buy",
      "i" : "PENDLE_USDT",
      "m" : "4611686018429467310"
    } ]
  }
}