{
  "id" : -1,
  "method" : "public/get-trades",
  "code" : 0,
  "result" : {
    "data" : [ {
      "d" : "1756462061134831445",
      "t" : 1756462061134,
      "tn" : 1756462061134831445,
      "q" : "1",
      "p" : "4.7190",
      "s" : "sell",
      "i" : "PENDLEUSD-PERP",
      "m" : "4611686018430090997"
    }, {
      "d" : "1756462060675127613",
      "t" : 1756462060675,
      "tn" : 1756462060675127613,
      "q" : "1",
      "p" : "4.7175",
      "s" : "buy",
      "i" : "PENDLEUSD-PERP",
      "m" : "4611686018430090996"
    }, {
      "d" : "1756462058067904352",
      "t" : 1756462058067,
      "tn" : 1756462058067904352,
      "q" : "1",
      "p" : "4.7167",
      "s" : "buy",
      "i" : "PENDLEUSD-PERP",
      "m" : "4611686018430090995"
    }, {
      "d" : "1756462055508475999",
      "t" : 1756462055508,
      "tn" : 1756462055508475999,
      "q" : "1",
      "p" : "4.7155",
      "s" : "buy",
      "i" : "PENDLEUSD-PERP",
      "m" : "4611686018430090994"
    }, {
      "d" : "1756462050552860442",
      "t" : 1756462050552,
      "tn" : 1756462050552860442,
      "q" : "1",
      "p" : "4.7159",
      "s" : "sell",
      "i" : "PENDLEUSD-PERP",
      "m" : "4611686018430090993"
    }, {
      "d" : "1756462042246016002",
      "t" : 1756462042246,
      "tn" : 1756462042246016002,
      "q" : "1",
      "p" : "4.7167",
      "s" : "sell",
      "i" : "PENDLEUSD-PERP",
      "m" : "4611686018430090992"
    }, {
      "d" : "1756462041117354354",
      "t" : 1756462041117,
      "tn" : 1756462041117354354,
      "q" : "1",
      "p" : "4.7166",
      "s" : "buy",
      "i" : "PENDLEUSD-PERP",
      "m" : "4611686018430090991"
    }, {
      "d" : "1756462037631252976",
      "t" : 1756462037631,
      "tn" : 1756462037631252976,
      "q" : "1",
      "p" : "4.7163",
      "s" : "sell",
      "i" : "PENDLEUSD-PERP",
      "m" : "4611686018430090990"
    }, {
      "d" : "1756462037353503714",
      "t" : 1756462037353,
      "tn" : 1756462037353503714,
      "q" : "1",
      "p" : "4.7165",
      "s" : "buy",
      "i" : "PENDLEUSD-PERP",
      "m" : "4611686018430090989"
    }, {
      "d" : "1756462037334009649",
      "t" : 1756462037334,
      "tn" : 1756462037334009649,
      "q" : "1",
      "p" : "4.7160",
      "s" : "buy",
      "i" : "PENDLEUSD-PERP",
      "m" : "4611686018430090988"
    }, {
      "d" : "1756462032366878068",
      "t" : 1756462032366,
      "tn" : 1756462032366878068,
      "q" : "1",
      "p" : "4.7148",
      "s" : "buy",
      "i" : "PENDLEUSD-PERP",
      "m" : "4611686018430090987"
    }, {
      "d" : "1756462032162652358",
      "t" : 1756462032162,
      "tn" : 1756462032162652358,
      "q" : "1",
      "p" : "4.7157",
      "s" : "sell",
      "i" : "PENDLEUSD-PERP",
      "m" : "4611686018430090986"
    }, {
      "d" : "1756462031524034400",
      "t" : 1756462031524,
      "tn" : 1756462031524034400,
      "q" : "1",
      "p" : "4.7161",
      "s" : "sell",
      "i" : "PENDLEUSD-PERP",
      "m" : "4611686018430090985"
    }, {
      "d" : "1756462029937853447",
      "t" : 1756462029937,
      "tn" : 1756462029937853447,
      "q" : "1",
      "p" : "4.7156",
      "s" : "buy",
      "i" : "PENDLEUSD-PERP",
      "m" : "4611686018430090984"
    }, {
      "d" : "1756462023557099634",
      "t" : 1756462023557,
      "tn" : 1756462023557099634,
      "q" : "1",
      "p" : "4.7153",
      "s" : "sell",
      "i" : "PENDLEUSD-PERP",
      "m" : "4611686018430090983"
    }, {
      "d" : "1756462022526558996",
      "t" : 1756462022526,
      "tn" : 1756462022526558996,
      "q" : "1",
      "p" : "4.7150",
      "s" : "buy",
      "i" : "PENDLEUSD-PERP",
      "m" : "4611686018430090982"
    }, {
      "d" : "1756462021233627705",
      "t" : 1756462021233,
      "tn" : 1756462021233627705,
      "q" : "1",
      "p" : "4.7149",
      "s" : "sell",
      "i" : "PENDLEUSD-PERP",
      "m" : "4611686018430090981"
    }, {
      "d" : "1756462021071916393",
      "t" : 1756462021071,
      "tn" : 1756462021071916393,
      "q" : "1",
      "p" : "4.7145",
      "s" : "buy",
      "i" : "PENDLEUSD-PERP",
      "m" : "4611686018430090980"
    }, {
      "d" : "1756462015364187772",
      "t" : 1756462015364,
      "tn" : 1756462015364187772,
      "q" : "1",
      "p" : "4.7144",
      "s" : "sell",
      "i" : "PENDLEUSD-PERP",
      "m" : "4611686018430090979"
    }, {
      "d" : "1756462009544703002",
      "t" : 1756462009544,
      "tn" : 1756462009544703002,
      "q" : "1",
      "p" : "4.7137",
      "s" : "buy",
      "i" : "PENDLEUSD-PERP",
      "m" : "4611686018430090978"
    }, {
      "d" : "1756462007178705253",
      "t" : 1756462007178,
      "tn" : 1756462007178705253,
      "q" : "1",
      "p" : "4.7127",
      "s" : "buy",
      "i" : "PENDLEUSD-PERP",
      "m" : "4611686018430090977"
    }, {
      "d" : "1756462004756392408",
      "t" : 1756462004756,
      "tn" : 1756462004756392408,
      "q" : "1",
      "p" : "4.7122",
      "s" : "buy",
      "i" : "PENDLEUSD-PERP",
      "m" : "4611686018430090976"
    }, {
      "d" : "1756462004417461460",
      "t" : 1756462004417,
      "tn" : 1756462004417461460,
      "q" : "1",
      "p" : "4.7124",
      "s" : "sell",
      "i" : "PENDLEUSD-PERP",
      "m" : "4611686018430090975"
    }, {
      "d" : "1756462004200021024",
      "t" : 1756462004200,
      "tn" : 1756462004200021024,
      "q" : "1",
      "p" : "4.7129",
      "s" : "sell",
      "i" : "PENDLEUSD-PERP",
      "m" : "4611686018430090974"
    }, {
      "d" : "1756462003810741829",
      "t" : 1756462003810,
      "tn" : 1756462003810741829,
      "q" : "1",
      "p" : "4.7118",
      "s" : "buy",
      "i" : "PENDLEUSD-PERP",
      "m" : "4611686018430090973"
    }, {
      "d" : "1756461999487133084",
      "t" : 1756461999487,
      "tn" : 1756461999487133084,
      "q" : "1",
      "p" : "4.7114",
      "s" : "sell",
      "i" : "PENDLEUSD-PERP",
      "m" : "4611686018430090972"
    }, {
      "d" : "1756461998184351045",
      "t" : 1756461998184,
      "tn" : 1756461998184351045,
      "q" : "1",
      "p" : "4.7106",
      "s" : "buy",
      "i" : "PENDLEUSD-PERP",
      "m" : "4611686018430090971"
    }, {
      "d" : "1756461996539228445",
      "t" : 1756461996539,
      "tn" : 1756461996539228445,
      "q" : "1",
      "p" : "4.7094",
      "s" : "buy",
      "i" : "PENDLEUSD-PERP",
      "m" : "4611686018430090970"
    }, {
      "d" : "1756461994441875726",
      "t" : 1756461994441,
      "tn" : 1756461994441875726,
      "q" : "1",
      "p" : "4.7089",
      "s" : "buy",
      "i" : "PENDLEUSD-PERP",
      "m" : "4611686018430090969"
    }, {
      "d" : "1756461993292132589",
      "t" : 1756461993292,
      "tn" : 1756461993292132589,
      "q" : "1",
      "p" : "4.7092",
      "s" : "sell",
      "i" : "PENDLEUSD-PERP",
      "m" : "4611686018430090968"
    }, {
      "d" : "1756461988109934100",
      "t" : 1756461988109,
      "tn" : 1756461988109934100,
      "q" : "1",
      "p" : "4.7103",
      "s" : "buy",
      "i" : "PENDLEUSD-PERP",
      "m" : "4611686018430090967"
    }, {
      "d" : "1756461987902961862",
      "t" : 1756461987902,
      "tn" : 1756461987902961862,
      "q" : "1",
      "p" : "4.7107",
      "s" : "sell",
      "i" : "PENDLEUSD-PERP",
      "m" : "4611686018430090966"
    }, {
      "d" : "1756461986822313728",
      "t" : 1756461986822,
      "tn" : 1756461986822313728,
      "q" : "1",
      "p" : "4.7110",
      "s" : "sell",
      "i" : "PENDLEUSD-PERP",
      "m" : "4611686018430090965"
    }, {
      "d" : "1756461986293196302",
      "t" : 1756461986293,
      "tn" : 1756461986293196302,
      "q" : "1",
      "p" : "4.7113",
      "s" : "sell",
      "i" : "PENDLEUSD-PERP",
      "m" : "4611686018430090964"
    }, {
      "d" : "1756461986063910896",
      "t" : 1756461986063,
      "tn" : 1756461986063910896,
      "q" : "1",
      "p" : "4.7117",
      "s" : "sell",
      "i" : "PENDLEUSD-PERP",
      "m" : "4611686018430090963"
    }, {
      "d" : "1756461985952140491",
      "t" : 1756461985952,
      "tn" : 1756461985952140491,
      "q" : "1",
      "p" : "4.7114",
      "s" : "buy",
      "i" : "PENDLEUSD-PERP",
      "m" : "4611686018430090962"
    }, {
      "d" : "1756461985431280057",
      "t" : 1756461985431,
      "tn" : 1756461985431280057,
      "q" : "1",
      "p" : "4.7104",
      "s" : "buy",
      "i" : "PENDLEUSD-PERP",
      "m" : "4611686018430090961"
    }, {
      "d" : "1756461984219358253",
      "t" : 1756461984219,
      "tn" : 1756461984219358253,
      "q" : "1",
      "p" : "4.7105",
      "s" : "buy",
      "i" : "PENDLEUSD-PERP",
      "m" : "4611686018430090960"
    }, {
      "d" : "1756461983930395499",
      "t" : 1756461983930,
      "tn" : 1756461983930395499,
      "q" : "1",
      "p" : "4.7110",
      "s" : "sell",
      "i" : "PENDLEUSD-PERP",
      "m" : "4611686018430090959"
    }, {
      "d" : "1756461983790732877",
      "t" : 1756461983790,
      "tn" : 1756461983790732877,
      "q" : "1",
      "p" : "4.7116",
      "s" : "sell",
      "i" : "PENDLEUSD-PERP",
      "m" : "4611686018430090958"
    }, {
      "d" : "1756461983113864186",
      "t" : 1756461983113,
      "tn" : 1756461983113864186,
      "q" : "1",
      "p" : "4.7115",
      "s" : "buy",
      "i" : "PENDLEUSD-PERP",
      "m" : "4611686018430090957"
    }, {
      "d" : "1756461982091872800",
      "t" : 1756461982091,
      "tn" : 1756461982091872800,
      "q" : "1",
      "p" : "4.7117",
      "s" : "sell",
      "i" : "PENDLEUSD-PERP",
      "m" : "4611686018430090956"
    }, {
      "d" : "1756461979754770799",
      "t" : 1756461979754,
      "tn" : 1756461979754770799,
      "q" : "1",
      "p" : "4.7116",
      "s" : "buy",
      "i" : "PENDLEUSD-PERP",
      "m" : "4611686018430090955"
    }, {
      "d" : "1756461979549950170",
      "t" : 1756461979549,
      "tn" : 1756461979549950170,
      "q" : "1",
      "p" : "4.7107",
      "s" : "buy",
      "i" : "PENDLEUSD-PERP",
      "m" : "4611686018430090954"
    }, {
      "d" : "1756461975740381447",
      "t" : 1756461975740,
      "tn" : 1756461975740381447,
      "q" : "1",
      "p" : "4.7115",
      "s" : "sell",
      "i" : "PENDLEUSD-PERP",
      "m" : "4611686018430090953"
    }, {
      "d" : "1756461970856596359",
      "t" : 1756461970856,
      "tn" : 1756461970856596359,
      "q" : "1",
      "p" : "4.7117",
      "s" : "buy",
      "i" : "PENDLEUSD-PERP",
      "m" : "4611686018430090952"
    }, {
      "d" : "1756461962468698665",
      "t" : 1756461962468,
      "tn" : 1756461962468698665,
      "q" : "1",
      "p" : "4.7120",
      "s" : "sell",
      "i" : "PENDLEUSD-PERP",
      "m" : "4611686018430090951"
    }, {
      "d" : "1756461959293978011",
      "t" : 1756461959293,
      "tn" : 1756461959293978011,
      "q" : "1",
      "p" : "4.7125",
      "s" : "buy",
      "i" : "PENDLEUSD-PERP",
      "m" : "4611686018430090950"
    }, {
      "d" : "1756461958903390072",
      "t" : 1756461958903,
      "tn" : 1756461958903390072,
      "q" : "1",
      "p" : "4.7129",
      "s" : "sell",
      "i" : "PENDLEUSD-PERP",
      "m" : "4611686018430090949"
    }, {
      "d" : "1756461958752581633",
      "t" : 1756461958752,
      "tn" : 1756461958752581633,
      "q" : "1",
      "p" : "4.7142",
      "s" : "sell",
      "i" : "PENDLEUSD-PERP",
      "m" : "4611686018430090948"
    }, {
      "d" : "1756461957672012870",
      "t" : 1756461957672,
      "tn" : 1756461957672012870,
      "q" : "1",
      "p" : "4.7138",
      "s" : "buy",
      "i" : "PENDLEUSD-PERP",
      "m" : "4611686018430090947"
    }, {
      "d" : "1756461957544328875",
      "t" : 1756461957544,
      "tn" : 1756461957544328875,
      "q" : "1",
      "p" : "4.7135",
      "s" : "buy",
      "i" : "PENDLEUSD-PERP",
      "m" : "4611686018430090946"
    }, {
      "d" : "1756461956603886906",
      "t" : 1756461956603,
      "tn" : 1756461956603886906,
      "q" : "1",
      "p" : "4.7146",
      "s" : "sell",
      "i" : "PENDLEUSD-PERP",
      "m" : "4611686018430090945"
    }, {
      "d" : "1756461956120712810",
      "t" : 1756461956120,
      "tn" : 1756461956120712810,
      "q" : "1",
      "p" : "4.7148",
      "s" : "buy",
      "i" : "PENDLEUSD-PERP",
      "m" : "4611686018430090944"
    }, {
      "d" : "1756461954270000814",
      "t" : 1756461954270,
      "tn" : 1756461954270000814,
      "q" : "1",
      "p" : "4.7151",
      "s" : "sell",
      "i" : "PENDLEUSD-PERP",
      "m" : "4611686018430090943"
    }, {
      "d" : "1756461950842804256",
      "t" : 1756461950842,
      "tn" : 1756461950842804256,
      "q" : "1",
      "p" : "4.7164",
      "s" : "sell",
      "i" : "PENDLEUSD-PERP",
      "m" : "4611686018430090942"
    }, {
      "d" : "1756461950464304482",
      "t" : 1756461950464,
      "tn" : 1756461950464304482,
      "q" : "1",
      "p" : "4.7168",
      "s" : "sell",
      "i" : "PENDLEUSD-PERP",
      "m" : "4611686018430090941"
    }, {
      "d" : "1756461950352983220",
      "t" : 1756461950352,
      "tn" : 1756461950352983220,
      "q" : "1",
      "p" : "4.7166",
      "s" : "sell",
      "i" : "PENDLEUSD-PERP",
      "m" : "4611686018430090940"
    }, {
      "d" : "1756461950237192892",
      "t" : 1756461950237,
      "tn" : 1756461950237192891,
      "q" : "1",
      "p" : "4.7160",
      "s" : "buy",
      "i" : "PENDLEUSD-PERP",
      "m" : "4611686018430090939"
    }, {
      "d" : "1756461950237192891",
      "t" : 1756461950237,
      "tn" : 1756461950237192891,
      "q" : "1",
      "p" : "4.7160",
      "s" : "buy",
      "i" : "PENDLEUSD-PERP",
      "m" : "4611686018430090939"
    }, {
      "d" : "1756461948833537676",
      "t" : 1756461948833,
      "tn" : 1756461948833537676,
      "q" : "1",
      "p" : "4.7149",
      "s" : "buy",
      "i" : "PENDLEUSD-PERP",
      "m" : "4611686018430090938"
    }, {
      "d" : "1756461946795938266",
      "t" : 1756461946795,
      "tn" : 1756461946795938266,
      "q" : "1",
      "p" : "4.7149",
      "s" : "sell",
      "i" : "PENDLEUSD-PERP",
      "m" : "4611686018430090937"
    }, {
      "d" : "1756461944754286914",
      "t" : 1756461944754,
      "tn" : 1756461944754286914,
      "q" : "1",
      "p" : "4.7144",
      "s" : "buy",
      "i" : "PENDLEUSD-PERP",
      "m" : "4611686018430090936"
    }, {
      "d" : "1756461942216566018",
      "t" : 1756461942216,
      "tn" : 1756461942216566018,
      "q" : "1",
      "p" : "4.7136",
      "s" : "buy",
      "i" : "PENDLEUSD-PERP",
      "m" : "4611686018430090935"
    }, {
      "d" : "1756461939905109054",
      "t" : 1756461939905,
      "tn" : 1756461939905109054,
      "q" : "1",
      "p" : "4.7136",
      "s" : "sell",
      "i" : "PENDLEUSD-PERP",
      "m" : "4611686018430090934"
    }, {
      "d" : "1756461939789949830",
      "t" : 1756461939789,
      "tn" : 1756461939789949830,
      "q" : "1",
      "p" : "4.7143",
      "s" : "sell",
      "i" : "PENDLEUSD-PERP",
      "m" : "4611686018430090933"
    }, {
      "d" : "1756461939660019831",
      "t" : 1756461939660,
      "tn" : 1756461939660019831,
      "q" : "1",
      "p" : "4.7135",
      "s" : "buy",
      "i" : "PENDLEUSD-PERP",
      "m" : "4611686018430090932"
    }, {
      "d" : "1756461939652004729",
      "t" : 1756461939652,
      "tn" : 1756461939652004729,
      "q" : "1",
      "p" : "4.7131",
      "s" : "buy",
      "i" : "PENDLEUSD-PERP",
      "m" : "4611686018430090931"
    }, {
      "d" : "1756461938507842421",
      "t" : 1756461938507,
      "tn" : 1756461938507842421,
      "q" : "1",
      "p" : "4.7125",
      "s" : "buy",
      "i" : "PENDLEUSD-PERP",
      "m" : "4611686018430090930"
    }, {
      "d" : "1756461934089510835",
      "t" : 1756461934089,
      "tn" : 1756461934089510835,
      "q" : "1",
      "p" : "4.7133",
      "s" : "sell",
      "i" : "PENDLEUSD-PERP",
      "m" : "4611686018430090929"
    }, {
      "d" : "1756461931649021109",
      "t" : 1756461931649,
      "tn" : 1756461931649021109,
      "q" : "1",
      "p" : "4.7128",
      "s" : "buy",
      "i" : "PENDLEUSD-PERP",
      "m" : "4611686018430090928"
    }, {
      "d" : "1756461918515158907",
      "t" : 1756461918515,
      "tn" : 1756461918515158907,
      "q" : "1",
      "p" : "4.7120",
      "s" : "sell",
      "i" : "PENDLEUSD-PERP",
      "m" : "4611686018430090927"
    }, {
      "d" : "1756461917391337801",
      "t" : 1756461917391,
      "tn" : 1756461917391337801,
      "q" : "1",
      "p" : "4.7113",
      "s" : "buy",
      "i" : "PENDLEUSD-PERP",
      "m" : "4611686018430090926"
    }, {
      "d" : "1756461916654269336",
      "t" : 1756461916654,
      "tn" : 1756461916654269336,
      "q" : "1",
      "p" : "4.7111",
      "s" : "sell",
      "i" : "PENDLEUSD-PERP",
      "m" : "4611686018430090925"
    }, {
      "d" : "1756461915918238477",
      "t" : 1756461915918,
      "tn" : 1756461915918238477,
      "q" : "1",
      "p" : "4.7102",
      "s" : "buy",
      "i" : "PENDLEUSD-PERP",
      "m" : "4611686018430090924"
    }, {
      "d" : "1756461913173411570",
      "t" : 1756461913173,
      "tn" : 1756461913173411570,
      "q" : "1",
      "p" : "4.7097",
      "s" : "buy",
      "i" : "PENDLEUSD-PERP",
      "m" : "4611686018430090923"
    }, {
      "d" : "1756461912277046780",
      "t" : 1756461912277,
      "tn" : 1756461912277046780,
      "q" : "1",
      "p" : "4.7093",
      "s" : "buy",
      "i" : "PENDLEUSD-PERP",
      "m" : "4611686018430090922"
    }, {
      "d" : "1756461910572763811",
      "t" : 1756461910572,
      "tn" : 1756461910572763811,
      "q" : "1",
      "p" : "4.7097",
      "s" : "sell",
      "i" : "PENDLEUSD-PERP",
      "m" : "4611686018430090921"
    }, {
      "d" : "1756461910172431680",
      "t" : 1756461910172,
      "tn" : 1756461910172431680,
      "q" : "1",
      "p" : "4.7101",
      "s" : "sell",
      "i" : "PENDLEUSD-PERP",
      "m" : "4611686018430090920"
    }, {
      "d" : "1756461910027485311",
      "t" : 1756461910027,
      "tn" : 1756461910027485311,
      "q" : "1",
      "p" : "4.7095",
      "s" : "buy",
      "i" : "PENDLEUSD-PERP",
      "m" : "4611686018430090919"
    }, {
      "d" : "1756461910021925108",
      "t" : 1756461910021,
      "tn" : 1756461910021925108,
      "q" : "1",
      "p" : "4.7086",
      "s" : "buy",
      "i" : "PENDLEUSD-PERP",
      "m" : "4611686018430090918"
    }, {
      "d" : "1756461909887855487",
      "t" : 1756461909887,
      "tn" : 1756461909887855487,
      "q" : "1",
      "p" : "4.7083",
      "s" : "buy",
      "i" : "PENDLEUSD-PERP",
      "m" : "4611686018430090917"
    }, {
      "d" : "1756461906365199926",
      "t" : 1756461906365,
      "tn" : 1756461906365199926,
      "q" : "1",
      "p" : "4.7089",
      "s" : "sell",
      "i" : "PENDLEUSD-PERP",
      "m" : "4611686018430090916"
    }, {
      "d" : "1756461899132343533",
      "t" : 1756461899132,
      "tn" : 1756461899132343533,
      "q" : "1",
      "p" : "4.7105",
      "s" : "sell",
      "i" : "PENDLEUSD-PERP",
      "m" : "4611686018430090915"
    }, {
      "d" : "1756461893665229741",
      "t" : 1756461893665,
      "tn" : 1756461893665229741,
      "q" : "1",
      "p" : "4.7108",
      "s" : "sell",
      "i" : "PENDLEUSD-PERP",
      "m" : "4611686018430090914"
    }, {
      "d" : "1756461893032395284",
      "t" : 1756461893032,
      "tn" : 1756461893032395284,
      "q" : "1",
      "p" : "4.7105",
      "s" : "buy",
      "i" : "PENDLEUSD-PERP",
      "m" : "4611686018430090913"
    }, {
      "d" : "1756461891584181251",
      "t" : 1756461891584,
      "tn" : 1756461891584181251,
      "q" : "1",
      "p" : "4.7097",
      "s" : "buy",
      "i" : "PENDLEUSD-PERP",
      "m" : "4611686018430090912"
    }, {
      "d" : "1756461891471491833",
      "t" : 1756461891471,
      "tn" : 1756461891471491833,
      "q" : "1",
      "p" : "4.7100",
      "s" : "sell",
      "i" : "PENDLEUSD-PERP",
      "m" : "4611686018430090911"
    }, {
      "d" : "1756461889262965631",
      "t" : 1756461889262,
      "tn" : 1756461889262965631,
      "q" : "1",
      "p" : "4.7109",
      "s" : "sell",
      "i" : "PENDLEUSD-PERP",
      "m" : "4611686018430090910"
    }, {
      "d" : "1756461888627874979",
      "t" : 1756461888627,
      "tn" : 1756461888627874979,
      "q" : "1",
      "p" : "4.7113",
      "s" : "sell",
      "i" : "PENDLEUSD-PERP",
      "m" : "4611686018430090909"
    }, {
      "d" : "1756461883580946496",
      "t" : 1756461883580,
      "tn" : 1756461883580946496,
      "q" : "1",
      "p" : "4.7099",
      "s" : "buy",
      "i" : "PENDLEUSD-PERP",
      "m" : "4611686018430090908"
    }, {
      "d" : "1756461881743798707",
      "t" : 1756461881743,
      "tn" : 1756461881743798707,
      "q" : "1",
      "p" : "4.7098",
      "s" : "sell",
      "i" : "PENDLEUSD-PERP",
      "m" : "4611686018430090907"
    }, {
      "d" : "1756461880508820112",
      "t" : 1756461880508,
      "tn" : 1756461880508820112,
      "q" : "1",
      "p" : "4.7089",
      "s" : "buy",
      "i" : "PENDLEUSD-PERP",
      "m" : "4611686018430090906"
    }, {
      "d" : "1756461880163764050",
      "t" : 1756461880163,
      "tn" : 1756461880163764050,
      "q" : "1",
      "p" : "4.7082",
      "s" : "buy",
      "i" : "PENDLEUSD-PERP",
      "m" : "4611686018430090905"
    }, {
      "d" : "1756461876483329560",
      "t" : 1756461876483,
      "tn" : 1756461876483329560,
      "q" : "1",
      "p" : "4.7076",
      "s" : "buy",
      "i" : "PENDLEUSD-PERP",
      "m" : "4611686018430090904"
    }, {
      "d" : "1756461875415918899",
      "t" : 1756461875415,
      "tn" : 1756461875415918899,
      "q" : "1",
      "p" : "4.7080",
      "s" : "sell",
      "i" : "PENDLEUSD-PERP",
      "m" : "4611686018430090903"
    }, {
      "d" : "1756461874258732590",
      "t" : 1756461874258,
      "tn" : 1756461874258732590,
      "q" : "1",
      "p" : "4.7081",
      "s" : "buy",
      "i" : "PENDLEUSD-PERP",
      "m" : "4611686018430090902"
    }, {
      "d" : "1756461873963115971",
      "t" : 1756461873963,
      "tn" : 1756461873963115971,
      "q" : "1",
      "p" : "4.7091",
      "s" : "sell",
      "i" : "PENDLEUSD-PERP",
      "m" : "4611686018430090901"
    }, {
      "d" : "1756461871724451252",
      "t" : 1756461871724,
      "tn" : 1756461871724451252,
      "q" : "1",
      "p" : "4.7103",
      "s" : "sell",
      "i" : "PENDLEUSD-PERP",
      "m" : "4611686018430090900"
    }, {
      "d" : "1756461871605672595",
      "t" : 1756461871605,
      "tn" : 1756461871605672595,
      "q" : "1",
      "p" : "4.7109",
      "s" : "sell",
      "i" : "PENDLEUSD-PERP",
      "m" : "4611686018430090899"
    }, {
      "d" : "1756461871356930829",
      "t" : 1756461871356,
      "tn" : 1756461871356930829,
      "q" : "1",
      "p" : "4.7101",
      "s" : "buy",
      "i" : "PENDLEUSD-PERP",
      "m" : "4611686018430090898"
    }, {
      "d" : "1756461870955419393",
      "t" : 1756461870955,
      "tn" : 1756461870955419393,
      "q" : "1",
      "p" : "4.7100",
      "s" : "sell",
      "i" : "PENDLEUSD-PERP",
      "m" : "4611686018430090897"
    }, {
      "d" : "1756461869843222623",
      "t" : 1756461869843,
      "tn" : 1756461869843222623,
      "q" : "1",
      "p" : "4.7097",
      "s" : "buy",
      "i" : "PENDLEUSD-PERP",
      "m" : "4611686018430090896"
    }, {
      "d" : "1756461866642022165",
      "t" : 1756461866642,
      "tn" : 1756461866642022165,
      "q" : "1",
      "p" : "4.7093",
      "s" : "sell",
      "i" : "PENDLEUSD-PERP",
      "m" : "4611686018430090895"
    }, {
      "d" : "1756461866424360471",
      "t" : 1756461866424,
      "tn" : 1756461866424360471,
      "q" : "1",
      "p" : "4.7085",
      "s" : "buy",
      "i" : "PENDLEUSD-PERP",
      "m" : "4611686018430090894"
    }, {
      "d" : "1756461865211699260",
      "t" : 1756461865211,
      "tn" : 1756461865211699260,
      "q" : "1",
      "p" : "4.7073",
      "s" : "buy",
      "i" : "PENDLEUSD-PERP",
      "m" : "4611686018430090893"
    }, {
      "d" : "1756461864605095304",
      "t" : 1756461864605,
      "tn" : 1756461864605095304,
      "q" : "1",
      "p" : "4.7069",
      "s" : "buy",
      "i" : "PENDLEUSD-PERP",
      "m" : "4611686018430090892"
    }, {
      "d" : "1756461864490482061",
      "t" : 1756461864490,
      "tn" : 1756461864490482061,
      "q" : "1",
      "p" : "4.7063",
      "s" : "buy",
      "i" : "PENDLEUSD-PERP",
      "m" : "4611686018430090891"
    }, {
      "d" : "1756461859632918303",
      "t" : 1756461859632,
      "tn" : 1756461859632918303,
      "q" : "1",
      "p" : "4.7088",
      "s" : "sell",
      "i" : "PENDLEUSD-PERP",
      "m" : "4611686018430090890"
    }, {
      "d" : "1756461858250145591",
      "t" : 1756461858250,
      "tn" : 1756461858250145591,
      "q" : "1",
      "p" : "4.7088",
      "s" : "buy",
      "i" : "PENDLEUSD-PERP",
      "m" : "4611686018430090889"
    }, {
      "d" : "1756461858021928807",
      "t" : 1756461858021,
      "tn" : 1756461858021928807,
      "q" : "1",
      "p" : "4.7096",
      "s" : "sell",
      "i" : "PENDLEUSD-PERP",
      "m" : "4611686018430090888"
    }, {
      "d" : "1756461857201644537",
      "t" : 1756461857201,
      "tn" : 1756461857201644537,
      "q" : "1",
      "p" : "4.7101",
      "s" : "sell",
      "i" : "PENDLEUSD-PERP",
      "m" : "4611686018430090887"
    }, {
      "d" : "1756461853713697114",
      "t" : 1756461853713,
      "tn" : 1756461853713697114,
      "q" : "1",
      "p" : "4.7104",
      "s" : "sell",
      "i" : "PENDLEUSD-PERP",
      "m" : "4611686018430090886"
    }, {
      "d" : "1756461852618699291",
      "t" : 1756461852618,
      "tn" : 1756461852618699291,
      "q" : "1",
      "p" : "4.7105",
      "s" : "buy",
      "i" : "PENDLEUSD-PERP",
      "m" : "4611686018430090885"
    }, {
      "d" : "1756461852612191375",
      "t" : 1756461852612,
      "tn" : 1756461852612191375,
      "q" : "1",
      "p" : "4.7099",
      "s" : "buy",
      "i" : "PENDLEUSD-PERP",
      "m" : "4611686018430090884"
    }, {
      "d" : "1756461850993819130",
      "t" : 1756461850993,
      "tn" : 1756461850993819130,
      "q" : "1",
      "p" : "4.7097",
      "s" : "sell",
      "i" : "PENDLEUSD-PERP",
      "m" : "4611686018430090883"
    }, {
      "d" : "1756461850638674066",
      "t" : 1756461850638,
      "tn" : 1756461850638674066,
      "q" : "1",
      "p" : "4.7101",
      "s" : "sell",
      "i" : "PENDLEUSD-PERP",
      "m" : "4611686018430090882"
    }, {
      "d" : "1756461850354272997",
      "t" : 1756461850354,
      "tn" : 1756461850354272997,
      "q" : "1",
      "p" : "4.7090",
      "s" : "buy",
      "i" : "PENDLEUSD-PERP",
      "m" : "4611686018430090881"
    }, {
      "d" : "1756461850354271097",
      "t" : 1756461850354,
      "tn" : 1756461850354271097,
      "q" : "1",
      "p" : "4.7089",
      "s" : "buy",
      "i" : "PENDLEUSD-PERP",
      "m" : "4611686018430090880"
    }, {
      "d" : "1756461850132769716",
      "t" : 1756461850132,
      "tn" : 1756461850132769716,
      "q" : "1",
      "p" : "4.7088",
      "s" : "sell",
      "i" : "PENDLEUSD-PERP",
      "m" : "4611686018430090879"
    }, {
      "d" : "1756461849017865441",
      "t" : 1756461849017,
      "tn" : 1756461849017865441,
      "q" : "1",
      "p" : "4.7087",
      "s" : "buy",
      "i" : "PENDLEUSD-PERP",
      "m" : "4611686018430090878"
    }, {
      "d" : "1756461848306068578",
      "t" : 1756461848306,
      "tn" : 1756461848306068578,
      "q" : "1",
      "p" : "4.7084",
      "s" : "sell",
      "i" : "PENDLEUSD-PERP",
      "m" : "4611686018430090877"
    }, {
      "d" : "1756461848133351135",
      "t" : 1756461848133,
      "tn" : 1756461848133351135,
      "q" : "1",
      "p" : "4.7078",
      "s" : "buy",
      "i" : "PENDLEUSD-PERP",
      "m" : "4611686018430090876"
    }, {
      "d" : "1756461847632634126",
      "t" : 1756461847632,
      "tn" : 1756461847632634126,
      "q" : "1",
      "p" : "4.7070",
      "s" : "buy",
      "i" : "PENDLEUSD-PERP",
      "m" : "4611686018430090875"
    }, {
      "d" : "1756461841754162595",
      "t" : 1756461841754,
      "tn" : 1756461841754162595,
      "q" : "1",
      "p" : "4.7073",
      "s" : "sell",
      "i" : "PENDLEUSD-PERP",
      "m" : "4611686018430090874"
    }, {
      "d" : "1756461838994446685",
      "t" : 1756461838994,
      "tn" : 1756461838994446685,
      "q" : "1",
      "p" : "4.7060",
      "s" : "buy",
      "i" : "PENDLEUSD-PERP",
      "m" : "4611686018430090873"
    }, {
      "d" : "1756461838983953373",
      "t" : 1756461838983,
      "tn" : 1756461838983953373,
      "q" : "1",
      "p" : "4.7055",
      "s" : "buy",
      "i" : "PENDLEUSD-PERP",
      "m" : "4611686018430090872"
    }, {
      "d" : "1756461837752099461",
      "t" : 1756461837752,
      "tn" : 1756461837752099461,
      "q" : "1",
      "p" : "4.7063",
      "s" : "sell",
      "i" : "PENDLEUSD-PERP",
      "m" : "4611686018430090871"
    }, {
      "d" : "1756461830711790384",
      "t" : 1756461830711,
      "tn" : 1756461830711790384,
      "q" : "1",
      "p" : "4.7063",
      "s" : "buy",
      "i" : "PENDLEUSD-PERP",
      "m" : "4611686018430090870"
    }, {
      "d" : "1756461829557288865",
      "t" : 1756461829557,
      "tn" : 1756461829557288865,
      "q" : "1",
      "p" : "4.7061",
      "s" : "sell",
      "i" : "PENDLEUSD-PERP",
      "m" : "4611686018430090869"
    }, {
      "d" : "1756461828379916306",
      "t" : 1756461828379,
      "tn" : 1756461828379916306,
      "q" : "1",
      "p" : "4.7061",
      "s" : "buy",
      "i" : "PENDLEUSD-PERP",
      "m" : "4611686018430090868"
    }, {
      "d" : "1756461828186176309",
      "t" : 1756461828186,
      "tn" : 1756461828186176309,
      "q" : "1",
      "p" : "4.7051",
      "s" : "buy",
      "i" : "PENDLEUSD-PERP",
      "m" : "4611686018430090867"
    }, {
      "d" : "1756461824338741028",
      "t" : 1756461824338,
      "tn" : 1756461824338741028,
      "q" : "1",
      "p" : "4.7065",
      "s" : "sell",
      "i" : "PENDLEUSD-PERP",
      "m" : "4611686018430090866"
    }, {
      "d" : "1756461822858490651",
      "t" : 1756461822858,
      "tn" : 1756461822858490651,
      "q" : "1",
      "p" : "4.7056",
      "s" : "buy",
      "i" : "PENDLEUSD-PERP",
      "m" : "4611686018430090865"
    }, {
      "d" : "1756461819399100651",
      "t" : 1756461819399,
      "tn" : 1756461819399100651,
      "q" : "1",
      "p" : "4.7053",
      "s" : "buy",
      "i" : "PENDLEUSD-PERP",
      "m" : "4611686018430090864"
    }, {
      "d" : "1756461816744555173",
      "t" : 1756461816744,
      "tn" : 1756461816744555173,
      "q" : "1",
      "p" : "4.7073",
      "s" : "sell",
      "i" : "PENDLEUSD-PERP",
      "m" : "4611686018430090863"
    }, {
      "d" : "1756461809546323651",
      "t" : 1756461809546,
      "tn" : 1756461809546323651,
      "q" : "1",
      "p" : "4.7092",
      "s" : "sell",
      "i" : "PENDLEUSD-PERP",
      "m" : "4611686018430090862"
    }, {
      "d" : "1756461807491991692",
      "t" : 1756461807491,
      "tn" : 1756461807491991692,
      "q" : "1",
      "p" : "4.7087",
      "s" : "buy",
      "i" : "PENDLEUSD-PERP",
      "m" : "4611686018430090861"
    }, {
      "d" : "1756461806792101720",
      "t" : 1756461806792,
      "tn" : 1756461806792101720,
      "q" : "1",
      "p" : "4.7087",
      "s" : "sell",
      "i" : "PENDLEUSD-PERP",
      "m" : "4611686018430090860"
    }, {
      "d" : "1756461799948773063",
      "t" : 1756461799948,
      "tn" : 1756461799948773063,
      "q" : "1",
      "p" : "4.7084",
      "s" : "buy",
      "i" : "PENDLEUSD-PERP",
      "m" : "4611686018430090859"
    }, {
      "d" : "1756461796934029355",
      "t" : 1756461796934,
      "tn" : 1756461796934029355,
      "q" : "1",
      "p" : "4.7091",
      "s" : "sell",
      "i" : "PENDLEUSD-PERP",
      "m" : "4611686018430090858"
    }, {
      "d" : "1756461795982818464",
      "t" : 1756461795982,
      "tn" : 1756461795982818464,
      "q" : "1",
      "p" : "4.7093",
      "s" : "buy",
      "i" : "PENDLEUSD-PERP",
      "m" : "4611686018430090857"
    }, {
      "d" : "1756461795589904104",
      "t" : 1756461795589,
      "tn" : 1756461795589904104,
      "q" : "1",
      "p" : "4.7094",
      "s" : "sell",
      "i" : "PENDLEUSD-PERP",
      "m" : "4611686018430090856"
    }, {
      "d" : "1756461793835963799",
      "t" : 1756461793835,
      "tn" : 1756461793835963799,
      "q" : "1",
      "p" : "4.7098",
      "s" : "sell",
      "i" : "PENDLEUSD-PERP",
      "m" : "4611686018430090855"
    }, {
      "d" : "1756461784040986036",
      "t" : 1756461784040,
      "tn" : 1756461784040986036,
      "q" : "1",
      "p" : "4.7094",
      "s" : "buy",
      "i" : "PENDLEUSD-PERP",
      "m" : "4611686018430090854"
    }, {
      "d" : "1756461781595388197",
      "t" : 1756461781595,
      "tn" : 1756461781595388197,
      "q" : "1",
      "p" : "4.7089",
      "s" : "buy",
      "i" : "PENDLEUSD-PERP",
      "m" : "4611686018430090853"
    }, {
      "d" : "1756461781474780074",
      "t" : 1756461781474,
      "tn" : 1756461781474780074,
      "q" : "1",
      "p" : "4.7081",
      "s" : "buy",
      "i" : "PENDLEUSD-PERP",
      "m" : "4611686018430090852"
    }, {
      "d" : "1756461780721313082",
      "t" : 1756461780721,
      "tn" : 1756461780721313082,
      "q" : "1",
      "p" : "4.7082",
      "s" : "sell",
      "i" : "PENDLEUSD-PERP",
      "m" : "4611686018430090851"
    }, {
      "d" : "1756461780293575391",
      "t" : 1756461780293,
      "tn" : 1756461780293575391,
      "q" : "1",
      "p" : "4.7091",
      "s" : "sell",
      "i" : "PENDLEUSD-PERP",
      "m" : "4611686018430090850"
    }, {
      "d" : "1756461776234960903",
      "t" : 1756461776234,
      "tn" : 1756461776234960903,
      "q" : "1",
      "p" : "4.7095",
      "s" : "buy",
      "i" : "PENDLEUSD-PERP",
      "m" : "4611686018430090849"
    } ]
  }
}