{
  "id" : -1,
  "method" : "public/get-trades",
  "code" : 0,
  "result" : {
    "data" : [ {
      "d" : "1756462021041906476",
      "t" : 1756462021041,
      "tn" : 1756462021041906476,
      "q" : "0.3",
      "p" : "4.7117",
      "s" : "buy",
      "i" : "PENDLE_USD",
      "m" : "4611686018428949758"
    }, {
      "d" : "1756461950389010448",
      "t" : 1756461950389,
      "tn" : 1756461950389010448,
      "q" : "0.3",
      "p" : "4.7137",
      "s" : "buy",
      "i" : "PENDLE_USD",
      "m" : "4611686018428949757"
    }, {
      "d" : "1756461637695058031",
      "t" : 1756461637695,
      "tn" : 1756461637695058031,
      "q" : "0.3",
      "p" : "4.7007",
      "s" : "buy",
      "i" : "PENDLE_USD",
      "m" : "4611686018428949756"
    }, {
      "d" : "1756461470426938528",
      "t" : 1756461470426,
      "tn" : 1756461470426938528,
      "q" : "0.3",
      "p" : "4.7107",
      "s" : "buy",
      "i" : "PENDLE_USD",
      "m" : "4611686018428949755"
    }, {
      "d" : "1756461470344550607",
      "t" : 1756461470344,
      "tn" : 1756461470344550607,
      "q" : "0.3",
      "p" : "4.7097",
      "s" : "buy",
      "i" : "PENDLE_USD",
      "m" : "4611686018428949754"
    }, {
      "d" : "1756461361672025668",
      "t" : 1756461361672,
      "tn" : 1756461361672025668,
      "q" : "0.3",
      "p" : "4.7057",
      "s" : "buy",
      "i" : "PENDLE_USD",
      "m" : "4611686018428949753"
    }, {
      "d" : "1756460863278637593",
      "t" : 1756460863278,
      "tn" : 1756460863278637593,
      "q" : "0.3",
      "p" : "4.7117",
      "s" : "buy",
      "i" : "PENDLE_USD",
      "m" : "4611686018428949752"
    }, {
      "d" : "1756460759440585362",
      "t" : 1756460759440,
      "tn" : 1756460759440585362,
      "q" : "0.3",
      "p" : "4.7097",
      "s" : "buy",
      "i" : "PENDLE_USD",
      "m" : "4611686018428949751"
    }, {
      "d" : "1756460759245483907",
      "t" : 1756460759245,
      "tn" : 1756460759245483907,
      "q" : "0.3",
      "p" : "4.7087",
      "s" : "buy",
      "i" : "PENDLE_USD",
      "m" : "4611686018428949750"
    }, {
      "d" : "1756460759176632149",
      "t" : 1756460759176,
      "tn" : 1756460759176632149,
      "q" : "0.3",
      "p" : "4.7082",
      "s" : "buy",
      "i" : "PENDLE_USD",
      "m" : "4611686018428949749"
    }, {
      "d" : "1756460525696207204",
      "t" : 1756460525696,
      "tn" : 1756460525696207204,
      "q" : "0.3",
      "p" : "4.7097",
      "s" : "buy",
      "i" : "PENDLE_USD",
      "m" : "4611686018428949748"
    }, {
      "d" : "1756460525659545091",
      "t" : 1756460525659,
      "tn" : 1756460525659545091,
      "q" : "0.3",
      "p" : "4.7102",
      "s" : "buy",
      "i" : "PENDLE_USD",
      "m" : "4611686018428949747"
    }, {
      "d" : "1756460460638862636",
      "t" : 1756460460638,
      "tn" : 1756460460638862636,
      "q" : "0.3",
      "p" : "4.7102",
      "s" : "buy",
      "i" : "PENDLE_USD",
      "m" : "4611686018428949746"
    }, {
      "d" : "1756460460562275561",
      "t" : 1756460460562,
      "tn" : 1756460460562275561,
      "q" : "0.3",
      "p" : "4.7087",
      "s" : "buy",
      "i" : "PENDLE_USD",
      "m" : "4611686018428949745"
    }, {
      "d" : "1756459814821847560",
      "t" : 1756459814821,
      "tn" : 1756459814821847560,
      "q" : "0.3",
      "p" : "4.7097",
      "s" : "buy",
      "i" : "PENDLE_USD",
      "m" : "4611686018428949744"
    }, {
      "d" : "1756459560458119199",
      "t" : 1756459560458,
      "tn" : 1756459560458119199,
      "q" : "0.3",
      "p" : "4.7107",
      "s" : "buy",
      "i" : "PENDLE_USD",
      "m" : "4611686018428949743"
    }, {
      "d" : "1756459347570918013",
      "t" : 1756459347570,
      "tn" : 1756459347570918013,
      "q" : "0.3",
      "p" : "4.7147",
      "s" : "buy",
      "i" : "PENDLE_USD",
      "m" : "4611686018428949742"
    }, {
      "d" : "1756459016211956060",
      "t" : 1756459016211,
      "tn" : 1756459016211956060,
      "q" : "0.3",
      "p" : "4.6997",
      "s" : "buy",
      "i" : "PENDLE_USD",
      "m" : "4611686018428949741"
    }, {
      "d" : "1756458864370342606",
      "t" : 1756458864370,
      "tn" : 1756458864370342606,
      "q" : "0.3",
      "p" : "4.6917",
      "s" : "buy",
      "i" : "PENDLE_USD",
      "m" : "4611686018428949740"
    }, {
      "d" : "1756458842902159355",
      "t" : 1756458842902,
      "tn" : 1756458842902159355,
      "q" : "0.3",
      "p" : "4.6937",
      "s" : "buy",
      "i" : "PENDLE_USD",
      "m" : "4611686018428949739"
    }, {
      "d" : "1756458773570528730",
      "t" : 1756458773570,
      "tn" : 1756458773570528730,
      "q" : "0.3",
      "p" : "4.6977",
      "s" : "buy",
      "i" : "PENDLE_USD",
      "m" : "4611686018428949738"
    }, {
      "d" : "1756458767307940558",
      "t" : 1756458767307,
      "tn" : 1756458767307940558,
      "q" : "0.3",
      "p" : "4.6947",
      "s" : "buy",
      "i" : "PENDLE_USD",
      "m" : "4611686018428949737"
    }, {
      "d" : "1756458754303160077",
      "t" : 1756458754303,
      "tn" : 1756458754303160077,
      "q" : "0.3",
      "p" : "4.6937",
      "s" : "buy",
      "i" : "PENDLE_USD",
      "m" : "4611686018428949736"
    }, {
      "d" : "1756458668455881982",
      "t" : 1756458668455,
      "tn" : 1756458668455881982,
      "q" : "0.3",
      "p" : "4.6907",
      "s" : "buy",
      "i" : "PENDLE_USD",
      "m" : "4611686018428949735"
    }, {
      "d" : "1756458496305359697",
      "t" : 1756458496305,
      "tn" : 1756458496305359697,
      "q" : "0.3",
      "p" : "4.6777",
      "s" : "buy",
      "i" : "PENDLE_USD",
      "m" : "4611686018428949734"
    }, {
      "d" : "1756458465662959749",
      "t" : 1756458465662,
      "tn" : 1756458465662959749,
      "q" : "0.3",
      "p" : "4.6767",
      "s" : "buy",
      "i" : "PENDLE_USD",
      "m" : "4611686018428949733"
    }, {
      "d" : "1756458457680278367",
      "t" : 1756458457680,
      "tn" : 1756458457680278367,
      "q" : "100.3",
      "p" : "4.6750",
      "s" : "sell",
      "i" : "PENDLE_USD",
      "m" : "4611686018428949732"
    }, {
      "d" : "1756458457680276228",
      "t" : 1756458457680,
      "tn" : 1756458457680276228,
      "q" : "164.3",
      "p" : "4.6751",
      "s" : "sell",
      "i" : "PENDLE_USD",
      "m" : "4611686018428949731"
    }, {
      "d" : "1756458129950031087",
      "t" : 1756458129950,
      "tn" : 1756458129950031087,
      "q" : "0.3",
      "p" : "4.6937",
      "s" : "buy",
      "i" : "PENDLE_USD",
      "m" : "4611686018428949730"
    }, {
      "d" : "1756458076037133654",
      "t" : 1756458076037,
      "tn" : 1756458076037133654,
      "q" : "0.3",
      "p" : "4.6987",
      "s" : "buy",
      "i" : "PENDLE_USD",
      "m" : "4611686018428949729"
    }, {
      "d" : "1756457854175706733",
      "t" : 1756457854175,
      "tn" : 1756457854175706733,
      "q" : "0.3",
      "p" : "4.6937",
      "s" : "buy",
      "i" : "PENDLE_USD",
      "m" : "4611686018428949728"
    }, {
      "d" : "1756457841690961006",
      "t" : 1756457841690,
      "tn" : 1756457841690961006,
      "q" : "0.3",
      "p" : "4.6947",
      "s" : "buy",
      "i" : "PENDLE_USD",
      "m" : "4611686018428949727"
    }, {
      "d" : "1756457327938922041",
      "t" : 1756457327938,
      "tn" : 1756457327938922041,
      "q" : "0.3",
      "p" : "4.6997",
      "s" : "sell",
      "i" : "PENDLE_USD",
      "m" : "4611686018428949726"
    }, {
      "d" : "1756457232111741003",
      "t" : 1756457232111,
      "tn" : 1756457232111741002,
      "q" : "6.0",
      "p" : "4.7000",
      "s" : "sell",
      "i" : "PENDLE_USD",
      "m" : "4611686018428949725"
    }, {
      "d" : "1756457232111741002",
      "t" : 1756457232111,
      "tn" : 1756457232111741002,
      "q" : "0.9",
      "p" : "4.7000",
      "s" : "sell",
      "i" : "PENDLE_USD",
      "m" : "4611686018428949725"
    }, {
      "d" : "1756457208531123955",
      "t" : 1756457208531,
      "tn" : 1756457208531123955,
      "q" : "21.3",
      "p" : "4.7000",
      "s" : "sell",
      "i" : "PENDLE_USD",
      "m" : "4611686018428949724"
    }, {
      "d" : "1756456997685233203",
      "t" : 1756456997685,
      "tn" : 1756456997685233203,
      "q" : "21.1",
      "p" : "4.7299",
      "s" : "buy",
      "i" : "PENDLE_USD",
      "m" : "4611686018428949723"
    }, {
      "d" : "1756456837609984256",
      "t" : 1756456837609,
      "tn" : 1756456837609984256,
      "q" : "3.1",
      "p" : "4.7109",
      "s" : "sell",
      "i" : "PENDLE_USD",
      "m" : "4611686018428949722"
    }, {
      "d" : "1756456837609981482",
      "t" : 1756456837609,
      "tn" : 1756456837609981482,
      "q" : "0.3",
      "p" : "4.7147",
      "s" : "sell",
      "i" : "PENDLE_USD",
      "m" : "4611686018428949721"
    }, {
      "d" : "1756456781930790268",
      "t" : 1756456781930,
      "tn" : 1756456781930790268,
      "q" : "21.1",
      "p" : "4.7180",
      "s" : "sell",
      "i" : "PENDLE_USD",
      "m" : "4611686018428949720"
    }, {
      "d" : "1756456739474951129",
      "t" : 1756456739474,
      "tn" : 1756456739474951129,
      "q" : "21.1",
      "p" : "4.7224",
      "s" : "sell",
      "i" : "PENDLE_USD",
      "m" : "4611686018428949719"
    }, {
      "d" : "1756456720921366906",
      "t" : 1756456720921,
      "tn" : 1756456720921366906,
      "q" : "5.9",
      "p" : "4.7391",
      "s" : "sell",
      "i" : "PENDLE_USD",
      "m" : "4611686018428949718"
    }, {
      "d" : "1756454609871334307",
      "t" : 1756454609871,
      "tn" : 1756454609871334307,
      "q" : "106.6",
      "p" : "4.8080",
      "s" : "buy",
      "i" : "PENDLE_USD",
      "m" : "4611686018428949717"
    }, {
      "d" : "1756454609871331753",
      "t" : 1756454609871,
      "tn" : 1756454609871331753,
      "q" : "0.3",
      "p" : "4.8072",
      "s" : "buy",
      "i" : "PENDLE_USD",
      "m" : "4611686018428949716"
    }, {
      "d" : "1756452157846816847",
      "t" : 1756452157846,
      "tn" : 1756452157846816847,
      "q" : "20.0",
      "p" : "4.7643",
      "s" : "buy",
      "i" : "PENDLE_USD",
      "m" : "4611686018428949715"
    }, {
      "d" : "1756452157846815010",
      "t" : 1756452157846,
      "tn" : 1756452157846815010,
      "q" : "0.3",
      "p" : "4.7632",
      "s" : "buy",
      "i" : "PENDLE_USD",
      "m" : "4611686018428949714"
    }, {
      "d" : "1756451908437608463",
      "t" : 1756451908437,
      "tn" : 1756451908437608463,
      "q" : "0.8",
      "p" : "4.7624",
      "s" : "buy",
      "i" : "PENDLE_USD",
      "m" : "4611686018428949713"
    }, {
      "d" : "1756451908437606126",
      "t" : 1756451908437,
      "tn" : 1756451908437606126,
      "q" : "0.3",
      "p" : "4.7566",
      "s" : "buy",
      "i" : "PENDLE_USD",
      "m" : "4611686018428949712"
    }, {
      "d" : "1756451842335274236",
      "t" : 1756451842335,
      "tn" : 1756451842335274236,
      "q" : "0.3",
      "p" : "4.7446",
      "s" : "buy",
      "i" : "PENDLE_USD",
      "m" : "4611686018428949711"
    }, {
      "d" : "1756451667101488715",
      "t" : 1756451667101,
      "tn" : 1756451667101488715,
      "q" : "34.8",
      "p" : "4.7376",
      "s" : "sell",
      "i" : "PENDLE_USD",
      "m" : "4611686018428949710"
    }, {
      "d" : "1756451667101486958",
      "t" : 1756451667101,
      "tn" : 1756451667101486958,
      "q" : "5.9",
      "p" : "4.7377",
      "s" : "sell",
      "i" : "PENDLE_USD",
      "m" : "4611686018428949709"
    }, {
      "d" : "1756451667101485389",
      "t" : 1756451667101,
      "tn" : 1756451667101485389,
      "q" : "0.3",
      "p" : "4.7434",
      "s" : "sell",
      "i" : "PENDLE_USD",
      "m" : "4611686018428949708"
    }, {
      "d" : "1756451667043685861",
      "t" : 1756451667043,
      "tn" : 1756451667043685861,
      "q" : "71.8",
      "p" : "4.7376",
      "s" : "sell",
      "i" : "PENDLE_USD",
      "m" : "4611686018428949707"
    }, {
      "d" : "1756451667042170968",
      "t" : 1756451667042,
      "tn" : 1756451667042170968,
      "q" : "21.0",
      "p" : "4.7581",
      "s" : "sell",
      "i" : "PENDLE_USD",
      "m" : "4611686018428949706"
    }, {
      "d" : "1756451667042168903",
      "t" : 1756451667042,
      "tn" : 1756451667042168903,
      "q" : "0.3",
      "p" : "4.7645",
      "s" : "sell",
      "i" : "PENDLE_USD",
      "m" : "4611686018428949705"
    }, {
      "d" : "1756451663401013711",
      "t" : 1756451663401,
      "tn" : 1756451663401013711,
      "q" : "0.3",
      "p" : "4.7689",
      "s" : "sell",
      "i" : "PENDLE_USD",
      "m" : "4611686018428949704"
    }, {
      "d" : "1756451663401010202",
      "t" : 1756451663401,
      "tn" : 1756451663401010202,
      "q" : "1.1",
      "p" : "4.7702",
      "s" : "sell",
      "i" : "PENDLE_USD",
      "m" : "4611686018428949703"
    }, {
      "d" : "1756450869559922674",
      "t" : 1756450869559,
      "tn" : 1756450869559922674,
      "q" : "0.3",
      "p" : "4.8067",
      "s" : "buy",
      "i" : "PENDLE_USD",
      "m" : "4611686018428949702"
    }, {
      "d" : "1756450056974702698",
      "t" : 1756450056974,
      "tn" : 1756450056974702698,
      "q" : "0.3",
      "p" : "4.8062",
      "s" : "buy",
      "i" : "PENDLE_USD",
      "m" : "4611686018428949701"
    }, {
      "d" : "1756449899695955750",
      "t" : 1756449899695,
      "tn" : 1756449899695955750,
      "q" : "5.7",
      "p" : "4.8158",
      "s" : "sell",
      "i" : "PENDLE_USD",
      "m" : "4611686018428949700"
    }, {
      "d" : "1756449899555435411",
      "t" : 1756449899555,
      "tn" : 1756449899555435411,
      "q" : "308.7",
      "p" : "4.8158",
      "s" : "sell",
      "i" : "PENDLE_USD",
      "m" : "4611686018428949699"
    }, {
      "d" : "1756449899555433436",
      "t" : 1756449899555,
      "tn" : 1756449899555433436,
      "q" : "0.3",
      "p" : "4.8202",
      "s" : "sell",
      "i" : "PENDLE_USD",
      "m" : "4611686018428949698"
    }, {
      "d" : "1756449826803832543",
      "t" : 1756449826803,
      "tn" : 1756449826803832543,
      "q" : "12.4",
      "p" : "4.8036",
      "s" : "sell",
      "i" : "PENDLE_USD",
      "m" : "4611686018428949697"
    }, {
      "d" : "1756449826803830698",
      "t" : 1756449826803,
      "tn" : 1756449826803830698,
      "q" : "314.4",
      "p" : "4.8047",
      "s" : "sell",
      "i" : "PENDLE_USD",
      "m" : "4611686018428949696"
    }, {
      "d" : "1756449826803828417",
      "t" : 1756449826803,
      "tn" : 1756449826803828417,
      "q" : "94.3",
      "p" : "4.8048",
      "s" : "sell",
      "i" : "PENDLE_USD",
      "m" : "4611686018428949695"
    }, {
      "d" : "1756449787789786506",
      "t" : 1756449787789,
      "tn" : 1756449787789786506,
      "q" : "0.3",
      "p" : "4.8147",
      "s" : "sell",
      "i" : "PENDLE_USD",
      "m" : "4611686018428949694"
    }, {
      "d" : "1756449744955199507",
      "t" : 1756449744955,
      "tn" : 1756449744955199507,
      "q" : "0.3",
      "p" : "4.8223",
      "s" : "buy",
      "i" : "PENDLE_USD",
      "m" : "4611686018428949693"
    }, {
      "d" : "1756449714470011413",
      "t" : 1756449714470,
      "tn" : 1756449714470011413,
      "q" : "83.9",
      "p" : "4.8315",
      "s" : "buy",
      "i" : "PENDLE_USD",
      "m" : "4611686018428949692"
    }, {
      "d" : "1756449714470009601",
      "t" : 1756449714470,
      "tn" : 1756449714470009601,
      "q" : "4.7",
      "p" : "4.8314",
      "s" : "buy",
      "i" : "PENDLE_USD",
      "m" : "4611686018428949691"
    }, {
      "d" : "1756449714470006825",
      "t" : 1756449714470,
      "tn" : 1756449714470006825,
      "q" : "0.3",
      "p" : "4.8265",
      "s" : "buy",
      "i" : "PENDLE_USD",
      "m" : "4611686018428949690"
    }, {
      "d" : "1756449696650166086",
      "t" : 1756449696650,
      "tn" : 1756449696650166086,
      "q" : "104.7",
      "p" : "4.8346",
      "s" : "buy",
      "i" : "PENDLE_USD",
      "m" : "4611686018428949689"
    }, {
      "d" : "1756449696650164038",
      "t" : 1756449696650,
      "tn" : 1756449696650164038,
      "q" : "5.8",
      "p" : "4.8311",
      "s" : "buy",
      "i" : "PENDLE_USD",
      "m" : "4611686018428949688"
    }, {
      "d" : "1756449696646325815",
      "t" : 1756449696646,
      "tn" : 1756449696646325815,
      "q" : "0.3",
      "p" : "4.8167",
      "s" : "buy",
      "i" : "PENDLE_USD",
      "m" : "4611686018428949687"
    }, {
      "d" : "1756449694279835555",
      "t" : 1756449694279,
      "tn" : 1756449694279835555,
      "q" : "0.3",
      "p" : "4.8162",
      "s" : "buy",
      "i" : "PENDLE_USD",
      "m" : "4611686018428949686"
    }, {
      "d" : "1756449692160631768",
      "t" : 1756449692160,
      "tn" : 1756449692160631768,
      "q" : "27.5",
      "p" : "4.8261",
      "s" : "buy",
      "i" : "PENDLE_USD",
      "m" : "4611686018428949685"
    }, {
      "d" : "1756449692160629691",
      "t" : 1756449692160,
      "tn" : 1756449692160629691,
      "q" : "275.0",
      "p" : "4.8220",
      "s" : "buy",
      "i" : "PENDLE_USD",
      "m" : "4611686018428949684"
    }, {
      "d" : "1756449669718293324",
      "t" : 1756449669718,
      "tn" : 1756449669718293324,
      "q" : "0.3",
      "p" : "4.7962",
      "s" : "sell",
      "i" : "PENDLE_USD",
      "m" : "4611686018428949683"
    }, {
      "d" : "1756449628679476550",
      "t" : 1756449628679,
      "tn" : 1756449628679476550,
      "q" : "0.3",
      "p" : "4.8102",
      "s" : "sell",
      "i" : "PENDLE_USD",
      "m" : "4611686018428949682"
    }, {
      "d" : "1756449589300941110",
      "t" : 1756449589300,
      "tn" : 1756449589300941110,
      "q" : "4.6",
      "p" : "4.8139",
      "s" : "sell",
      "i" : "PENDLE_USD",
      "m" : "4611686018428949681"
    }, {
      "d" : "1756449589300931636",
      "t" : 1756449589300,
      "tn" : 1756449589300931636,
      "q" : "0.3",
      "p" : "4.8249",
      "s" : "sell",
      "i" : "PENDLE_USD",
      "m" : "4611686018428949680"
    }, {
      "d" : "1756449584980444665",
      "t" : 1756449584980,
      "tn" : 1756449584980444665,
      "q" : "71.3",
      "p" : "4.8159",
      "s" : "sell",
      "i" : "PENDLE_USD",
      "m" : "4611686018428949679"
    }, {
      "d" : "1756449584977708500",
      "t" : 1756449584977,
      "tn" : 1756449584977708500,
      "q" : "10.3",
      "p" : "4.8186",
      "s" : "sell",
      "i" : "PENDLE_USD",
      "m" : "4611686018428949678"
    }, {
      "d" : "1756449584977288683",
      "t" : 1756449584977,
      "tn" : 1756449584977288683,
      "q" : "40.7",
      "p" : "4.8186",
      "s" : "sell",
      "i" : "PENDLE_USD",
      "m" : "4611686018428949677"
    }, {
      "d" : "1756449584977197260",
      "t" : 1756449584977,
      "tn" : 1756449584977197260,
      "q" : "30.0",
      "p" : "4.8186",
      "s" : "sell",
      "i" : "PENDLE_USD",
      "m" : "4611686018428949676"
    }, {
      "d" : "1756449584976276183",
      "t" : 1756449584976,
      "tn" : 1756449584976276183,
      "q" : "0.3",
      "p" : "4.8352",
      "s" : "sell",
      "i" : "PENDLE_USD",
      "m" : "4611686018428949675"
    }, {
      "d" : "1756449537388039080",
      "t" : 1756449537388,
      "tn" : 1756449537388039080,
      "q" : "35.1",
      "p" : "4.8364",
      "s" : "sell",
      "i" : "PENDLE_USD",
      "m" : "4611686018428949674"
    }, {
      "d" : "1756449537388037542",
      "t" : 1756449537388,
      "tn" : 1756449537388037542,
      "q" : "5.8",
      "p" : "4.8365",
      "s" : "sell",
      "i" : "PENDLE_USD",
      "m" : "4611686018428949673"
    }, {
      "d" : "1756449515851936493",
      "t" : 1756449515851,
      "tn" : 1756449515851936493,
      "q" : "0.3",
      "p" : "4.8372",
      "s" : "buy",
      "i" : "PENDLE_USD",
      "m" : "4611686018428949672"
    }, {
      "d" : "1756449501605178422",
      "t" : 1756449501605,
      "tn" : 1756449501605178422,
      "q" : "0.3",
      "p" : "4.8117",
      "s" : "buy",
      "i" : "PENDLE_USD",
      "m" : "4611686018428949671"
    }, {
      "d" : "1756449493054162793",
      "t" : 1756449493054,
      "tn" : 1756449493054162793,
      "q" : "0.3",
      "p" : "4.8195",
      "s" : "buy",
      "i" : "PENDLE_USD",
      "m" : "4611686018428949670"
    }, {
      "d" : "1756449489996662937",
      "t" : 1756449489996,
      "tn" : 1756449489996662937,
      "q" : "90.6",
      "p" : "4.8222",
      "s" : "buy",
      "i" : "PENDLE_USD",
      "m" : "4611686018428949669"
    }, {
      "d" : "1756449489996660802",
      "t" : 1756449489996,
      "tn" : 1756449489996660802,
      "q" : "70.9",
      "p" : "4.8221",
      "s" : "buy",
      "i" : "PENDLE_USD",
      "m" : "4611686018428949668"
    }, {
      "d" : "1756449489996657845",
      "t" : 1756449489996,
      "tn" : 1756449489996657845,
      "q" : "52.3",
      "p" : "4.8220",
      "s" : "buy",
      "i" : "PENDLE_USD",
      "m" : "4611686018428949667"
    }, {
      "d" : "1756449489995676637",
      "t" : 1756449489995,
      "tn" : 1756449489995676637,
      "q" : "27.5",
      "p" : "4.8201",
      "s" : "buy",
      "i" : "PENDLE_USD",
      "m" : "4611686018428949666"
    }, {
      "d" : "1756449489995674297",
      "t" : 1756449489995,
      "tn" : 1756449489995674297,
      "q" : "177.8",
      "p" : "4.8191",
      "s" : "buy",
      "i" : "PENDLE_USD",
      "m" : "4611686018428949665"
    }, {
      "d" : "1756449489995672328",
      "t" : 1756449489995,
      "tn" : 1756449489995672328,
      "q" : "53.3",
      "p" : "4.8190",
      "s" : "buy",
      "i" : "PENDLE_USD",
      "m" : "4611686018428949664"
    }, {
      "d" : "1756449489995670308",
      "t" : 1756449489995,
      "tn" : 1756449489995670308,
      "q" : "0.3",
      "p" : "4.8170",
      "s" : "buy",
      "i" : "PENDLE_USD",
      "m" : "4611686018428949663"
    }, {
      "d" : "1756449487654421463",
      "t" : 1756449487654,
      "tn" : 1756449487654421463,
      "q" : "5.6",
      "p" : "4.8134",
      "s" : "buy",
      "i" : "PENDLE_USD",
      "m" : "4611686018428949662"
    }, {
      "d" : "1756449487654419199",
      "t" : 1756449487654,
      "tn" : 1756449487654419199,
      "q" : "0.3",
      "p" : "4.8072",
      "s" : "buy",
      "i" : "PENDLE_USD",
      "m" : "4611686018428949661"
    }, {
      "d" : "1756449133894955619",
      "t" : 1756449133894,
      "tn" : 1756449133894955619,
      "q" : "0.3",
      "p" : "4.7902",
      "s" : "buy",
      "i" : "PENDLE_USD",
      "m" : "4611686018428949660"
    }, {
      "d" : "1756448142043152759",
      "t" : 1756448142043,
      "tn" : 1756448142043152759,
      "q" : "195.9",
      "p" : "4.8000",
      "s" : "sell",
      "i" : "PENDLE_USD",
      "m" : "4611686018428949659"
    }, {
      "d" : "1756448142042781609",
      "t" : 1756448142042,
      "tn" : 1756448142042781609,
      "q" : "104.1",
      "p" : "4.8000",
      "s" : "sell",
      "i" : "PENDLE_USD",
      "m" : "4611686018428949658"
    }, {
      "d" : "1756448142032337036",
      "t" : 1756448142032,
      "tn" : 1756448142032337036,
      "q" : "5.8",
      "p" : "4.8005",
      "s" : "sell",
      "i" : "PENDLE_USD",
      "m" : "4611686018428949657"
    }, {
      "d" : "1756448142032333774",
      "t" : 1756448142032,
      "tn" : 1756448142032333774,
      "q" : "0.3",
      "p" : "4.8017",
      "s" : "sell",
      "i" : "PENDLE_USD",
      "m" : "4611686018428949656"
    }, {
      "d" : "1756447771285261108",
      "t" : 1756447771285,
      "tn" : 1756447771285261108,
      "q" : "0.3",
      "p" : "4.8137",
      "s" : "buy",
      "i" : "PENDLE_USD",
      "m" : "4611686018428949655"
    }, {
      "d" : "1756447089793459691",
      "t" : 1756447089793,
      "tn" : 1756447089793459691,
      "q" : "0.3",
      "p" : "4.8277",
      "s" : "buy",
      "i" : "PENDLE_USD",
      "m" : "4611686018428949654"
    }, {
      "d" : "1756446408066796696",
      "t" : 1756446408066,
      "tn" : 1756446408066796696,
      "q" : "0.3",
      "p" : "4.8347",
      "s" : "buy",
      "i" : "PENDLE_USD",
      "m" : "4611686018428949653"
    }, {
      "d" : "1756446361797910912",
      "t" : 1756446361797,
      "tn" : 1756446361797910912,
      "q" : "0.3",
      "p" : "4.8347",
      "s" : "buy",
      "i" : "PENDLE_USD",
      "m" : "4611686018428949652"
    }, {
      "d" : "1756446315185747855",
      "t" : 1756446315185,
      "tn" : 1756446315185747855,
      "q" : "0.3",
      "p" : "4.8327",
      "s" : "buy",
      "i" : "PENDLE_USD",
      "m" : "4611686018428949651"
    }, {
      "d" : "1756446178762634098",
      "t" : 1756446178762,
      "tn" : 1756446178762634098,
      "q" : "0.3",
      "p" : "4.8407",
      "s" : "buy",
      "i" : "PENDLE_USD",
      "m" : "4611686018428949650"
    }, {
      "d" : "1756446145772851451",
      "t" : 1756446145772,
      "tn" : 1756446145772851451,
      "q" : "101.3",
      "p" : "4.8317",
      "s" : "sell",
      "i" : "PENDLE_USD",
      "m" : "4611686018428949649"
    }, {
      "d" : "1756446145771916294",
      "t" : 1756446145771,
      "tn" : 1756446145771916294,
      "q" : "15.6",
      "p" : "4.8333",
      "s" : "sell",
      "i" : "PENDLE_USD",
      "m" : "4611686018428949648"
    }, {
      "d" : "1756446145771915834",
      "t" : 1756446145771,
      "tn" : 1756446145771915834,
      "q" : "94.3",
      "p" : "4.8334",
      "s" : "sell",
      "i" : "PENDLE_USD",
      "m" : "4611686018428949647"
    }, {
      "d" : "1756446145771915321",
      "t" : 1756446145771,
      "tn" : 1756446145771915321,
      "q" : "27.5",
      "p" : "4.8352",
      "s" : "sell",
      "i" : "PENDLE_USD",
      "m" : "4611686018428949646"
    }, {
      "d" : "1756446145771735536",
      "t" : 1756446145771,
      "tn" : 1756446145771735536,
      "q" : "0.3",
      "p" : "4.8447",
      "s" : "sell",
      "i" : "PENDLE_USD",
      "m" : "4611686018428949645"
    }, {
      "d" : "1756445481188081231",
      "t" : 1756445481188,
      "tn" : 1756445481188081231,
      "q" : "0.3",
      "p" : "4.8412",
      "s" : "buy",
      "i" : "PENDLE_USD",
      "m" : "4611686018428949644"
    }, {
      "d" : "1756445481186408880",
      "t" : 1756445481186,
      "tn" : 1756445481186408880,
      "q" : "0.3",
      "p" : "4.8407",
      "s" : "buy",
      "i" : "PENDLE_USD",
      "m" : "4611686018428949643"
    }, {
      "d" : "1756442573349456201",
      "t" : 1756442573349,
      "tn" : 1756442573349456201,
      "q" : "0.3",
      "p" : "4.8677",
      "s" : "buy",
      "i" : "PENDLE_USD",
      "m" : "4611686018428949642"
    }, {
      "d" : "1756442573203086725",
      "t" : 1756442573203,
      "tn" : 1756442573203086725,
      "q" : "0.3",
      "p" : "4.8667",
      "s" : "buy",
      "i" : "PENDLE_USD",
      "m" : "4611686018428949641"
    }, {
      "d" : "1756442361779853046",
      "t" : 1756442361779,
      "tn" : 1756442361779853046,
      "q" : "0.3",
      "p" : "4.8607",
      "s" : "buy",
      "i" : "PENDLE_USD",
      "m" : "4611686018428949640"
    }, {
      "d" : "1756442361610841265",
      "t" : 1756442361610,
      "tn" : 1756442361610841265,
      "q" : "0.3",
      "p" : "4.8607",
      "s" : "buy",
      "i" : "PENDLE_USD",
      "m" : "4611686018428949639"
    }, {
      "d" : "1756441886106719808",
      "t" : 1756441886106,
      "tn" : 1756441886106719808,
      "q" : "164.6",
      "p" : "4.8573",
      "s" : "sell",
      "i" : "PENDLE_USD",
      "m" : "4611686018428949638"
    }, {
      "d" : "1756441886106717448",
      "t" : 1756441886106,
      "tn" : 1756441886106717448,
      "q" : "0.3",
      "p" : "4.8587",
      "s" : "sell",
      "i" : "PENDLE_USD",
      "m" : "4611686018428949637"
    }, {
      "d" : "1756441818848762450",
      "t" : 1756441818848,
      "tn" : 1756441818848762450,
      "q" : "0.3",
      "p" : "4.8657",
      "s" : "buy",
      "i" : "PENDLE_USD",
      "m" : "4611686018428949636"
    }, {
      "d" : "1756441217811972257",
      "t" : 1756441217811,
      "tn" : 1756441217811972257,
      "q" : "0.3",
      "p" : "4.8632",
      "s" : "buy",
      "i" : "PENDLE_USD",
      "m" : "4611686018428949635"
    }, {
      "d" : "1756441036437673502",
      "t" : 1756441036437,
      "tn" : 1756441036437673502,
      "q" : "0.3",
      "p" : "4.8507",
      "s" : "sell",
      "i" : "PENDLE_USD",
      "m" : "4611686018428949634"
    }, {
      "d" : "1756440673786108415",
      "t" : 1756440673786,
      "tn" : 1756440673786108415,
      "q" : "0.3",
      "p" : "4.8442",
      "s" : "buy",
      "i" : "PENDLE_USD",
      "m" : "4611686018428949633"
    }, {
      "d" : "1756440601296776354",
      "t" : 1756440601296,
      "tn" : 1756440601296776354,
      "q" : "0.3",
      "p" : "4.8442",
      "s" : "buy",
      "i" : "PENDLE_USD",
      "m" : "4611686018428949632"
    }, {
      "d" : "1756440523668901513",
      "t" : 1756440523668,
      "tn" : 1756440523668901513,
      "q" : "1.3",
      "p" : "4.8542",
      "s" : "buy",
      "i" : "PENDLE_USD",
      "m" : "4611686018428949631"
    }, {
      "d" : "1756440459889903779",
      "t" : 1756440459889,
      "tn" : 1756440459889903779,
      "q" : "123.7",
      "p" : "4.8504",
      "s" : "sell",
      "i" : "PENDLE_USD",
      "m" : "4611686018428949630"
    }, {
      "d" : "1756440344684169111",
      "t" : 1756440344684,
      "tn" : 1756440344684169111,
      "q" : "0.3",
      "p" : "4.8752",
      "s" : "buy",
      "i" : "PENDLE_USD",
      "m" : "4611686018428949629"
    }, {
      "d" : "1756439573064724946",
      "t" : 1756439573064,
      "tn" : 1756439573064724946,
      "q" : "10.7",
      "p" : "4.8835",
      "s" : "buy",
      "i" : "PENDLE_USD",
      "m" : "4611686018428949628"
    }, {
      "d" : "1756439573064722413",
      "t" : 1756439573064,
      "tn" : 1756439573064722413,
      "q" : "2.4",
      "p" : "4.8831",
      "s" : "buy",
      "i" : "PENDLE_USD",
      "m" : "4611686018428949627"
    }, {
      "d" : "1756439573061907802",
      "t" : 1756439573061,
      "tn" : 1756439573061907802,
      "q" : "0.3",
      "p" : "4.8782",
      "s" : "buy",
      "i" : "PENDLE_USD",
      "m" : "4611686018428949626"
    }, {
      "d" : "1756438672017190751",
      "t" : 1756438672017,
      "tn" : 1756438672017190751,
      "q" : "4.1",
      "p" : "4.8802",
      "s" : "buy",
      "i" : "PENDLE_USD",
      "m" : "4611686018428949625"
    }, {
      "d" : "1756438672017189956",
      "t" : 1756438672017,
      "tn" : 1756438672017189956,
      "q" : "15.8",
      "p" : "4.8801",
      "s" : "buy",
      "i" : "PENDLE_USD",
      "m" : "4611686018428949624"
    }, {
      "d" : "1756437925975956011",
      "t" : 1756437925975,
      "tn" : 1756437925975956011,
      "q" : "0.3",
      "p" : "4.8662",
      "s" : "buy",
      "i" : "PENDLE_USD",
      "m" : "4611686018428949623"
    }, {
      "d" : "1756436888055643097",
      "t" : 1756436888055,
      "tn" : 1756436888055643097,
      "q" : "0.3",
      "p" : "4.8817",
      "s" : "buy",
      "i" : "PENDLE_USD",
      "m" : "4611686018428949622"
    }, {
      "d" : "1756436887946210844",
      "t" : 1756436887946,
      "tn" : 1756436887946210844,
      "q" : "0.3",
      "p" : "4.8812",
      "s" : "buy",
      "i" : "PENDLE_USD",
      "m" : "4611686018428949621"
    }, {
      "d" : "1756436376322726751",
      "t" : 1756436376322,
      "tn" : 1756436376322726751,
      "q" : "0.3",
      "p" : "4.8912",
      "s" : "buy",
      "i" : "PENDLE_USD",
      "m" : "4611686018428949620"
    }, {
      "d" : "1756436376184533108",
      "t" : 1756436376184,
      "tn" : 1756436376184533108,
      "q" : "0.3",
      "p" : "4.8892",
      "s" : "buy",
      "i" : "PENDLE_USD",
      "m" : "4611686018428949619"
    }, {
      "d" : "1756436284299957227",
      "t" : 1756436284299,
      "tn" : 1756436284299957227,
      "q" : "0.3",
      "p" : "4.8882",
      "s" : "buy",
      "i" : "PENDLE_USD",
      "m" : "4611686018428949618"
    }, {
      "d" : "1756436284230661945",
      "t" : 1756436284230,
      "tn" : 1756436284230661945,
      "q" : "0.3",
      "p" : "4.8882",
      "s" : "buy",
      "i" : "PENDLE_USD",
      "m" : "4611686018428949617"
    }, {
      "d" : "1756435714529914500",
      "t" : 1756435714529,
      "tn" : 1756435714529914500,
      "q" : "0.3",
      "p" : "4.8862",
      "s" : "sell",
      "i" : "PENDLE_USD",
      "m" : "4611686018428949616"
    }, {
      "d" : "1756435712652252372",
      "t" : 1756435712652,
      "tn" : 1756435712652252372,
      "q" : "26.6",
      "p" : "4.8888",
      "s" : "buy",
      "i" : "PENDLE_USD",
      "m" : "4611686018428949615"
    }, {
      "d" : "1756435712652250586",
      "t" : 1756435712652,
      "tn" : 1756435712652250586,
      "q" : "20.6",
      "p" : "4.8886",
      "s" : "buy",
      "i" : "PENDLE_USD",
      "m" : "4611686018428949614"
    }, {
      "d" : "1756435712651833331",
      "t" : 1756435712651,
      "tn" : 1756435712651833331,
      "q" : "0.3",
      "p" : "4.8842",
      "s" : "buy",
      "i" : "PENDLE_USD",
      "m" : "4611686018428949613"
    }, {
      "d" : "1756435676692907914",
      "t" : 1756435676692,
      "tn" : 1756435676692907914,
      "q" : "0.3",
      "p" : "4.8852",
      "s" : "buy",
      "i" : "PENDLE_USD",
      "m" : "4611686018428949612"
    }, {
      "d" : "1756435559767439980",
      "t" : 1756435559767,
      "tn" : 1756435559767439980,
      "q" : "0.3",
      "p" : "4.8792",
      "s" : "buy",
      "i" : "PENDLE_USD",
      "m" : "4611686018428949611"
    }, {
      "d" : "1756435533044199014",
      "t" : 1756435533044,
      "tn" : 1756435533044199014,
      "q" : "0.3",
      "p" : "4.8812",
      "s" : "buy",
      "i" : "PENDLE_USD",
      "m" : "4611686018428949610"
    } ]
  }
}