{
  "id" : -1,
  "method" : "public/get-trades",
  "code" : 0,
  "result" : {
    "data" : [ {
      "d" : "1756462072400177088",
      "t" : 1756462072400,
      "tn" : 1756462072400177088,
      "q" : "100",
      "p" : "0.029269",
      "s" : "sell",
      "i" : "PENGUUSD-PERP",
      "m" : "4611686018429059394"
    }, {
      "d" : "1756462072044759691",
      "t" : 1756462072044,
      "tn" : 1756462072044759691,
      "q" : "100",
      "p" : "0.029267",
      "s" : "buy",
      "i" : "PENGUUSD-PERP",
      "m" : "4611686018429059393"
    }, {
      "d" : "1756462071507302336",
      "t" : 1756462071507,
      "tn" : 1756462071507302336,
      "q" : "100",
      "p" : "0.029261",
      "s" : "buy",
      "i" : "PENGUUSD-PERP",
      "m" : "4611686018429059392"
    }, {
      "d" : "1756462066658058640",
      "t" : 1756462066658,
      "tn" : 1756462066658058640,
      "q" : "100",
      "p" : "0.029253",
      "s" : "sell",
      "i" : "PENGUUSD-PERP",
      "m" : "4611686018429059391"
    }, {
      "d" : "1756462066651458504",
      "t" : 1756462066651,
      "tn" : 1756462066651458504,
      "q" : "100",
      "p" : "0.029260",
      "s" : "sell",
      "i" : "PENGUUSD-PERP",
      "m" : "4611686018429059390"
    }, {
      "d" : "1756462065179892803",
      "t" : 1756462065179,
      "tn" : 1756462065179892803,
      "q" : "100",
      "p" : "0.029262",
      "s" : "sell",
      "i" : "PENGUUSD-PERP",
      "m" : "4611686018429059389"
    }, {
      "d" : "1756462061510735027",
      "t" : 1756462061510,
      "tn" : 1756462061510735027,
      "q" : "100",
      "p" : "0.029258",
      "s" : "buy",
      "i" : "PENGUUSD-PERP",
      "m" : "4611686018429059388"
    }, {
      "d" : "1756462057048705673",
      "t" : 1756462057048,
      "tn" : 1756462057048705673,
      "q" : "100",
      "p" : "0.029242",
      "s" : "buy",
      "i" : "PENGUUSD-PERP",
      "m" : "4611686018429059387"
    }, {
      "d" : "1756462051587891257",
      "t" : 1756462051587,
      "tn" : 1756462051587891257,
      "q" : "100",
      "p" : "0.029243",
      "s" : "sell",
      "i" : "PENGUUSD-PERP",
      "m" : "4611686018429059386"
    }, {
      "d" : "1756462048216423659",
      "t" : 1756462048216,
      "tn" : 1756462048216423659,
      "q" : "100",
      "p" : "0.029249",
      "s" : "sell",
      "i" : "PENGUUSD-PERP",
      "m" : "4611686018429059385"
    }, {
      "d" : "1756462046215114501",
      "t" : 1756462046215,
      "tn" : 1756462046215114501,
      "q" : "100",
      "p" : "0.029244",
      "s" : "buy",
      "i" : "PENGUUSD-PERP",
      "m" : "4611686018429059384"
    }, {
      "d" : "1756462043234846876",
      "t" : 1756462043234,
      "tn" : 1756462043234846876,
      "q" : "100",
      "p" : "0.029244",
      "s" : "sell",
      "i" : "PENGUUSD-PERP",
      "m" : "4611686018429059383"
    }, {
      "d" : "1756462041956176881",
      "t" : 1756462041956,
      "tn" : 1756462041956176881,
      "q" : "100",
      "p" : "0.029241",
      "s" : "buy",
      "i" : "PENGUUSD-PERP",
      "m" : "4611686018429059382"
    }, {
      "d" : "1756462039204199646",
      "t" : 1756462039204,
      "tn" : 1756462039204199646,
      "q" : "100",
      "p" : "0.029238",
      "s" : "buy",
      "i" : "PENGUUSD-PERP",
      "m" : "4611686018429059381"
    }, {
      "d" : "1756462038945570802",
      "t" : 1756462038945,
      "tn" : 1756462038945570802,
      "q" : "100",
      "p" : "0.029232",
      "s" : "buy",
      "i" : "PENGUUSD-PERP",
      "m" : "4611686018429059380"
    }, {
      "d" : "1756462038744507533",
      "t" : 1756462038744,
      "tn" : 1756462038744507533,
      "q" : "100",
      "p" : "0.029231",
      "s" : "buy",
      "i" : "PENGUUSD-PERP",
      "m" : "4611686018429059379"
    }, {
      "d" : "1756462038027383804",
      "t" : 1756462038027,
      "tn" : 1756462038027383804,
      "q" : "100",
      "p" : "0.029236",
      "s" : "sell",
      "i" : "PENGUUSD-PERP",
      "m" : "4611686018429059378"
    }, {
      "d" : "1756462037677787061",
      "t" : 1756462037677,
      "tn" : 1756462037677787061,
      "q" : "100",
      "p" : "0.029243",
      "s" : "sell",
      "i" : "PENGUUSD-PERP",
      "m" : "4611686018429059377"
    }, {
      "d" : "1756462034887295466",
      "t" : 1756462034887,
      "tn" : 1756462034887295466,
      "q" : "100",
      "p" : "0.029221",
      "s" : "buy",
      "i" : "PENGUUSD-PERP",
      "m" : "4611686018429059376"
    }, {
      "d" : "1756462034430727141",
      "t" : 1756462034430,
      "tn" : 1756462034430727141,
      "q" : "100",
      "p" : "0.029218",
      "s" : "buy",
      "i" : "PENGUUSD-PERP",
      "m" : "4611686018429059375"
    }, {
      "d" : "1756462034157878864",
      "t" : 1756462034157,
      "tn" : 1756462034157878864,
      "q" : "100",
      "p" : "0.029215",
      "s" : "buy",
      "i" : "PENGUUSD-PERP",
      "m" : "4611686018429059374"
    }, {
      "d" : "1756462033799230933",
      "t" : 1756462033799,
      "tn" : 1756462033799230933,
      "q" : "100",
      "p" : "0.029217",
      "s" : "sell",
      "i" : "PENGUUSD-PERP",
      "m" : "4611686018429059373"
    }, {
      "d" : "1756462032825084817",
      "t" : 1756462032825,
      "tn" : 1756462032825084817,
      "q" : "100",
      "p" : "0.029220",
      "s" : "sell",
      "i" : "PENGUUSD-PERP",
      "m" : "4611686018429059372"
    }, {
      "d" : "1756462032169033901",
      "t" : 1756462032169,
      "tn" : 1756462032169033901,
      "q" : "100",
      "p" : "0.029229",
      "s" : "sell",
      "i" : "PENGUUSD-PERP",
      "m" : "4611686018429059371"
    }, {
      "d" : "1756462031773342203",
      "t" : 1756462031773,
      "tn" : 1756462031773342203,
      "q" : "100",
      "p" : "0.029232",
      "s" : "sell",
      "i" : "PENGUUSD-PERP",
      "m" : "4611686018429059370"
    }, {
      "d" : "1756462030974863050",
      "t" : 1756462030974,
      "tn" : 1756462030974863050,
      "q" : "100",
      "p" : "0.029235",
      "s" : "sell",
      "i" : "PENGUUSD-PERP",
      "m" : "4611686018429059369"
    }, {
      "d" : "1756462029148443143",
      "t" : 1756462029148,
      "tn" : 1756462029148443143,
      "q" : "100",
      "p" : "0.029233",
      "s" : "buy",
      "i" : "PENGUUSD-PERP",
      "m" : "4611686018429059368"
    }, {
      "d" : "1756462026859154818",
      "t" : 1756462026859,
      "tn" : 1756462026859154818,
      "q" : "100",
      "p" : "0.029229",
      "s" : "sell",
      "i" : "PENGUUSD-PERP",
      "m" : "4611686018429059367"
    }, {
      "d" : "1756462026845320638",
      "t" : 1756462026845,
      "tn" : 1756462026845320638,
      "q" : "100",
      "p" : "0.029226",
      "s" : "sell",
      "i" : "PENGUUSD-PERP",
      "m" : "4611686018429059366"
    }, {
      "d" : "1756462026657873633",
      "t" : 1756462026657,
      "tn" : 1756462026657873633,
      "q" : "100",
      "p" : "0.029230",
      "s" : "buy",
      "i" : "PENGUUSD-PERP",
      "m" : "4611686018429059365"
    }, {
      "d" : "1756462021713786611",
      "t" : 1756462021713,
      "tn" : 1756462021713786611,
      "q" : "100",
      "p" : "0.029223",
      "s" : "buy",
      "i" : "PENGUUSD-PERP",
      "m" : "4611686018429059364"
    }, {
      "d" : "1756462016597016256",
      "t" : 1756462016597,
      "tn" : 1756462016597016256,
      "q" : "100",
      "p" : "0.029221",
      "s" : "buy",
      "i" : "PENGUUSD-PERP",
      "m" : "4611686018429059363"
    }, {
      "d" : "1756462015464571626",
      "t" : 1756462015464,
      "tn" : 1756462015464571626,
      "q" : "100",
      "p" : "0.029221",
      "s" : "sell",
      "i" : "PENGUUSD-PERP",
      "m" : "4611686018429059362"
    }, {
      "d" : "1756462013590613161",
      "t" : 1756462013590,
      "tn" : 1756462013590613161,
      "q" : "100",
      "p" : "0.029220",
      "s" : "sell",
      "i" : "PENGUUSD-PERP",
      "m" : "4611686018429059361"
    }, {
      "d" : "1756462013479790472",
      "t" : 1756462013479,
      "tn" : 1756462013479790472,
      "q" : "100",
      "p" : "0.029223",
      "s" : "sell",
      "i" : "PENGUUSD-PERP",
      "m" : "4611686018429059360"
    }, {
      "d" : "1756462011543725681",
      "t" : 1756462011543,
      "tn" : 1756462011543725681,
      "q" : "100",
      "p" : "0.029230",
      "s" : "sell",
      "i" : "PENGUUSD-PERP",
      "m" : "4611686018429059359"
    }, {
      "d" : "1756462011020592929",
      "t" : 1756462011020,
      "tn" : 1756462011020592929,
      "q" : "100",
      "p" : "0.029231",
      "s" : "sell",
      "i" : "PENGUUSD-PERP",
      "m" : "4611686018429059358"
    }, {
      "d" : "1756462010657479993",
      "t" : 1756462010657,
      "tn" : 1756462010657479993,
      "q" : "100",
      "p" : "0.029233",
      "s" : "sell",
      "i" : "PENGUUSD-PERP",
      "m" : "4611686018429059357"
    }, {
      "d" : "1756462009130213365",
      "t" : 1756462009130,
      "tn" : 1756462009130213365,
      "q" : "100",
      "p" : "0.029223",
      "s" : "buy",
      "i" : "PENGUUSD-PERP",
      "m" : "4611686018429059356"
    }, {
      "d" : "1756462009004117745",
      "t" : 1756462009004,
      "tn" : 1756462009004117745,
      "q" : "100",
      "p" : "0.029228",
      "s" : "sell",
      "i" : "PENGUUSD-PERP",
      "m" : "4611686018429059355"
    }, {
      "d" : "1756462008758239155",
      "t" : 1756462008758,
      "tn" : 1756462008758239155,
      "q" : "100",
      "p" : "0.029221",
      "s" : "buy",
      "i" : "PENGUUSD-PERP",
      "m" : "4611686018429059354"
    }, {
      "d" : "1756462008141366274",
      "t" : 1756462008141,
      "tn" : 1756462008141366274,
      "q" : "100",
      "p" : "0.029220",
      "s" : "buy",
      "i" : "PENGUUSD-PERP",
      "m" : "4611686018429059353"
    }, {
      "d" : "1756462004663083163",
      "t" : 1756462004663,
      "tn" : 1756462004663083163,
      "q" : "100",
      "p" : "0.029225",
      "s" : "sell",
      "i" : "PENGUUSD-PERP",
      "m" : "4611686018429059352"
    }, {
      "d" : "1756462004156938708",
      "t" : 1756462004156,
      "tn" : 1756462004156938708,
      "q" : "100",
      "p" : "0.029218",
      "s" : "buy",
      "i" : "PENGUUSD-PERP",
      "m" : "4611686018429059351"
    }, {
      "d" : "1756462003822967954",
      "t" : 1756462003822,
      "tn" : 1756462003822967954,
      "q" : "100",
      "p" : "0.029207",
      "s" : "buy",
      "i" : "PENGUUSD-PERP",
      "m" : "4611686018429059350"
    }, {
      "d" : "1756462001124920450",
      "t" : 1756462001124,
      "tn" : 1756462001124920450,
      "q" : "100",
      "p" : "0.029204",
      "s" : "sell",
      "i" : "PENGUUSD-PERP",
      "m" : "4611686018429059349"
    }, {
      "d" : "1756461999993734471",
      "t" : 1756461999993,
      "tn" : 1756461999993734471,
      "q" : "100",
      "p" : "0.029209",
      "s" : "sell",
      "i" : "PENGUUSD-PERP",
      "m" : "4611686018429059348"
    }, {
      "d" : "1756461995456785262",
      "t" : 1756461995456,
      "tn" : 1756461995456785262,
      "q" : "100",
      "p" : "0.029191",
      "s" : "buy",
      "i" : "PENGUUSD-PERP",
      "m" : "4611686018429059347"
    }, {
      "d" : "1756461989767119406",
      "t" : 1756461989767,
      "tn" : 1756461989767119406,
      "q" : "100",
      "p" : "0.029199",
      "s" : "sell",
      "i" : "PENGUUSD-PERP",
      "m" : "4611686018429059346"
    }, {
      "d" : "1756461988685193136",
      "t" : 1756461988685,
      "tn" : 1756461988685193136,
      "q" : "100",
      "p" : "0.029186",
      "s" : "buy",
      "i" : "PENGUUSD-PERP",
      "m" : "4611686018429059345"
    }, {
      "d" : "1756461983927244059",
      "t" : 1756461983927,
      "tn" : 1756461983927244059,
      "q" : "100",
      "p" : "0.029185",
      "s" : "sell",
      "i" : "PENGUUSD-PERP",
      "m" : "4611686018429059344"
    }, {
      "d" : "1756461970862298971",
      "t" : 1756461970862,
      "tn" : 1756461970862298971,
      "q" : "100",
      "p" : "0.029167",
      "s" : "buy",
      "i" : "PENGUUSD-PERP",
      "m" : "4611686018429059343"
    }, {
      "d" : "1756461969492211297",
      "t" : 1756461969492,
      "tn" : 1756461969492211297,
      "q" : "100",
      "p" : "0.029169",
      "s" : "sell",
      "i" : "PENGUUSD-PERP",
      "m" : "4611686018429059342"
    }, {
      "d" : "1756461968838803786",
      "t" : 1756461968838,
      "tn" : 1756461968838803786,
      "q" : "100",
      "p" : "0.029166",
      "s" : "buy",
      "i" : "PENGUUSD-PERP",
      "m" : "4611686018429059341"
    }, {
      "d" : "1756461966106031486",
      "t" : 1756461966106,
      "tn" : 1756461966106031486,
      "q" : "100",
      "p" : "0.029168",
      "s" : "sell",
      "i" : "PENGUUSD-PERP",
      "m" : "4611686018429059340"
    }, {
      "d" : "1756461962794783079",
      "t" : 1756461962794,
      "tn" : 1756461962794783079,
      "q" : "100",
      "p" : "0.029150",
      "s" : "buy",
      "i" : "PENGUUSD-PERP",
      "m" : "4611686018429059339"
    }, {
      "d" : "1756461962542819208",
      "t" : 1756461962542,
      "tn" : 1756461962542819208,
      "q" : "100",
      "p" : "0.029154",
      "s" : "sell",
      "i" : "PENGUUSD-PERP",
      "m" : "4611686018429059338"
    }, {
      "d" : "1756461957278560964",
      "t" : 1756461957278,
      "tn" : 1756461957278560964,
      "q" : "100",
      "p" : "0.029159",
      "s" : "buy",
      "i" : "PENGUUSD-PERP",
      "m" : "4611686018429059337"
    }, {
      "d" : "1756461956335360221",
      "t" : 1756461956335,
      "tn" : 1756461956335360221,
      "q" : "100",
      "p" : "0.029170",
      "s" : "buy",
      "i" : "PENGUUSD-PERP",
      "m" : "4611686018429059336"
    }, {
      "d" : "1756461956137222877",
      "t" : 1756461956137,
      "tn" : 1756461956137222877,
      "q" : "100",
      "p" : "0.029167",
      "s" : "buy",
      "i" : "PENGUUSD-PERP",
      "m" : "4611686018429059335"
    }, {
      "d" : "1756461952075568749",
      "t" : 1756461952075,
      "tn" : 1756461952075568749,
      "q" : "100",
      "p" : "0.029180",
      "s" : "sell",
      "i" : "PENGUUSD-PERP",
      "m" : "4611686018429059334"
    }, {
      "d" : "1756461951658538823",
      "t" : 1756461951658,
      "tn" : 1756461951658538823,
      "q" : "100",
      "p" : "0.029181",
      "s" : "sell",
      "i" : "PENGUUSD-PERP",
      "m" : "4611686018429059333"
    }, {
      "d" : "1756461951025698311",
      "t" : 1756461951025,
      "tn" : 1756461951025698311,
      "q" : "100",
      "p" : "0.029182",
      "s" : "sell",
      "i" : "PENGUUSD-PERP",
      "m" : "4611686018429059332"
    }, {
      "d" : "1756461948688566719",
      "t" : 1756461948688,
      "tn" : 1756461948688566719,
      "q" : "100",
      "p" : "0.029174",
      "s" : "buy",
      "i" : "PENGUUSD-PERP",
      "m" : "4611686018429059331"
    }, {
      "d" : "1756461948492148493",
      "t" : 1756461948492,
      "tn" : 1756461948492148493,
      "q" : "100",
      "p" : "0.029179",
      "s" : "sell",
      "i" : "PENGUUSD-PERP",
      "m" : "4611686018429059330"
    }, {
      "d" : "1756461944016214535",
      "t" : 1756461944016,
      "tn" : 1756461944016214535,
      "q" : "100",
      "p" : "0.029176",
      "s" : "buy",
      "i" : "PENGUUSD-PERP",
      "m" : "4611686018429059329"
    }, {
      "d" : "1756461943138538874",
      "t" : 1756461943138,
      "tn" : 1756461943138538874,
      "q" : "100",
      "p" : "0.029174",
      "s" : "sell",
      "i" : "PENGUUSD-PERP",
      "m" : "4611686018429059328"
    }, {
      "d" : "1756461942638573679",
      "t" : 1756461942638,
      "tn" : 1756461942638573679,
      "q" : "100",
      "p" : "0.029172",
      "s" : "buy",
      "i" : "PENGUUSD-PERP",
      "m" : "4611686018429059327"
    }, {
      "d" : "1756461941503575516",
      "t" : 1756461941503,
      "tn" : 1756461941503575516,
      "q" : "100",
      "p" : "0.029175",
      "s" : "sell",
      "i" : "PENGUUSD-PERP",
      "m" : "4611686018429059326"
    }, {
      "d" : "1756461939651265590",
      "t" : 1756461939651,
      "tn" : 1756461939651265590,
      "q" : "100",
      "p" : "0.029160",
      "s" : "buy",
      "i" : "PENGUUSD-PERP",
      "m" : "4611686018429059325"
    }, {
      "d" : "1756461939366135541",
      "t" : 1756461939366,
      "tn" : 1756461939366135541,
      "q" : "100",
      "p" : "0.029161",
      "s" : "sell",
      "i" : "PENGUUSD-PERP",
      "m" : "4611686018429059324"
    }, {
      "d" : "1756461933198795470",
      "t" : 1756461933198,
      "tn" : 1756461933198795470,
      "q" : "100",
      "p" : "0.029159",
      "s" : "buy",
      "i" : "PENGUUSD-PERP",
      "m" : "4611686018429059323"
    }, {
      "d" : "1756461933002359050",
      "t" : 1756461933002,
      "tn" : 1756461933002359050,
      "q" : "100",
      "p" : "0.029165",
      "s" : "sell",
      "i" : "PENGUUSD-PERP",
      "m" : "4611686018429059322"
    }, {
      "d" : "1756461917843677017",
      "t" : 1756461917843,
      "tn" : 1756461917843677017,
      "q" : "100",
      "p" : "0.029159",
      "s" : "sell",
      "i" : "PENGUUSD-PERP",
      "m" : "4611686018429059321"
    }, {
      "d" : "1756461909151657499",
      "t" : 1756461909151,
      "tn" : 1756461909151657499,
      "q" : "100",
      "p" : "0.029145",
      "s" : "buy",
      "i" : "PENGUUSD-PERP",
      "m" : "4611686018429059320"
    }, {
      "d" : "1756461908078755750",
      "t" : 1756461908078,
      "tn" : 1756461908078755750,
      "q" : "100",
      "p" : "0.029144",
      "s" : "buy",
      "i" : "PENGUUSD-PERP",
      "m" : "4611686018429059319"
    }, {
      "d" : "1756461905698659048",
      "t" : 1756461905698,
      "tn" : 1756461905698659048,
      "q" : "100",
      "p" : "0.029155",
      "s" : "buy",
      "i" : "PENGUUSD-PERP",
      "m" : "4611686018429059318"
    }, {
      "d" : "1756461905195995768",
      "t" : 1756461905195,
      "tn" : 1756461905195995768,
      "q" : "100",
      "p" : "0.029149",
      "s" : "buy",
      "i" : "PENGUUSD-PERP",
      "m" : "4611686018429059317"
    }, {
      "d" : "1756461904155628965",
      "t" : 1756461904155,
      "tn" : 1756461904155628965,
      "q" : "100",
      "p" : "0.029162",
      "s" : "sell",
      "i" : "PENGUUSD-PERP",
      "m" : "4611686018429059316"
    }, {
      "d" : "1756461903189930804",
      "t" : 1756461903189,
      "tn" : 1756461903189930804,
      "q" : "100",
      "p" : "0.029168",
      "s" : "sell",
      "i" : "PENGUUSD-PERP",
      "m" : "4611686018429059315"
    }, {
      "d" : "1756461900108022132",
      "t" : 1756461900108,
      "tn" : 1756461900108022132,
      "q" : "100",
      "p" : "0.029176",
      "s" : "sell",
      "i" : "PENGUUSD-PERP",
      "m" : "4611686018429059314"
    }, {
      "d" : "1756461893031391917",
      "t" : 1756461893031,
      "tn" : 1756461893031391917,
      "q" : "100",
      "p" : "0.029165",
      "s" : "buy",
      "i" : "PENGUUSD-PERP",
      "m" : "4611686018429059313"
    }, {
      "d" : "1756461891610641409",
      "t" : 1756461891610,
      "tn" : 1756461891610641409,
      "q" : "100",
      "p" : "0.029159",
      "s" : "buy",
      "i" : "PENGUUSD-PERP",
      "m" : "4611686018429059312"
    }, {
      "d" : "1756461890180253471",
      "t" : 1756461890180,
      "tn" : 1756461890180253471,
      "q" : "100",
      "p" : "0.029166",
      "s" : "sell",
      "i" : "PENGUUSD-PERP",
      "m" : "4611686018429059311"
    }, {
      "d" : "1756461889203267012",
      "t" : 1756461889203,
      "tn" : 1756461889203267012,
      "q" : "100",
      "p" : "0.029172",
      "s" : "sell",
      "i" : "PENGUUSD-PERP",
      "m" : "4611686018429059310"
    }, {
      "d" : "1756461882664156612",
      "t" : 1756461882664,
      "tn" : 1756461882664156612,
      "q" : "100",
      "p" : "0.029160",
      "s" : "buy",
      "i" : "PENGUUSD-PERP",
      "m" : "4611686018429059309"
    }, {
      "d" : "1756461881194908614",
      "t" : 1756461881194,
      "tn" : 1756461881194908614,
      "q" : "100",
      "p" : "0.029158",
      "s" : "sell",
      "i" : "PENGUUSD-PERP",
      "m" : "4611686018429059308"
    }, {
      "d" : "1756461880372992675",
      "t" : 1756461880372,
      "tn" : 1756461880372992675,
      "q" : "100",
      "p" : "0.029147",
      "s" : "buy",
      "i" : "PENGUUSD-PERP",
      "m" : "4611686018429059307"
    }, {
      "d" : "1756461880084675544",
      "t" : 1756461880084,
      "tn" : 1756461880084675544,
      "q" : "100",
      "p" : "0.029139",
      "s" : "buy",
      "i" : "PENGUUSD-PERP",
      "m" : "4611686018429059306"
    }, {
      "d" : "1756461877656907999",
      "t" : 1756461877656,
      "tn" : 1756461877656907999,
      "q" : "100",
      "p" : "0.029146",
      "s" : "sell",
      "i" : "PENGUUSD-PERP",
      "m" : "4611686018429059305"
    }, {
      "d" : "1756461871758821833",
      "t" : 1756461871758,
      "tn" : 1756461871758821833,
      "q" : "100",
      "p" : "0.029166",
      "s" : "sell",
      "i" : "PENGUUSD-PERP",
      "m" : "4611686018429059304"
    }, {
      "d" : "1756461864175452221",
      "t" : 1756461864175,
      "tn" : 1756461864175452221,
      "q" : "100",
      "p" : "0.029144",
      "s" : "buy",
      "i" : "PENGUUSD-PERP",
      "m" : "4611686018429059303"
    }, {
      "d" : "1756461860620389201",
      "t" : 1756461860620,
      "tn" : 1756461860620389201,
      "q" : "100",
      "p" : "0.029160",
      "s" : "buy",
      "i" : "PENGUUSD-PERP",
      "m" : "4611686018429059302"
    }, {
      "d" : "1756461860501458033",
      "t" : 1756461860501,
      "tn" : 1756461860501458033,
      "q" : "100",
      "p" : "0.029158",
      "s" : "buy",
      "i" : "PENGUUSD-PERP",
      "m" : "4611686018429059301"
    }, {
      "d" : "1756461859367045075",
      "t" : 1756461859367,
      "tn" : 1756461859367045075,
      "q" : "100",
      "p" : "0.029159",
      "s" : "sell",
      "i" : "PENGUUSD-PERP",
      "m" : "4611686018429059300"
    }, {
      "d" : "1756461858029769149",
      "t" : 1756461858029,
      "tn" : 1756461858029769149,
      "q" : "100",
      "p" : "0.029168",
      "s" : "sell",
      "i" : "PENGUUSD-PERP",
      "m" : "4611686018429059299"
    }, {
      "d" : "1756461857350586203",
      "t" : 1756461857350,
      "tn" : 1756461857350586203,
      "q" : "100",
      "p" : "0.029170",
      "s" : "buy",
      "i" : "PENGUUSD-PERP",
      "m" : "4611686018429059298"
    }, {
      "d" : "1756461856262926584",
      "t" : 1756461856262,
      "tn" : 1756461856262926584,
      "q" : "100",
      "p" : "0.029179",
      "s" : "sell",
      "i" : "PENGUUSD-PERP",
      "m" : "4611686018429059297"
    }, {
      "d" : "1756461853968702577",
      "t" : 1756461853968,
      "tn" : 1756461853968702577,
      "q" : "100",
      "p" : "0.029183",
      "s" : "sell",
      "i" : "PENGUUSD-PERP",
      "m" : "4611686018429059296"
    }, {
      "d" : "1756461851119373382",
      "t" : 1756461851119,
      "tn" : 1756461851119373382,
      "q" : "100",
      "p" : "0.029183",
      "s" : "buy",
      "i" : "PENGUUSD-PERP",
      "m" : "4611686018429059295"
    }, {
      "d" : "1756461849084975994",
      "t" : 1756461849084,
      "tn" : 1756461849084975994,
      "q" : "100",
      "p" : "0.029190",
      "s" : "sell",
      "i" : "PENGUUSD-PERP",
      "m" : "4611686018429059294"
    }, {
      "d" : "1756461848890975357",
      "t" : 1756461848890,
      "tn" : 1756461848890975357,
      "q" : "100",
      "p" : "0.029188",
      "s" : "buy",
      "i" : "PENGUUSD-PERP",
      "m" : "4611686018429059293"
    }, {
      "d" : "1756461847450393506",
      "t" : 1756461847450,
      "tn" : 1756461847450393506,
      "q" : "100",
      "p" : "0.029180",
      "s" : "buy",
      "i" : "PENGUUSD-PERP",
      "m" : "4611686018429059292"
    }, {
      "d" : "1756461847331859316",
      "t" : 1756461847331,
      "tn" : 1756461847331859316,
      "q" : "100",
      "p" : "0.029178",
      "s" : "buy",
      "i" : "PENGUUSD-PERP",
      "m" : "4611686018429059291"
    }, {
      "d" : "1756461846559856231",
      "t" : 1756461846559,
      "tn" : 1756461846559856231,
      "q" : "100",
      "p" : "0.029169",
      "s" : "buy",
      "i" : "PENGUUSD-PERP",
      "m" : "4611686018429059290"
    }, {
      "d" : "1756461845477703027",
      "t" : 1756461845477,
      "tn" : 1756461845477703027,
      "q" : "100",
      "p" : "0.029172",
      "s" : "sell",
      "i" : "PENGUUSD-PERP",
      "m" : "4611686018429059289"
    }, {
      "d" : "1756461844270060550",
      "t" : 1756461844270,
      "tn" : 1756461844270060550,
      "q" : "100",
      "p" : "0.029181",
      "s" : "sell",
      "i" : "PENGUUSD-PERP",
      "m" : "4611686018429059288"
    }, {
      "d" : "1756461842957755975",
      "t" : 1756461842957,
      "tn" : 1756461842957755975,
      "q" : "100",
      "p" : "0.029178",
      "s" : "sell",
      "i" : "PENGUUSD-PERP",
      "m" : "4611686018429059287"
    }, {
      "d" : "1756461842957754118",
      "t" : 1756461842957,
      "tn" : 1756461842957754118,
      "q" : "100",
      "p" : "0.029185",
      "s" : "sell",
      "i" : "PENGUUSD-PERP",
      "m" : "4611686018429059286"
    }, {
      "d" : "1756461842818678910",
      "t" : 1756461842818,
      "tn" : 1756461842818678910,
      "q" : "100",
      "p" : "0.029186",
      "s" : "sell",
      "i" : "PENGUUSD-PERP",
      "m" : "4611686018429059285"
    }, {
      "d" : "1756461841668705401",
      "t" : 1756461841668,
      "tn" : 1756461841668705401,
      "q" : "100",
      "p" : "0.029195",
      "s" : "sell",
      "i" : "PENGUUSD-PERP",
      "m" : "4611686018429059284"
    }, {
      "d" : "1756461841300905481",
      "t" : 1756461841300,
      "tn" : 1756461841300905481,
      "q" : "100",
      "p" : "0.029189",
      "s" : "buy",
      "i" : "PENGUUSD-PERP",
      "m" : "4611686018429059283"
    }, {
      "d" : "1756461839356500730",
      "t" : 1756461839356,
      "tn" : 1756461839356500730,
      "q" : "100",
      "p" : "0.029189",
      "s" : "sell",
      "i" : "PENGUUSD-PERP",
      "m" : "4611686018429059282"
    }, {
      "d" : "1756461838130018610",
      "t" : 1756461838130,
      "tn" : 1756461838130018610,
      "q" : "100",
      "p" : "0.029182",
      "s" : "buy",
      "i" : "PENGUUSD-PERP",
      "m" : "4611686018429059281"
    }, {
      "d" : "1756461838014203819",
      "t" : 1756461838014,
      "tn" : 1756461838014203819,
      "q" : "100",
      "p" : "0.029175",
      "s" : "buy",
      "i" : "PENGUUSD-PERP",
      "m" : "4611686018429059280"
    }, {
      "d" : "1756461837780108076",
      "t" : 1756461837780,
      "tn" : 1756461837780108076,
      "q" : "100",
      "p" : "0.029181",
      "s" : "sell",
      "i" : "PENGUUSD-PERP",
      "m" : "4611686018429059279"
    }, {
      "d" : "1756461835687803293",
      "t" : 1756461835687,
      "tn" : 1756461835687803293,
      "q" : "100",
      "p" : "0.029195",
      "s" : "sell",
      "i" : "PENGUUSD-PERP",
      "m" : "4611686018429059278"
    }, {
      "d" : "1756461835571092314",
      "t" : 1756461835571,
      "tn" : 1756461835571092314,
      "q" : "100",
      "p" : "0.029199",
      "s" : "sell",
      "i" : "PENGUUSD-PERP",
      "m" : "4611686018429059277"
    }, {
      "d" : "1756461829306321854",
      "t" : 1756461829306,
      "tn" : 1756461829306321854,
      "q" : "100",
      "p" : "0.029197",
      "s" : "sell",
      "i" : "PENGUUSD-PERP",
      "m" : "4611686018429059276"
    }, {
      "d" : "1756461828337715940",
      "t" : 1756461828337,
      "tn" : 1756461828337715940,
      "q" : "100",
      "p" : "0.029191",
      "s" : "buy",
      "i" : "PENGUUSD-PERP",
      "m" : "4611686018429059275"
    }, {
      "d" : "1756461827348646069",
      "t" : 1756461827348,
      "tn" : 1756461827348646069,
      "q" : "100",
      "p" : "0.029181",
      "s" : "buy",
      "i" : "PENGUUSD-PERP",
      "m" : "4611686018429059274"
    }, {
      "d" : "1756461824211000031",
      "t" : 1756461824211,
      "tn" : 1756461824211000031,
      "q" : "100",
      "p" : "0.029193",
      "s" : "sell",
      "i" : "PENGUUSD-PERP",
      "m" : "4611686018429059273"
    }, {
      "d" : "1756461823929383133",
      "t" : 1756461823929,
      "tn" : 1756461823929383133,
      "q" : "100",
      "p" : "0.029197",
      "s" : "sell",
      "i" : "PENGUUSD-PERP",
      "m" : "4611686018429059272"
    }, {
      "d" : "1756461822676036155",
      "t" : 1756461822676,
      "tn" : 1756461822676036155,
      "q" : "100",
      "p" : "0.029188",
      "s" : "buy",
      "i" : "PENGUUSD-PERP",
      "m" : "4611686018429059271"
    }, {
      "d" : "1756461821512387383",
      "t" : 1756461821512,
      "tn" : 1756461821512387383,
      "q" : "100",
      "p" : "0.029185",
      "s" : "buy",
      "i" : "PENGUUSD-PERP",
      "m" : "4611686018429059270"
    }, {
      "d" : "1756461819968842461",
      "t" : 1756461819968,
      "tn" : 1756461819968842461,
      "q" : "100",
      "p" : "0.029183",
      "s" : "buy",
      "i" : "PENGUUSD-PERP",
      "m" : "4611686018429059269"
    }, {
      "d" : "1756461819818546504",
      "t" : 1756461819818,
      "tn" : 1756461819818546504,
      "q" : "100",
      "p" : "0.029180",
      "s" : "buy",
      "i" : "PENGUUSD-PERP",
      "m" : "4611686018429059268"
    }, {
      "d" : "1756461819639565598",
      "t" : 1756461819639,
      "tn" : 1756461819639565598,
      "q" : "100",
      "p" : "0.029183",
      "s" : "sell",
      "i" : "PENGUUSD-PERP",
      "m" : "4611686018429059267"
    }, {
      "d" : "1756461819270043529",
      "t" : 1756461819270,
      "tn" : 1756461819270043529,
      "q" : "100",
      "p" : "0.029181",
      "s" : "buy",
      "i" : "PENGUUSD-PERP",
      "m" : "4611686018429059266"
    }, {
      "d" : "1756461819154732976",
      "t" : 1756461819154,
      "tn" : 1756461819154732976,
      "q" : "100",
      "p" : "0.029173",
      "s" : "buy",
      "i" : "PENGUUSD-PERP",
      "m" : "4611686018429059265"
    }, {
      "d" : "1756461818306627252",
      "t" : 1756461818306,
      "tn" : 1756461818306627252,
      "q" : "100",
      "p" : "0.029176",
      "s" : "sell",
      "i" : "PENGUUSD-PERP",
      "m" : "4611686018429059264"
    }, {
      "d" : "1756461815375831907",
      "t" : 1756461815375,
      "tn" : 1756461815375831907,
      "q" : "100",
      "p" : "0.029190",
      "s" : "buy",
      "i" : "PENGUUSD-PERP",
      "m" : "4611686018429059263"
    }, {
      "d" : "1756461811138617075",
      "t" : 1756461811138,
      "tn" : 1756461811138617075,
      "q" : "100",
      "p" : "0.029198",
      "s" : "buy",
      "i" : "PENGUUSD-PERP",
      "m" : "4611686018429059262"
    }, {
      "d" : "1756461808649333418",
      "t" : 1756461808649,
      "tn" : 1756461808649333418,
      "q" : "100",
      "p" : "0.029224",
      "s" : "sell",
      "i" : "PENGUUSD-PERP",
      "m" : "4611686018429059261"
    }, {
      "d" : "1756461807769271073",
      "t" : 1756461807769,
      "tn" : 1756461807769271073,
      "q" : "100",
      "p" : "0.029225",
      "s" : "buy",
      "i" : "PENGUUSD-PERP",
      "m" : "4611686018429059260"
    }, {
      "d" : "1756461804960143257",
      "t" : 1756461804960,
      "tn" : 1756461804960143257,
      "q" : "100",
      "p" : "0.029227",
      "s" : "sell",
      "i" : "PENGUUSD-PERP",
      "m" : "4611686018429059259"
    }, {
      "d" : "1756461804405612435",
      "t" : 1756461804405,
      "tn" : 1756461804405612435,
      "q" : "100",
      "p" : "0.029232",
      "s" : "sell",
      "i" : "PENGUUSD-PERP",
      "m" : "4611686018429059258"
    }, {
      "d" : "1756461804086939764",
      "t" : 1756461804086,
      "tn" : 1756461804086939764,
      "q" : "100",
      "p" : "0.029235",
      "s" : "sell",
      "i" : "PENGUUSD-PERP",
      "m" : "4611686018429059257"
    }, {
      "d" : "1756461803800306764",
      "t" : 1756461803800,
      "tn" : 1756461803800306764,
      "q" : "100",
      "p" : "0.029237",
      "s" : "sell",
      "i" : "PENGUUSD-PERP",
      "m" : "4611686018429059256"
    }, {
      "d" : "1756461800902493893",
      "t" : 1756461800902,
      "tn" : 1756461800902493893,
      "q" : "100",
      "p" : "0.029238",
      "s" : "buy",
      "i" : "PENGUUSD-PERP",
      "m" : "4611686018429059255"
    }, {
      "d" : "1756461799865050816",
      "t" : 1756461799865,
      "tn" : 1756461799865050816,
      "q" : "100",
      "p" : "0.029237",
      "s" : "buy",
      "i" : "PENGUUSD-PERP",
      "m" : "4611686018429059254"
    }, {
      "d" : "1756461795993312096",
      "t" : 1756461795993,
      "tn" : 1756461795993312096,
      "q" : "100",
      "p" : "0.029242",
      "s" : "buy",
      "i" : "PENGUUSD-PERP",
      "m" : "4611686018429059253"
    }, {
      "d" : "1756461794445529940",
      "t" : 1756461794445,
      "tn" : 1756461794445529940,
      "q" : "100",
      "p" : "0.029244",
      "s" : "sell",
      "i" : "PENGUUSD-PERP",
      "m" : "4611686018429059252"
    }, {
      "d" : "1756461786703186454",
      "t" : 1756461786703,
      "tn" : 1756461786703186454,
      "q" : "100",
      "p" : "0.029248",
      "s" : "sell",
      "i" : "PENGUUSD-PERP",
      "m" : "4611686018429059251"
    }, {
      "d" : "1756461781705757828",
      "t" : 1756461781705,
      "tn" : 1756461781705757828,
      "q" : "100",
      "p" : "0.029254",
      "s" : "sell",
      "i" : "PENGUUSD-PERP",
      "m" : "4611686018429059250"
    }, {
      "d" : "1756461781512209440",
      "t" : 1756461781512,
      "tn" : 1756461781512209440,
      "q" : "100",
      "p" : "0.029241",
      "s" : "buy",
      "i" : "PENGUUSD-PERP",
      "m" : "4611686018429059249"
    }, {
      "d" : "1756461781162926548",
      "t" : 1756461781162,
      "tn" : 1756461781162926548,
      "q" : "100",
      "p" : "0.029236",
      "s" : "buy",
      "i" : "PENGUUSD-PERP",
      "m" : "4611686018429059248"
    }, {
      "d" : "1756461780883741657",
      "t" : 1756461780883,
      "tn" : 1756461780883741657,
      "q" : "100",
      "p" : "0.029239",
      "s" : "sell",
      "i" : "PENGUUSD-PERP",
      "m" : "4611686018429059247"
    }, {
      "d" : "1756461780678595637",
      "t" : 1756461780678,
      "tn" : 1756461780678595637,
      "q" : "100",
      "p" : "0.029240",
      "s" : "sell",
      "i" : "PENGUUSD-PERP",
      "m" : "4611686018429059246"
    }, {
      "d" : "1756461780342491402",
      "t" : 1756461780342,
      "tn" : 1756461780342491402,
      "q" : "100",
      "p" : "0.029250",
      "s" : "sell",
      "i" : "PENGUUSD-PERP",
      "m" : "4611686018429059245"
    } ]
  }
}