{
  "id" : -1,
  "method" : "public/get-trades",
  "code" : 0,
  "result" : {
    "data" : [ {
      "d" : "1756461935001670771",
      "t" : 1756461935001,
      "tn" : 1756461935001670771,
      "q" : "40",
      "p" : "0.029151",
      "s" : "sell",
      "i" : "PENGU_USDT",
      "m" : "4611686018427807661"
    }, {
      "d" : "1756460940449151490",
      "t" : 1756460940449,
      "tn" : 1756460940449151490,
      "q" : "40",
      "p" : "0.029233",
      "s" : "sell",
      "i" : "PENGU_USDT",
      "m" : "4611686018427807660"
    }, {
      "d" : "1756460838457656078",
      "t" : 1756460838457,
      "tn" : 1756460838457656078,
      "q" : "40",
      "p" : "0.029162",
      "s" : "sell",
      "i" : "PENGU_USDT",
      "m" : "4611686018427807659"
    }, {
      "d" : "1756460745789900529",
      "t" : 1756460745789,
      "tn" : 1756460745789900529,
      "q" : "40",
      "p" : "0.029078",
      "s" : "buy",
      "i" : "PENGU_USDT",
      "m" : "4611686018427807658"
    }, {
      "d" : "1756460461380256017",
      "t" : 1756460461380,
      "tn" : 1756460461380256017,
      "q" : "40",
      "p" : "0.029033",
      "s" : "sell",
      "i" : "PENGU_USDT",
      "m" : "4611686018427807657"
    }, {
      "d" : "1756460461021549680",
      "t" : 1756460461021,
      "tn" : 1756460461021549680,
      "q" : "40",
      "p" : "0.029036",
      "s" : "sell",
      "i" : "PENGU_USDT",
      "m" : "4611686018427807656"
    }, {
      "d" : "1756459589782031498",
      "t" : 1756459589782,
      "tn" : 1756459589782031498,
      "q" : "40",
      "p" : "0.029026",
      "s" : "buy",
      "i" : "PENGU_USDT",
      "m" : "4611686018427807655"
    }, {
      "d" : "1756459422527133151",
      "t" : 1756459422527,
      "tn" : 1756459422527133151,
      "q" : "40",
      "p" : "0.028961",
      "s" : "buy",
      "i" : "PENGU_USDT",
      "m" : "4611686018427807654"
    }, {
      "d" : "1756459211033280101",
      "t" : 1756459211033,
      "tn" : 1756459211033280101,
      "q" : "40",
      "p" : "0.029018",
      "s" : "buy",
      "i" : "PENGU_USDT",
      "m" : "4611686018427807653"
    }, {
      "d" : "1756459180392652580",
      "t" : 1756459180392,
      "tn" : 1756459180392652580,
      "q" : "40",
      "p" : "0.028952",
      "s" : "buy",
      "i" : "PENGU_USDT",
      "m" : "4611686018427807652"
    }, {
      "d" : "1756459159970153304",
      "t" : 1756459159970,
      "tn" : 1756459159970153304,
      "q" : "40",
      "p" : "0.028917",
      "s" : "buy",
      "i" : "PENGU_USDT",
      "m" : "4611686018427807651"
    }, {
      "d" : "1756459119537894617",
      "t" : 1756459119537,
      "tn" : 1756459119537894617,
      "q" : "40",
      "p" : "0.028904",
      "s" : "sell",
      "i" : "PENGU_USDT",
      "m" : "4611686018427807650"
    }, {
      "d" : "1756459110716922288",
      "t" : 1756459110716,
      "tn" : 1756459110716922288,
      "q" : "40",
      "p" : "0.028898",
      "s" : "sell",
      "i" : "PENGU_USDT",
      "m" : "4611686018427807649"
    }, {
      "d" : "1756458817456956020",
      "t" : 1756458817456,
      "tn" : 1756458817456956020,
      "q" : "40",
      "p" : "0.028874",
      "s" : "sell",
      "i" : "PENGU_USDT",
      "m" : "4611686018427807648"
    }, {
      "d" : "1756458730219554469",
      "t" : 1756458730219,
      "tn" : 1756458730219554469,
      "q" : "40",
      "p" : "0.028870",
      "s" : "buy",
      "i" : "PENGU_USDT",
      "m" : "4611686018427807647"
    }, {
      "d" : "1756458501528126171",
      "t" : 1756458501528,
      "tn" : 1756458501528126171,
      "q" : "40",
      "p" : "0.028712",
      "s" : "sell",
      "i" : "PENGU_USDT",
      "m" : "4611686018427807646"
    }, {
      "d" : "1756458403583618334",
      "t" : 1756458403583,
      "tn" : 1756458403583618334,
      "q" : "40",
      "p" : "0.028728",
      "s" : "buy",
      "i" : "PENGU_USDT",
      "m" : "4611686018427807645"
    }, {
      "d" : "1756458355119142487",
      "t" : 1756458355119,
      "tn" : 1756458355119142487,
      "q" : "40",
      "p" : "0.028746",
      "s" : "sell",
      "i" : "PENGU_USDT",
      "m" : "4611686018427807644"
    }, {
      "d" : "1756458308448281896",
      "t" : 1756458308448,
      "tn" : 1756458308448281896,
      "q" : "40",
      "p" : "0.028683",
      "s" : "buy",
      "i" : "PENGU_USDT",
      "m" : "4611686018427807643"
    }, {
      "d" : "1756458130648267730",
      "t" : 1756458130648,
      "tn" : 1756458130648267730,
      "q" : "40",
      "p" : "0.028710",
      "s" : "sell",
      "i" : "PENGU_USDT",
      "m" : "4611686018427807642"
    }, {
      "d" : "1756457910139325892",
      "t" : 1756457910139,
      "tn" : 1756457910139325892,
      "q" : "40",
      "p" : "0.028775",
      "s" : "sell",
      "i" : "PENGU_USDT",
      "m" : "4611686018427807641"
    }, {
      "d" : "1756457903676451104",
      "t" : 1756457903676,
      "tn" : 1756457903676451104,
      "q" : "40",
      "p" : "0.028783",
      "s" : "sell",
      "i" : "PENGU_USDT",
      "m" : "4611686018427807640"
    }, {
      "d" : "1756457903247386268",
      "t" : 1756457903247,
      "tn" : 1756457903247386268,
      "q" : "40",
      "p" : "0.028785",
      "s" : "sell",
      "i" : "PENGU_USDT",
      "m" : "4611686018427807639"
    }, {
      "d" : "1756457902355773926",
      "t" : 1756457902355,
      "tn" : 1756457902355773926,
      "q" : "40",
      "p" : "0.028785",
      "s" : "sell",
      "i" : "PENGU_USDT",
      "m" : "4611686018427807638"
    }, {
      "d" : "1756457896606217738",
      "t" : 1756457896606,
      "tn" : 1756457896606217738,
      "q" : "40",
      "p" : "0.028785",
      "s" : "sell",
      "i" : "PENGU_USDT",
      "m" : "4611686018427807637"
    }, {
      "d" : "1756457894306642793",
      "t" : 1756457894306,
      "tn" : 1756457894306642793,
      "q" : "40",
      "p" : "0.028777",
      "s" : "sell",
      "i" : "PENGU_USDT",
      "m" : "4611686018427807636"
    }, {
      "d" : "1756457891069771908",
      "t" : 1756457891069,
      "tn" : 1756457891069771908,
      "q" : "40",
      "p" : "0.028793",
      "s" : "sell",
      "i" : "PENGU_USDT",
      "m" : "4611686018427807635"
    }, {
      "d" : "1756457844747529953",
      "t" : 1756457844747,
      "tn" : 1756457844747529953,
      "q" : "40",
      "p" : "0.028790",
      "s" : "sell",
      "i" : "PENGU_USDT",
      "m" : "4611686018427807634"
    }, {
      "d" : "1756457774162767520",
      "t" : 1756457774162,
      "tn" : 1756457774162767520,
      "q" : "40",
      "p" : "0.028883",
      "s" : "sell",
      "i" : "PENGU_USDT",
      "m" : "4611686018427807633"
    }, {
      "d" : "1756457738758677796",
      "t" : 1756457738758,
      "tn" : 1756457738758677796,
      "q" : "40",
      "p" : "0.028830",
      "s" : "sell",
      "i" : "PENGU_USDT",
      "m" : "4611686018427807632"
    }, {
      "d" : "1756457738349136398",
      "t" : 1756457738349,
      "tn" : 1756457738349136398,
      "q" : "40",
      "p" : "0.028830",
      "s" : "sell",
      "i" : "PENGU_USDT",
      "m" : "4611686018427807631"
    }, {
      "d" : "1756457735984791435",
      "t" : 1756457735984,
      "tn" : 1756457735984791435,
      "q" : "40",
      "p" : "0.028830",
      "s" : "sell",
      "i" : "PENGU_USDT",
      "m" : "4611686018427807630"
    }, {
      "d" : "1756457733616327288",
      "t" : 1756457733616,
      "tn" : 1756457733616327288,
      "q" : "40",
      "p" : "0.028852",
      "s" : "sell",
      "i" : "PENGU_USDT",
      "m" : "4611686018427807629"
    }, {
      "d" : "1756457731354760042",
      "t" : 1756457731354,
      "tn" : 1756457731354760042,
      "q" : "40",
      "p" : "0.028854",
      "s" : "sell",
      "i" : "PENGU_USDT",
      "m" : "4611686018427807628"
    }, {
      "d" : "1756457668841330704",
      "t" : 1756457668841,
      "tn" : 1756457668841330704,
      "q" : "40",
      "p" : "0.028896",
      "s" : "sell",
      "i" : "PENGU_USDT",
      "m" : "4611686018427807627"
    }, {
      "d" : "1756457662779269483",
      "t" : 1756457662779,
      "tn" : 1756457662779269483,
      "q" : "5880",
      "p" : "0.028898",
      "s" : "sell",
      "i" : "PENGU_USDT",
      "m" : "4611686018427807626"
    }, {
      "d" : "1756457654778315241",
      "t" : 1756457654778,
      "tn" : 1756457654778315241,
      "q" : "40",
      "p" : "0.028907",
      "s" : "sell",
      "i" : "PENGU_USDT",
      "m" : "4611686018427807625"
    }, {
      "d" : "1756457581434228218",
      "t" : 1756457581434,
      "tn" : 1756457581434228218,
      "q" : "40",
      "p" : "0.028893",
      "s" : "sell",
      "i" : "PENGU_USDT",
      "m" : "4611686018427807624"
    }, {
      "d" : "1756457531928877343",
      "t" : 1756457531928,
      "tn" : 1756457531928877343,
      "q" : "40",
      "p" : "0.028923",
      "s" : "buy",
      "i" : "PENGU_USDT",
      "m" : "4611686018427807623"
    }, {
      "d" : "1756457492357241830",
      "t" : 1756457492357,
      "tn" : 1756457492357241830,
      "q" : "10190",
      "p" : "0.028934",
      "s" : "sell",
      "i" : "PENGU_USDT",
      "m" : "4611686018427807622"
    }, {
      "d" : "1756457315680432865",
      "t" : 1756457315680,
      "tn" : 1756457315680432865,
      "q" : "40",
      "p" : "0.028955",
      "s" : "buy",
      "i" : "PENGU_USDT",
      "m" : "4611686018427807621"
    }, {
      "d" : "1756457315373098648",
      "t" : 1756457315373,
      "tn" : 1756457315373098648,
      "q" : "40",
      "p" : "0.028943",
      "s" : "buy",
      "i" : "PENGU_USDT",
      "m" : "4611686018427807620"
    }, {
      "d" : "1756456935296173585",
      "t" : 1756456935296,
      "tn" : 1756456935296173585,
      "q" : "40",
      "p" : "0.028983",
      "s" : "sell",
      "i" : "PENGU_USDT",
      "m" : "4611686018427807619"
    }, {
      "d" : "1756456664643210521",
      "t" : 1756456664643,
      "tn" : 1756456664643210521,
      "q" : "100",
      "p" : "0.028939",
      "s" : "buy",
      "i" : "PENGU_USDT",
      "m" : "4611686018427807618"
    }, {
      "d" : "1756456659395401763",
      "t" : 1756456659395,
      "tn" : 1756456659395401763,
      "q" : "40",
      "p" : "0.028953",
      "s" : "sell",
      "i" : "PENGU_USDT",
      "m" : "4611686018427807617"
    }, {
      "d" : "1756456653001737464",
      "t" : 1756456653001,
      "tn" : 1756456653001737464,
      "q" : "40",
      "p" : "0.028973",
      "s" : "sell",
      "i" : "PENGU_USDT",
      "m" : "4611686018427807616"
    }, {
      "d" : "1756456649409204166",
      "t" : 1756456649409,
      "tn" : 1756456649409204166,
      "q" : "40",
      "p" : "0.028966",
      "s" : "sell",
      "i" : "PENGU_USDT",
      "m" : "4611686018427807615"
    }, {
      "d" : "1756456645655933713",
      "t" : 1756456645655,
      "tn" : 1756456645655933713,
      "q" : "40",
      "p" : "0.028976",
      "s" : "sell",
      "i" : "PENGU_USDT",
      "m" : "4611686018427807614"
    }, {
      "d" : "1756456645577330359",
      "t" : 1756456645577,
      "tn" : 1756456645577330359,
      "q" : "40",
      "p" : "0.028972",
      "s" : "sell",
      "i" : "PENGU_USDT",
      "m" : "4611686018427807613"
    }, {
      "d" : "1756456645565190545",
      "t" : 1756456645565,
      "tn" : 1756456645565190545,
      "q" : "40",
      "p" : "0.028972",
      "s" : "sell",
      "i" : "PENGU_USDT",
      "m" : "4611686018427807612"
    }, {
      "d" : "1756456632632557731",
      "t" : 1756456632632,
      "tn" : 1756456632632557731,
      "q" : "40",
      "p" : "0.029004",
      "s" : "sell",
      "i" : "PENGU_USDT",
      "m" : "4611686018427807611"
    }, {
      "d" : "1756456622475799448",
      "t" : 1756456622475,
      "tn" : 1756456622475799448,
      "q" : "40",
      "p" : "0.029004",
      "s" : "sell",
      "i" : "PENGU_USDT",
      "m" : "4611686018427807610"
    }, {
      "d" : "1756456400169486374",
      "t" : 1756456400169,
      "tn" : 1756456400169486374,
      "q" : "40",
      "p" : "0.029020",
      "s" : "sell",
      "i" : "PENGU_USDT",
      "m" : "4611686018427807609"
    }, {
      "d" : "1756456318845524564",
      "t" : 1756456318845,
      "tn" : 1756456318845524564,
      "q" : "40",
      "p" : "0.029048",
      "s" : "sell",
      "i" : "PENGU_USDT",
      "m" : "4611686018427807608"
    }, {
      "d" : "1756456278740061164",
      "t" : 1756456278740,
      "tn" : 1756456278740061164,
      "q" : "40",
      "p" : "0.029005",
      "s" : "sell",
      "i" : "PENGU_USDT",
      "m" : "4611686018427807607"
    }, {
      "d" : "1756456216320849410",
      "t" : 1756456216320,
      "tn" : 1756456216320849410,
      "q" : "40",
      "p" : "0.028979",
      "s" : "buy",
      "i" : "PENGU_USDT",
      "m" : "4611686018427807606"
    }, {
      "d" : "1756456184469532570",
      "t" : 1756456184469,
      "tn" : 1756456184469532570,
      "q" : "40",
      "p" : "0.029018",
      "s" : "sell",
      "i" : "PENGU_USDT",
      "m" : "4611686018427807605"
    }, {
      "d" : "1756455994932775991",
      "t" : 1756455994932,
      "tn" : 1756455994932775991,
      "q" : "40",
      "p" : "0.029079",
      "s" : "buy",
      "i" : "PENGU_USDT",
      "m" : "4611686018427807604"
    }, {
      "d" : "1756455993887315572",
      "t" : 1756455993887,
      "tn" : 1756455993887315572,
      "q" : "40",
      "p" : "0.029069",
      "s" : "buy",
      "i" : "PENGU_USDT",
      "m" : "4611686018427807603"
    }, {
      "d" : "1756455909037042435",
      "t" : 1756455909037,
      "tn" : 1756455909037042435,
      "q" : "40",
      "p" : "0.028968",
      "s" : "buy",
      "i" : "PENGU_USDT",
      "m" : "4611686018427807602"
    }, {
      "d" : "1756455822567112417",
      "t" : 1756455822567,
      "tn" : 1756455822567112417,
      "q" : "40",
      "p" : "0.029020",
      "s" : "sell",
      "i" : "PENGU_USDT",
      "m" : "4611686018427807601"
    }, {
      "d" : "1756454985747320382",
      "t" : 1756454985747,
      "tn" : 1756454985747320382,
      "q" : "40",
      "p" : "0.029196",
      "s" : "sell",
      "i" : "PENGU_USDT",
      "m" : "4611686018427807600"
    }, {
      "d" : "1756454868025976154",
      "t" : 1756454868025,
      "tn" : 1756454868025976154,
      "q" : "70",
      "p" : "0.029257",
      "s" : "buy",
      "i" : "PENGU_USDT",
      "m" : "4611686018427807599"
    }, {
      "d" : "1756454847554818829",
      "t" : 1756454847554,
      "tn" : 1756454847554818829,
      "q" : "70",
      "p" : "0.029288",
      "s" : "buy",
      "i" : "PENGU_USDT",
      "m" : "4611686018427807598"
    }, {
      "d" : "1756454829528484453",
      "t" : 1756454829528,
      "tn" : 1756454829528484453,
      "q" : "40",
      "p" : "0.029292",
      "s" : "buy",
      "i" : "PENGU_USDT",
      "m" : "4611686018427807597"
    }, {
      "d" : "1756454604949068383",
      "t" : 1756454604949,
      "tn" : 1756454604949068383,
      "q" : "40",
      "p" : "0.029272",
      "s" : "buy",
      "i" : "PENGU_USDT",
      "m" : "4611686018427807596"
    }, {
      "d" : "1756454587743559389",
      "t" : 1756454587743,
      "tn" : 1756454587743559389,
      "q" : "180",
      "p" : "0.029281",
      "s" : "sell",
      "i" : "PENGU_USDT",
      "m" : "4611686018427807595"
    }, {
      "d" : "1756454461150478976",
      "t" : 1756454461150,
      "tn" : 1756454461150478976,
      "q" : "40",
      "p" : "0.029252",
      "s" : "buy",
      "i" : "PENGU_USDT",
      "m" : "4611686018427807594"
    }, {
      "d" : "1756454370028942180",
      "t" : 1756454370028,
      "tn" : 1756454370028942180,
      "q" : "40",
      "p" : "0.029122",
      "s" : "sell",
      "i" : "PENGU_USDT",
      "m" : "4611686018427807593"
    }, {
      "d" : "1756454336844775681",
      "t" : 1756454336844,
      "tn" : 1756454336844775681,
      "q" : "40",
      "p" : "0.029103",
      "s" : "sell",
      "i" : "PENGU_USDT",
      "m" : "4611686018427807592"
    }, {
      "d" : "1756454238457383139",
      "t" : 1756454238457,
      "tn" : 1756454238457383139,
      "q" : "40",
      "p" : "0.029133",
      "s" : "sell",
      "i" : "PENGU_USDT",
      "m" : "4611686018427807591"
    }, {
      "d" : "1756454164106875159",
      "t" : 1756454164106,
      "tn" : 1756454164106875159,
      "q" : "40",
      "p" : "0.029171",
      "s" : "sell",
      "i" : "PENGU_USDT",
      "m" : "4611686018427807590"
    }, {
      "d" : "1756454141002331473",
      "t" : 1756454141002,
      "tn" : 1756454141002331473,
      "q" : "40",
      "p" : "0.029193",
      "s" : "sell",
      "i" : "PENGU_USDT",
      "m" : "4611686018427807589"
    }, {
      "d" : "1756453940067078211",
      "t" : 1756453940067,
      "tn" : 1756453940067078211,
      "q" : "40",
      "p" : "0.029276",
      "s" : "sell",
      "i" : "PENGU_USDT",
      "m" : "4611686018427807588"
    }, {
      "d" : "1756453898554268997",
      "t" : 1756453898554,
      "tn" : 1756453898554268997,
      "q" : "40",
      "p" : "0.029322",
      "s" : "buy",
      "i" : "PENGU_USDT",
      "m" : "4611686018427807587"
    }, {
      "d" : "1756453898467562404",
      "t" : 1756453898467,
      "tn" : 1756453898467562404,
      "q" : "40",
      "p" : "0.029306",
      "s" : "buy",
      "i" : "PENGU_USDT",
      "m" : "4611686018427807586"
    }, {
      "d" : "1756453017103850668",
      "t" : 1756453017103,
      "tn" : 1756453017103850668,
      "q" : "40",
      "p" : "0.029214",
      "s" : "sell",
      "i" : "PENGU_USDT",
      "m" : "4611686018427807585"
    }, {
      "d" : "1756452940354125375",
      "t" : 1756452940354,
      "tn" : 1756452940354125375,
      "q" : "150",
      "p" : "0.029199",
      "s" : "sell",
      "i" : "PENGU_USDT",
      "m" : "4611686018427807584"
    }, {
      "d" : "1756452940354123559",
      "t" : 1756452940354,
      "tn" : 1756452940354123559,
      "q" : "40",
      "p" : "0.029219",
      "s" : "sell",
      "i" : "PENGU_USDT",
      "m" : "4611686018427807583"
    }, {
      "d" : "1756452905715088233",
      "t" : 1756452905715,
      "tn" : 1756452905715088233,
      "q" : "40",
      "p" : "0.029243",
      "s" : "buy",
      "i" : "PENGU_USDT",
      "m" : "4611686018427807582"
    }, {
      "d" : "1756452739533640681",
      "t" : 1756452739533,
      "tn" : 1756452739533640681,
      "q" : "40",
      "p" : "0.029280",
      "s" : "sell",
      "i" : "PENGU_USDT",
      "m" : "4611686018427807581"
    }, {
      "d" : "1756452615497155814",
      "t" : 1756452615497,
      "tn" : 1756452615497155814,
      "q" : "40",
      "p" : "0.029164",
      "s" : "sell",
      "i" : "PENGU_USDT",
      "m" : "4611686018427807580"
    }, {
      "d" : "1756452585011862481",
      "t" : 1756452585011,
      "tn" : 1756452585011862481,
      "q" : "150",
      "p" : "0.029133",
      "s" : "sell",
      "i" : "PENGU_USDT",
      "m" : "4611686018427807579"
    }, {
      "d" : "1756452585011860669",
      "t" : 1756452585011,
      "tn" : 1756452585011860669,
      "q" : "40",
      "p" : "0.029147",
      "s" : "sell",
      "i" : "PENGU_USDT",
      "m" : "4611686018427807578"
    }, {
      "d" : "1756452426380392431",
      "t" : 1756452426380,
      "tn" : 1756452426380392431,
      "q" : "40",
      "p" : "0.029106",
      "s" : "buy",
      "i" : "PENGU_USDT",
      "m" : "4611686018427807577"
    }, {
      "d" : "1756452278829658196",
      "t" : 1756452278829,
      "tn" : 1756452278829658196,
      "q" : "40",
      "p" : "0.029156",
      "s" : "sell",
      "i" : "PENGU_USDT",
      "m" : "4611686018427807576"
    }, {
      "d" : "1756452277168880310",
      "t" : 1756452277168,
      "tn" : 1756452277168880310,
      "q" : "40",
      "p" : "0.029167",
      "s" : "sell",
      "i" : "PENGU_USDT",
      "m" : "4611686018427807575"
    }, {
      "d" : "1756452275246350134",
      "t" : 1756452275246,
      "tn" : 1756452275246350134,
      "q" : "40",
      "p" : "0.029150",
      "s" : "sell",
      "i" : "PENGU_USDT",
      "m" : "4611686018427807574"
    }, {
      "d" : "1756452138039359134",
      "t" : 1756452138039,
      "tn" : 1756452138039359134,
      "q" : "230",
      "p" : "0.029124",
      "s" : "sell",
      "i" : "PENGU_USDT",
      "m" : "4611686018427807573"
    }, {
      "d" : "1756452040185987457",
      "t" : 1756452040185,
      "tn" : 1756452040185987457,
      "q" : "40",
      "p" : "0.029275",
      "s" : "buy",
      "i" : "PENGU_USDT",
      "m" : "4611686018427807572"
    }, {
      "d" : "1756451908560256229",
      "t" : 1756451908560,
      "tn" : 1756451908560256229,
      "q" : "40",
      "p" : "0.029299",
      "s" : "buy",
      "i" : "PENGU_USDT",
      "m" : "4611686018427807571"
    }, {
      "d" : "1756451717694136291",
      "t" : 1756451717694,
      "tn" : 1756451717694136291,
      "q" : "40",
      "p" : "0.029231",
      "s" : "buy",
      "i" : "PENGU_USDT",
      "m" : "4611686018427807570"
    }, {
      "d" : "1756451621360922769",
      "t" : 1756451621360,
      "tn" : 1756451621360922769,
      "q" : "40",
      "p" : "0.029320",
      "s" : "sell",
      "i" : "PENGU_USDT",
      "m" : "4611686018427807569"
    }, {
      "d" : "1756451600004532958",
      "t" : 1756451600004,
      "tn" : 1756451600004532958,
      "q" : "40",
      "p" : "0.029338",
      "s" : "sell",
      "i" : "PENGU_USDT",
      "m" : "4611686018427807568"
    }, {
      "d" : "1756451558921190008",
      "t" : 1756451558921,
      "tn" : 1756451558921190008,
      "q" : "150",
      "p" : "0.029249",
      "s" : "sell",
      "i" : "PENGU_USDT",
      "m" : "4611686018427807567"
    }, {
      "d" : "1756451558921188522",
      "t" : 1756451558921,
      "tn" : 1756451558921188522,
      "q" : "40",
      "p" : "0.029366",
      "s" : "sell",
      "i" : "PENGU_USDT",
      "m" : "4611686018427807566"
    }, {
      "d" : "1756451558917710540",
      "t" : 1756451558917,
      "tn" : 1756451558917710540,
      "q" : "40",
      "p" : "0.029370",
      "s" : "sell",
      "i" : "PENGU_USDT",
      "m" : "4611686018427807565"
    }, {
      "d" : "1756451553460573062",
      "t" : 1756451553460,
      "tn" : 1756451553460573062,
      "q" : "160",
      "p" : "0.029352",
      "s" : "sell",
      "i" : "PENGU_USDT",
      "m" : "4611686018427807564"
    }, {
      "d" : "1756451553460571265",
      "t" : 1756451553460,
      "tn" : 1756451553460571265,
      "q" : "40",
      "p" : "0.029374",
      "s" : "sell",
      "i" : "PENGU_USDT",
      "m" : "4611686018427807563"
    }, {
      "d" : "1756451505013201401",
      "t" : 1756451505013,
      "tn" : 1756451505013201401,
      "q" : "200",
      "p" : "0.029371",
      "s" : "sell",
      "i" : "PENGU_USDT",
      "m" : "4611686018427807562"
    }, {
      "d" : "1756451405527047955",
      "t" : 1756451405527,
      "tn" : 1756451405527047955,
      "q" : "40",
      "p" : "0.029439",
      "s" : "sell",
      "i" : "PENGU_USDT",
      "m" : "4611686018427807561"
    }, {
      "d" : "1756451346955154765",
      "t" : 1756451346955,
      "tn" : 1756451346955154765,
      "q" : "150",
      "p" : "0.029398",
      "s" : "sell",
      "i" : "PENGU_USDT",
      "m" : "4611686018427807560"
    }, {
      "d" : "1756451346955152765",
      "t" : 1756451346955,
      "tn" : 1756451346955152765,
      "q" : "40",
      "p" : "0.029415",
      "s" : "sell",
      "i" : "PENGU_USDT",
      "m" : "4611686018427807559"
    }, {
      "d" : "1756451312419173095",
      "t" : 1756451312419,
      "tn" : 1756451312419173095,
      "q" : "160",
      "p" : "0.029336",
      "s" : "sell",
      "i" : "PENGU_USDT",
      "m" : "4611686018427807558"
    }, {
      "d" : "1756451312419171655",
      "t" : 1756451312419,
      "tn" : 1756451312419171655,
      "q" : "40",
      "p" : "0.029372",
      "s" : "sell",
      "i" : "PENGU_USDT",
      "m" : "4611686018427807557"
    }, {
      "d" : "1756451312001047658",
      "t" : 1756451312001,
      "tn" : 1756451312001047658,
      "q" : "200",
      "p" : "0.029336",
      "s" : "sell",
      "i" : "PENGU_USDT",
      "m" : "4611686018427807556"
    }, {
      "d" : "1756451311151151051",
      "t" : 1756451311151,
      "tn" : 1756451311151151051,
      "q" : "160",
      "p" : "0.029336",
      "s" : "sell",
      "i" : "PENGU_USDT",
      "m" : "4611686018427807555"
    }, {
      "d" : "1756451311151149379",
      "t" : 1756451311151,
      "tn" : 1756451311151149379,
      "q" : "40",
      "p" : "0.029372",
      "s" : "sell",
      "i" : "PENGU_USDT",
      "m" : "4611686018427807554"
    }, {
      "d" : "1756451299262808080",
      "t" : 1756451299262,
      "tn" : 1756451299262808080,
      "q" : "190",
      "p" : "0.029386",
      "s" : "sell",
      "i" : "PENGU_USDT",
      "m" : "4611686018427807553"
    }, {
      "d" : "1756451297853001616",
      "t" : 1756451297853,
      "tn" : 1756451297853001616,
      "q" : "40",
      "p" : "0.029385",
      "s" : "buy",
      "i" : "PENGU_USDT",
      "m" : "4611686018427807552"
    }, {
      "d" : "1756451292877523257",
      "t" : 1756451292877,
      "tn" : 1756451292877523257,
      "q" : "320",
      "p" : "0.029285",
      "s" : "sell",
      "i" : "PENGU_USDT",
      "m" : "4611686018427807551"
    }, {
      "d" : "1756451292877521664",
      "t" : 1756451292877,
      "tn" : 1756451292877521664,
      "q" : "40",
      "p" : "0.029387",
      "s" : "sell",
      "i" : "PENGU_USDT",
      "m" : "4611686018427807550"
    }, {
      "d" : "1756451292877519342",
      "t" : 1756451292877,
      "tn" : 1756451292877519342,
      "q" : "10",
      "p" : "0.029437",
      "s" : "sell",
      "i" : "PENGU_USDT",
      "m" : "4611686018427807549"
    }, {
      "d" : "1756451288525960225",
      "t" : 1756451288525,
      "tn" : 1756451288525960225,
      "q" : "40",
      "p" : "0.029437",
      "s" : "sell",
      "i" : "PENGU_USDT",
      "m" : "4611686018427807548"
    }, {
      "d" : "1756451288424416415",
      "t" : 1756451288424,
      "tn" : 1756451288424416415,
      "q" : "40",
      "p" : "0.029437",
      "s" : "sell",
      "i" : "PENGU_USDT",
      "m" : "4611686018427807547"
    }, {
      "d" : "1756451288404416805",
      "t" : 1756451288404,
      "tn" : 1756451288404416805,
      "q" : "40",
      "p" : "0.029437",
      "s" : "sell",
      "i" : "PENGU_USDT",
      "m" : "4611686018427807546"
    }, {
      "d" : "1756451288304343391",
      "t" : 1756451288304,
      "tn" : 1756451288304343391,
      "q" : "40",
      "p" : "0.029437",
      "s" : "sell",
      "i" : "PENGU_USDT",
      "m" : "4611686018427807545"
    }, {
      "d" : "1756451288204209773",
      "t" : 1756451288204,
      "tn" : 1756451288204209773,
      "q" : "40",
      "p" : "0.029437",
      "s" : "sell",
      "i" : "PENGU_USDT",
      "m" : "4611686018427807544"
    }, {
      "d" : "1756451288104828186",
      "t" : 1756451288104,
      "tn" : 1756451288104828186,
      "q" : "40",
      "p" : "0.029437",
      "s" : "sell",
      "i" : "PENGU_USDT",
      "m" : "4611686018427807543"
    }, {
      "d" : "1756451288086805803",
      "t" : 1756451288086,
      "tn" : 1756451288086805803,
      "q" : "1680",
      "p" : "0.029437",
      "s" : "sell",
      "i" : "PENGU_USDT",
      "m" : "4611686018427807542"
    }, {
      "d" : "1756451288007890017",
      "t" : 1756451288007,
      "tn" : 1756451288007890017,
      "q" : "1680",
      "p" : "0.029437",
      "s" : "sell",
      "i" : "PENGU_USDT",
      "m" : "4611686018427807541"
    }, {
      "d" : "1756451288004101209",
      "t" : 1756451288004,
      "tn" : 1756451288004101209,
      "q" : "40",
      "p" : "0.029437",
      "s" : "sell",
      "i" : "PENGU_USDT",
      "m" : "4611686018427807540"
    }, {
      "d" : "1756451287969050595",
      "t" : 1756451287969,
      "tn" : 1756451287969050595,
      "q" : "40",
      "p" : "0.029437",
      "s" : "sell",
      "i" : "PENGU_USDT",
      "m" : "4611686018427807539"
    }, {
      "d" : "1756451287929300607",
      "t" : 1756451287929,
      "tn" : 1756451287929300607,
      "q" : "40",
      "p" : "0.029437",
      "s" : "sell",
      "i" : "PENGU_USDT",
      "m" : "4611686018427807538"
    }, {
      "d" : "1756451287888355403",
      "t" : 1756451287888,
      "tn" : 1756451287888355403,
      "q" : "120",
      "p" : "0.029437",
      "s" : "sell",
      "i" : "PENGU_USDT",
      "m" : "4611686018427807537"
    }, {
      "d" : "1756451284012468559",
      "t" : 1756451284012,
      "tn" : 1756451284012468559,
      "q" : "70",
      "p" : "0.029437",
      "s" : "sell",
      "i" : "PENGU_USDT",
      "m" : "4611686018427807536"
    }, {
      "d" : "1756451283934857866",
      "t" : 1756451283934,
      "tn" : 1756451283934857866,
      "q" : "70",
      "p" : "0.029437",
      "s" : "sell",
      "i" : "PENGU_USDT",
      "m" : "4611686018427807535"
    }, {
      "d" : "1756451283200467033",
      "t" : 1756451283200,
      "tn" : 1756451283200467033,
      "q" : "40",
      "p" : "0.029436",
      "s" : "buy",
      "i" : "PENGU_USDT",
      "m" : "4611686018427807534"
    }, {
      "d" : "1756451264174116671",
      "t" : 1756451264174,
      "tn" : 1756451264174116671,
      "q" : "160",
      "p" : "0.029443",
      "s" : "sell",
      "i" : "PENGU_USDT",
      "m" : "4611686018427807533"
    }, {
      "d" : "1756451264174114896",
      "t" : 1756451264174,
      "tn" : 1756451264174114896,
      "q" : "40",
      "p" : "0.029470",
      "s" : "sell",
      "i" : "PENGU_USDT",
      "m" : "4611686018427807532"
    }, {
      "d" : "1756451260209577774",
      "t" : 1756451260209,
      "tn" : 1756451260209577774,
      "q" : "150",
      "p" : "0.029443",
      "s" : "sell",
      "i" : "PENGU_USDT",
      "m" : "4611686018427807531"
    }, {
      "d" : "1756451260209575918",
      "t" : 1756451260209,
      "tn" : 1756451260209575918,
      "q" : "40",
      "p" : "0.029462",
      "s" : "sell",
      "i" : "PENGU_USDT",
      "m" : "4611686018427807530"
    }, {
      "d" : "1756451233195072039",
      "t" : 1756451233195,
      "tn" : 1756451233195072039,
      "q" : "40",
      "p" : "0.029497",
      "s" : "sell",
      "i" : "PENGU_USDT",
      "m" : "4611686018427807529"
    }, {
      "d" : "1756451208154179979",
      "t" : 1756451208154,
      "tn" : 1756451208154179979,
      "q" : "160",
      "p" : "0.029493",
      "s" : "sell",
      "i" : "PENGU_USDT",
      "m" : "4611686018427807528"
    }, {
      "d" : "1756451208154178001",
      "t" : 1756451208154,
      "tn" : 1756451208154178001,
      "q" : "40",
      "p" : "0.029519",
      "s" : "sell",
      "i" : "PENGU_USDT",
      "m" : "4611686018427807527"
    }, {
      "d" : "1756451206269909779",
      "t" : 1756451206269,
      "tn" : 1756451206269909779,
      "q" : "190",
      "p" : "0.029493",
      "s" : "sell",
      "i" : "PENGU_USDT",
      "m" : "4611686018427807526"
    }, {
      "d" : "1756451205229370616",
      "t" : 1756451205229,
      "tn" : 1756451205229370616,
      "q" : "160",
      "p" : "0.029507",
      "s" : "sell",
      "i" : "PENGU_USDT",
      "m" : "4611686018427807525"
    }, {
      "d" : "1756451205229368720",
      "t" : 1756451205229,
      "tn" : 1756451205229368720,
      "q" : "40",
      "p" : "0.029528",
      "s" : "sell",
      "i" : "PENGU_USDT",
      "m" : "4611686018427807524"
    }, {
      "d" : "1756451158564491909",
      "t" : 1756451158564,
      "tn" : 1756451158564491909,
      "q" : "40",
      "p" : "0.029501",
      "s" : "sell",
      "i" : "PENGU_USDT",
      "m" : "4611686018427807523"
    }, {
      "d" : "1756451110391433775",
      "t" : 1756451110391,
      "tn" : 1756451110391433775,
      "q" : "40",
      "p" : "0.029577",
      "s" : "buy",
      "i" : "PENGU_USDT",
      "m" : "4611686018427807522"
    }, {
      "d" : "1756451023899211222",
      "t" : 1756451023899,
      "tn" : 1756451023899211222,
      "q" : "40",
      "p" : "0.029535",
      "s" : "buy",
      "i" : "PENGU_USDT",
      "m" : "4611686018427807521"
    }, {
      "d" : "1756451011533391866",
      "t" : 1756451011533,
      "tn" : 1756451011533391866,
      "q" : "40",
      "p" : "0.029473",
      "s" : "buy",
      "i" : "PENGU_USDT",
      "m" : "4611686018427807520"
    }, {
      "d" : "1756451011109518438",
      "t" : 1756451011109,
      "tn" : 1756451011109518438,
      "q" : "40",
      "p" : "0.029469",
      "s" : "sell",
      "i" : "PENGU_USDT",
      "m" : "4611686018427807519"
    }, {
      "d" : "1756451010903728002",
      "t" : 1756451010903,
      "tn" : 1756451010903728002,
      "q" : "40",
      "p" : "0.029482",
      "s" : "sell",
      "i" : "PENGU_USDT",
      "m" : "4611686018427807518"
    }, {
      "d" : "1756450951055429852",
      "t" : 1756450951055,
      "tn" : 1756450951055429852,
      "q" : "40",
      "p" : "0.029492",
      "s" : "sell",
      "i" : "PENGU_USDT",
      "m" : "4611686018427807517"
    }, {
      "d" : "1756450950898892631",
      "t" : 1756450950898,
      "tn" : 1756450950898892631,
      "q" : "40",
      "p" : "0.029494",
      "s" : "sell",
      "i" : "PENGU_USDT",
      "m" : "4611686018427807516"
    }, {
      "d" : "1756450947998830567",
      "t" : 1756450947998,
      "tn" : 1756450947998830567,
      "q" : "40",
      "p" : "0.029472",
      "s" : "sell",
      "i" : "PENGU_USDT",
      "m" : "4611686018427807515"
    }, {
      "d" : "1756450922659162681",
      "t" : 1756450922659,
      "tn" : 1756450922659162681,
      "q" : "40",
      "p" : "0.029658",
      "s" : "sell",
      "i" : "PENGU_USDT",
      "m" : "4611686018427807514"
    }, {
      "d" : "1756450922540614270",
      "t" : 1756450922540,
      "tn" : 1756450922540614270,
      "q" : "40",
      "p" : "0.029639",
      "s" : "buy",
      "i" : "PENGU_USDT",
      "m" : "4611686018427807513"
    }, {
      "d" : "1756450894027536720",
      "t" : 1756450894027,
      "tn" : 1756450894027536720,
      "q" : "40",
      "p" : "0.029686",
      "s" : "sell",
      "i" : "PENGU_USDT",
      "m" : "4611686018427807512"
    } ]
  }
}