{
  "id" : -1,
  "method" : "public/get-trades",
  "code" : 0,
  "result" : {
    "data" : [ {
      "d" : "1756462048225090242",
      "t" : 1756462048225,
      "tn" : 1756462048225090242,
      "q" : "200",
      "p" : "0.029210",
      "s" : "sell",
      "i" : "PENGU_USD",
      "m" : "4611686018428294317"
    }, {
      "d" : "1756462048225087753",
      "t" : 1756462048225,
      "tn" : 1756462048225087753,
      "q" : "40",
      "p" : "0.029243",
      "s" : "sell",
      "i" : "PENGU_USD",
      "m" : "4611686018428294316"
    }, {
      "d" : "1756462038456616974",
      "t" : 1756462038456,
      "tn" : 1756462038456616974,
      "q" : "200",
      "p" : "0.029189",
      "s" : "sell",
      "i" : "PENGU_USD",
      "m" : "4611686018428294315"
    }, {
      "d" : "1756462038456614977",
      "t" : 1756462038456,
      "tn" : 1756462038456614977,
      "q" : "40",
      "p" : "0.029234",
      "s" : "sell",
      "i" : "PENGU_USD",
      "m" : "4611686018428294314"
    }, {
      "d" : "1756462032169287294",
      "t" : 1756462032169,
      "tn" : 1756462032169287294,
      "q" : "230",
      "p" : "0.029188",
      "s" : "sell",
      "i" : "PENGU_USD",
      "m" : "4611686018428294313"
    }, {
      "d" : "1756462004225895840",
      "t" : 1756462004225,
      "tn" : 1756462004225895840,
      "q" : "190",
      "p" : "0.029228",
      "s" : "buy",
      "i" : "PENGU_USD",
      "m" : "4611686018428294312"
    }, {
      "d" : "1756462004225894057",
      "t" : 1756462004225,
      "tn" : 1756462004225894057,
      "q" : "40",
      "p" : "0.029215",
      "s" : "buy",
      "i" : "PENGU_USD",
      "m" : "4611686018428294311"
    }, {
      "d" : "1756462002034586781",
      "t" : 1756462002034,
      "tn" : 1756462002034586781,
      "q" : "200",
      "p" : "0.029145",
      "s" : "sell",
      "i" : "PENGU_USD",
      "m" : "4611686018428294310"
    }, {
      "d" : "1756462002034584774",
      "t" : 1756462002034,
      "tn" : 1756462002034584774,
      "q" : "40",
      "p" : "0.029199",
      "s" : "sell",
      "i" : "PENGU_USD",
      "m" : "4611686018428294309"
    }, {
      "d" : "1756461991339577822",
      "t" : 1756461991339,
      "tn" : 1756461991339577822,
      "q" : "200",
      "p" : "0.029153",
      "s" : "sell",
      "i" : "PENGU_USD",
      "m" : "4611686018428294308"
    }, {
      "d" : "1756461991339575255",
      "t" : 1756461991339,
      "tn" : 1756461991339575255,
      "q" : "40",
      "p" : "0.029188",
      "s" : "sell",
      "i" : "PENGU_USD",
      "m" : "4611686018428294307"
    }, {
      "d" : "1756461983950765234",
      "t" : 1756461983950,
      "tn" : 1756461983950765234,
      "q" : "200",
      "p" : "0.029141",
      "s" : "sell",
      "i" : "PENGU_USD",
      "m" : "4611686018428294306"
    }, {
      "d" : "1756461983950763381",
      "t" : 1756461983950,
      "tn" : 1756461983950763381,
      "q" : "40",
      "p" : "0.029178",
      "s" : "sell",
      "i" : "PENGU_USD",
      "m" : "4611686018428294305"
    }, {
      "d" : "1756461960159706043",
      "t" : 1756461960159,
      "tn" : 1756461960159706043,
      "q" : "200",
      "p" : "0.029127",
      "s" : "sell",
      "i" : "PENGU_USD",
      "m" : "4611686018428294304"
    }, {
      "d" : "1756461960159703694",
      "t" : 1756461960159,
      "tn" : 1756461960159703694,
      "q" : "40",
      "p" : "0.029156",
      "s" : "sell",
      "i" : "PENGU_USD",
      "m" : "4611686018428294303"
    }, {
      "d" : "1756461935000890178",
      "t" : 1756461935000,
      "tn" : 1756461935000890178,
      "q" : "40",
      "p" : "0.029155",
      "s" : "sell",
      "i" : "PENGU_USD",
      "m" : "4611686018428294302"
    }, {
      "d" : "1756461904159678966",
      "t" : 1756461904159,
      "tn" : 1756461904159678966,
      "q" : "240",
      "p" : "0.029127",
      "s" : "sell",
      "i" : "PENGU_USD",
      "m" : "4611686018428294301"
    }, {
      "d" : "1756461890199916944",
      "t" : 1756461890199,
      "tn" : 1756461890199916944,
      "q" : "200",
      "p" : "0.029109",
      "s" : "sell",
      "i" : "PENGU_USD",
      "m" : "4611686018428294300"
    }, {
      "d" : "1756461890199914972",
      "t" : 1756461890199,
      "tn" : 1756461890199914972,
      "q" : "40",
      "p" : "0.029164",
      "s" : "sell",
      "i" : "PENGU_USD",
      "m" : "4611686018428294299"
    }, {
      "d" : "1756461864074657363",
      "t" : 1756461864074,
      "tn" : 1756461864074657363,
      "q" : "240",
      "p" : "0.029116",
      "s" : "sell",
      "i" : "PENGU_USD",
      "m" : "4611686018428294298"
    }, {
      "d" : "1756461862942550640",
      "t" : 1756461862942,
      "tn" : 1756461862942550640,
      "q" : "240",
      "p" : "0.029117",
      "s" : "sell",
      "i" : "PENGU_USD",
      "m" : "4611686018428294297"
    }, {
      "d" : "1756461858027651208",
      "t" : 1756461858027,
      "tn" : 1756461858027651208,
      "q" : "240",
      "p" : "0.029127",
      "s" : "sell",
      "i" : "PENGU_USD",
      "m" : "4611686018428294296"
    }, {
      "d" : "1756461814291333682",
      "t" : 1756461814291,
      "tn" : 1756461814291333682,
      "q" : "230",
      "p" : "0.029146",
      "s" : "sell",
      "i" : "PENGU_USD",
      "m" : "4611686018428294295"
    }, {
      "d" : "1756461781622738456",
      "t" : 1756461781622,
      "tn" : 1756461781622738456,
      "q" : "230",
      "p" : "0.029239",
      "s" : "buy",
      "i" : "PENGU_USD",
      "m" : "4611686018428294294"
    }, {
      "d" : "1756461678346860687",
      "t" : 1756461678346,
      "tn" : 1756461678346860687,
      "q" : "200",
      "p" : "0.029150",
      "s" : "sell",
      "i" : "PENGU_USD",
      "m" : "4611686018428294293"
    }, {
      "d" : "1756461678346858340",
      "t" : 1756461678346,
      "tn" : 1756461678346858340,
      "q" : "40",
      "p" : "0.029181",
      "s" : "sell",
      "i" : "PENGU_USD",
      "m" : "4611686018428294292"
    }, {
      "d" : "1756461619089755274",
      "t" : 1756461619089,
      "tn" : 1756461619089755274,
      "q" : "200",
      "p" : "0.029113",
      "s" : "sell",
      "i" : "PENGU_USD",
      "m" : "4611686018428294291"
    }, {
      "d" : "1756461619089752998",
      "t" : 1756461619089,
      "tn" : 1756461619089752998,
      "q" : "40",
      "p" : "0.029144",
      "s" : "sell",
      "i" : "PENGU_USD",
      "m" : "4611686018428294290"
    }, {
      "d" : "1756461604333955272",
      "t" : 1756461604333,
      "tn" : 1756461604333955272,
      "q" : "200",
      "p" : "0.029105",
      "s" : "sell",
      "i" : "PENGU_USD",
      "m" : "4611686018428294289"
    }, {
      "d" : "1756461604333953150",
      "t" : 1756461604333,
      "tn" : 1756461604333953150,
      "q" : "40",
      "p" : "0.029134",
      "s" : "sell",
      "i" : "PENGU_USD",
      "m" : "4611686018428294288"
    }, {
      "d" : "1756461601368158572",
      "t" : 1756461601368,
      "tn" : 1756461601368158572,
      "q" : "240",
      "p" : "0.029115",
      "s" : "sell",
      "i" : "PENGU_USD",
      "m" : "4611686018428294287"
    }, {
      "d" : "1756461600066600779",
      "t" : 1756461600066,
      "tn" : 1756461600066600779,
      "q" : "240",
      "p" : "0.029115",
      "s" : "sell",
      "i" : "PENGU_USD",
      "m" : "4611686018428294286"
    }, {
      "d" : "1756461594447105546",
      "t" : 1756461594447,
      "tn" : 1756461594447105546,
      "q" : "240",
      "p" : "0.029115",
      "s" : "sell",
      "i" : "PENGU_USD",
      "m" : "4611686018428294285"
    }, {
      "d" : "1756461593507850109",
      "t" : 1756461593507,
      "tn" : 1756461593507850109,
      "q" : "240",
      "p" : "0.029127",
      "s" : "sell",
      "i" : "PENGU_USD",
      "m" : "4611686018428294284"
    }, {
      "d" : "1756461586272428960",
      "t" : 1756461586272,
      "tn" : 1756461586272428960,
      "q" : "240",
      "p" : "0.029136",
      "s" : "sell",
      "i" : "PENGU_USD",
      "m" : "4611686018428294283"
    }, {
      "d" : "1756461581991521157",
      "t" : 1756461581991,
      "tn" : 1756461581991521157,
      "q" : "240",
      "p" : "0.029136",
      "s" : "sell",
      "i" : "PENGU_USD",
      "m" : "4611686018428294282"
    }, {
      "d" : "1756461577902394377",
      "t" : 1756461577902,
      "tn" : 1756461577902394377,
      "q" : "240",
      "p" : "0.029136",
      "s" : "sell",
      "i" : "PENGU_USD",
      "m" : "4611686018428294281"
    }, {
      "d" : "1756461576351565964",
      "t" : 1756461576351,
      "tn" : 1756461576351565964,
      "q" : "200",
      "p" : "0.029143",
      "s" : "sell",
      "i" : "PENGU_USD",
      "m" : "4611686018428294280"
    }, {
      "d" : "1756461576351563783",
      "t" : 1756461576351,
      "tn" : 1756461576351563783,
      "q" : "40",
      "p" : "0.029173",
      "s" : "sell",
      "i" : "PENGU_USD",
      "m" : "4611686018428294279"
    }, {
      "d" : "1756461534935780233",
      "t" : 1756461534935,
      "tn" : 1756461534935780233,
      "q" : "240",
      "p" : "0.029145",
      "s" : "sell",
      "i" : "PENGU_USD",
      "m" : "4611686018428294278"
    }, {
      "d" : "1756461491490292845",
      "t" : 1756461491490,
      "tn" : 1756461491490292845,
      "q" : "40",
      "p" : "0.029174",
      "s" : "sell",
      "i" : "PENGU_USD",
      "m" : "4611686018428294277"
    }, {
      "d" : "1756461491490290160",
      "t" : 1756461491490,
      "tn" : 1756461491490290160,
      "q" : "33820",
      "p" : "0.029178",
      "s" : "sell",
      "i" : "PENGU_USD",
      "m" : "4611686018428294276"
    }, {
      "d" : "1756461491488518114",
      "t" : 1756461491488,
      "tn" : 1756461491488518114,
      "q" : "240",
      "p" : "0.029178",
      "s" : "sell",
      "i" : "PENGU_USD",
      "m" : "4611686018428294275"
    }, {
      "d" : "1756461490487267125",
      "t" : 1756461490487,
      "tn" : 1756461490487267125,
      "q" : "240",
      "p" : "0.029178",
      "s" : "sell",
      "i" : "PENGU_USD",
      "m" : "4611686018428294274"
    }, {
      "d" : "1756461480053108951",
      "t" : 1756461480053,
      "tn" : 1756461480053108951,
      "q" : "200",
      "p" : "0.029132",
      "s" : "sell",
      "i" : "PENGU_USD",
      "m" : "4611686018428294273"
    }, {
      "d" : "1756461480053106925",
      "t" : 1756461480053,
      "tn" : 1756461480053106925,
      "q" : "40",
      "p" : "0.029177",
      "s" : "sell",
      "i" : "PENGU_USD",
      "m" : "4611686018428294272"
    }, {
      "d" : "1756461474035588803",
      "t" : 1756461474035,
      "tn" : 1756461474035588803,
      "q" : "240",
      "p" : "0.029132",
      "s" : "sell",
      "i" : "PENGU_USD",
      "m" : "4611686018428294271"
    }, {
      "d" : "1756461423478877742",
      "t" : 1756461423478,
      "tn" : 1756461423478877742,
      "q" : "200",
      "p" : "0.029113",
      "s" : "sell",
      "i" : "PENGU_USD",
      "m" : "4611686018428294270"
    }, {
      "d" : "1756461423478875343",
      "t" : 1756461423478,
      "tn" : 1756461423478875343,
      "q" : "40",
      "p" : "0.029145",
      "s" : "sell",
      "i" : "PENGU_USD",
      "m" : "4611686018428294269"
    }, {
      "d" : "1756461410120026000",
      "t" : 1756461410120,
      "tn" : 1756461410120026000,
      "q" : "240",
      "p" : "0.029113",
      "s" : "sell",
      "i" : "PENGU_USD",
      "m" : "4611686018428294268"
    }, {
      "d" : "1756461409443411291",
      "t" : 1756461409443,
      "tn" : 1756461409443411291,
      "q" : "200",
      "p" : "0.029113",
      "s" : "sell",
      "i" : "PENGU_USD",
      "m" : "4611686018428294267"
    }, {
      "d" : "1756461409443409171",
      "t" : 1756461409443,
      "tn" : 1756461409443409171,
      "q" : "40",
      "p" : "0.029150",
      "s" : "sell",
      "i" : "PENGU_USD",
      "m" : "4611686018428294266"
    }, {
      "d" : "1756461399464364368",
      "t" : 1756461399464,
      "tn" : 1756461399464364368,
      "q" : "200",
      "p" : "0.029094",
      "s" : "sell",
      "i" : "PENGU_USD",
      "m" : "4611686018428294265"
    }, {
      "d" : "1756461399464362288",
      "t" : 1756461399464,
      "tn" : 1756461399464362288,
      "q" : "40",
      "p" : "0.029129",
      "s" : "sell",
      "i" : "PENGU_USD",
      "m" : "4611686018428294264"
    }, {
      "d" : "1756461394407838375",
      "t" : 1756461394407,
      "tn" : 1756461394407838375,
      "q" : "200",
      "p" : "0.029094",
      "s" : "sell",
      "i" : "PENGU_USD",
      "m" : "4611686018428294263"
    }, {
      "d" : "1756461394407836163",
      "t" : 1756461394407,
      "tn" : 1756461394407836163,
      "q" : "40",
      "p" : "0.029132",
      "s" : "sell",
      "i" : "PENGU_USD",
      "m" : "4611686018428294262"
    }, {
      "d" : "1756461391030701282",
      "t" : 1756461391030,
      "tn" : 1756461391030701282,
      "q" : "200",
      "p" : "0.029094",
      "s" : "sell",
      "i" : "PENGU_USD",
      "m" : "4611686018428294261"
    }, {
      "d" : "1756461391030699162",
      "t" : 1756461391030,
      "tn" : 1756461391030699162,
      "q" : "40",
      "p" : "0.029132",
      "s" : "sell",
      "i" : "PENGU_USD",
      "m" : "4611686018428294260"
    }, {
      "d" : "1756461385943581436",
      "t" : 1756461385943,
      "tn" : 1756461385943581436,
      "q" : "240",
      "p" : "0.029109",
      "s" : "sell",
      "i" : "PENGU_USD",
      "m" : "4611686018428294259"
    }, {
      "d" : "1756461382468846980",
      "t" : 1756461382468,
      "tn" : 1756461382468846980,
      "q" : "200",
      "p" : "0.029109",
      "s" : "sell",
      "i" : "PENGU_USD",
      "m" : "4611686018428294258"
    }, {
      "d" : "1756461382468844383",
      "t" : 1756461382468,
      "tn" : 1756461382468844383,
      "q" : "40",
      "p" : "0.029150",
      "s" : "sell",
      "i" : "PENGU_USD",
      "m" : "4611686018428294257"
    }, {
      "d" : "1756461381444948685",
      "t" : 1756461381444,
      "tn" : 1756461381444948685,
      "q" : "200",
      "p" : "0.029109",
      "s" : "sell",
      "i" : "PENGU_USD",
      "m" : "4611686018428294256"
    }, {
      "d" : "1756461381444946429",
      "t" : 1756461381444,
      "tn" : 1756461381444946429,
      "q" : "40",
      "p" : "0.029153",
      "s" : "sell",
      "i" : "PENGU_USD",
      "m" : "4611686018428294255"
    }, {
      "d" : "1756461370058557054",
      "t" : 1756461370058,
      "tn" : 1756461370058557054,
      "q" : "200",
      "p" : "0.029094",
      "s" : "sell",
      "i" : "PENGU_USD",
      "m" : "4611686018428294254"
    }, {
      "d" : "1756461370058555141",
      "t" : 1756461370058,
      "tn" : 1756461370058555141,
      "q" : "40",
      "p" : "0.029142",
      "s" : "sell",
      "i" : "PENGU_USD",
      "m" : "4611686018428294253"
    }, {
      "d" : "1756461369218296559",
      "t" : 1756461369218,
      "tn" : 1756461369218296559,
      "q" : "200",
      "p" : "0.029105",
      "s" : "sell",
      "i" : "PENGU_USD",
      "m" : "4611686018428294252"
    }, {
      "d" : "1756461369218294609",
      "t" : 1756461369218,
      "tn" : 1756461369218294609,
      "q" : "40",
      "p" : "0.029144",
      "s" : "sell",
      "i" : "PENGU_USD",
      "m" : "4611686018428294251"
    }, {
      "d" : "1756461349504248555",
      "t" : 1756461349504,
      "tn" : 1756461349504248555,
      "q" : "240",
      "p" : "0.029091",
      "s" : "sell",
      "i" : "PENGU_USD",
      "m" : "4611686018428294250"
    }, {
      "d" : "1756461342941935202",
      "t" : 1756461342941,
      "tn" : 1756461342941935202,
      "q" : "200",
      "p" : "0.029091",
      "s" : "sell",
      "i" : "PENGU_USD",
      "m" : "4611686018428294249"
    }, {
      "d" : "1756461342941933176",
      "t" : 1756461342941,
      "tn" : 1756461342941933176,
      "q" : "40",
      "p" : "0.029131",
      "s" : "sell",
      "i" : "PENGU_USD",
      "m" : "4611686018428294248"
    }, {
      "d" : "1756461342457536586",
      "t" : 1756461342457,
      "tn" : 1756461342457536586,
      "q" : "240",
      "p" : "0.029091",
      "s" : "sell",
      "i" : "PENGU_USD",
      "m" : "4611686018428294247"
    }, {
      "d" : "1756461341252972820",
      "t" : 1756461341252,
      "tn" : 1756461341252972820,
      "q" : "200",
      "p" : "0.029091",
      "s" : "sell",
      "i" : "PENGU_USD",
      "m" : "4611686018428294246"
    }, {
      "d" : "1756461341252970607",
      "t" : 1756461341252,
      "tn" : 1756461341252970607,
      "q" : "40",
      "p" : "0.029135",
      "s" : "sell",
      "i" : "PENGU_USD",
      "m" : "4611686018428294245"
    }, {
      "d" : "1756461330954750410",
      "t" : 1756461330954,
      "tn" : 1756461330954750410,
      "q" : "200",
      "p" : "0.029076",
      "s" : "sell",
      "i" : "PENGU_USD",
      "m" : "4611686018428294244"
    }, {
      "d" : "1756461330954747877",
      "t" : 1756461330954,
      "tn" : 1756461330954747877,
      "q" : "40",
      "p" : "0.029123",
      "s" : "sell",
      "i" : "PENGU_USD",
      "m" : "4611686018428294243"
    }, {
      "d" : "1756461310248350020",
      "t" : 1756461310248,
      "tn" : 1756461310248350020,
      "q" : "200",
      "p" : "0.029091",
      "s" : "sell",
      "i" : "PENGU_USD",
      "m" : "4611686018428294242"
    }, {
      "d" : "1756461310248347998",
      "t" : 1756461310248,
      "tn" : 1756461310248347998,
      "q" : "40",
      "p" : "0.029125",
      "s" : "sell",
      "i" : "PENGU_USD",
      "m" : "4611686018428294241"
    }, {
      "d" : "1756461309595315122",
      "t" : 1756461309595,
      "tn" : 1756461309595315122,
      "q" : "200",
      "p" : "0.029091",
      "s" : "sell",
      "i" : "PENGU_USD",
      "m" : "4611686018428294240"
    }, {
      "d" : "1756461309595313131",
      "t" : 1756461309595,
      "tn" : 1756461309595313131,
      "q" : "40",
      "p" : "0.029127",
      "s" : "sell",
      "i" : "PENGU_USD",
      "m" : "4611686018428294239"
    }, {
      "d" : "1756461307028978065",
      "t" : 1756461307028,
      "tn" : 1756461307028978065,
      "q" : "200",
      "p" : "0.029091",
      "s" : "sell",
      "i" : "PENGU_USD",
      "m" : "4611686018428294238"
    }, {
      "d" : "1756461307028976117",
      "t" : 1756461307028,
      "tn" : 1756461307028976117,
      "q" : "40",
      "p" : "0.029131",
      "s" : "sell",
      "i" : "PENGU_USD",
      "m" : "4611686018428294237"
    }, {
      "d" : "1756461305432698490",
      "t" : 1756461305432,
      "tn" : 1756461305432698490,
      "q" : "200",
      "p" : "0.029091",
      "s" : "sell",
      "i" : "PENGU_USD",
      "m" : "4611686018428294236"
    }, {
      "d" : "1756461305432696217",
      "t" : 1756461305432,
      "tn" : 1756461305432696217,
      "q" : "40",
      "p" : "0.029138",
      "s" : "sell",
      "i" : "PENGU_USD",
      "m" : "4611686018428294235"
    }, {
      "d" : "1756461303327995996",
      "t" : 1756461303327,
      "tn" : 1756461303327995996,
      "q" : "200",
      "p" : "0.029091",
      "s" : "sell",
      "i" : "PENGU_USD",
      "m" : "4611686018428294234"
    }, {
      "d" : "1756461303327993632",
      "t" : 1756461303327,
      "tn" : 1756461303327993632,
      "q" : "40",
      "p" : "0.029139",
      "s" : "sell",
      "i" : "PENGU_USD",
      "m" : "4611686018428294233"
    }, {
      "d" : "1756461302312755614",
      "t" : 1756461302312,
      "tn" : 1756461302312755614,
      "q" : "200",
      "p" : "0.029091",
      "s" : "sell",
      "i" : "PENGU_USD",
      "m" : "4611686018428294232"
    }, {
      "d" : "1756461302312753020",
      "t" : 1756461302312,
      "tn" : 1756461302312753020,
      "q" : "40",
      "p" : "0.029143",
      "s" : "sell",
      "i" : "PENGU_USD",
      "m" : "4611686018428294231"
    }, {
      "d" : "1756461288880694756",
      "t" : 1756461288880,
      "tn" : 1756461288880694756,
      "q" : "200",
      "p" : "0.029095",
      "s" : "sell",
      "i" : "PENGU_USD",
      "m" : "4611686018428294230"
    }, {
      "d" : "1756461288880692717",
      "t" : 1756461288880,
      "tn" : 1756461288880692717,
      "q" : "40",
      "p" : "0.029128",
      "s" : "sell",
      "i" : "PENGU_USD",
      "m" : "4611686018428294229"
    }, {
      "d" : "1756461287985918184",
      "t" : 1756461287985,
      "tn" : 1756461287985918184,
      "q" : "200",
      "p" : "0.029095",
      "s" : "sell",
      "i" : "PENGU_USD",
      "m" : "4611686018428294228"
    }, {
      "d" : "1756461287985916133",
      "t" : 1756461287985,
      "tn" : 1756461287985916133,
      "q" : "40",
      "p" : "0.029131",
      "s" : "sell",
      "i" : "PENGU_USD",
      "m" : "4611686018428294227"
    }, {
      "d" : "1756461286457349172",
      "t" : 1756461286457,
      "tn" : 1756461286457349172,
      "q" : "200",
      "p" : "0.029095",
      "s" : "sell",
      "i" : "PENGU_USD",
      "m" : "4611686018428294226"
    }, {
      "d" : "1756461286457347041",
      "t" : 1756461286457,
      "tn" : 1756461286457347041,
      "q" : "40",
      "p" : "0.029140",
      "s" : "sell",
      "i" : "PENGU_USD",
      "m" : "4611686018428294225"
    }, {
      "d" : "1756461281424224928",
      "t" : 1756461281424,
      "tn" : 1756461281424224928,
      "q" : "240",
      "p" : "0.029104",
      "s" : "sell",
      "i" : "PENGU_USD",
      "m" : "4611686018428294224"
    }, {
      "d" : "1756461276878390849",
      "t" : 1756461276878,
      "tn" : 1756461276878390849,
      "q" : "240",
      "p" : "0.029104",
      "s" : "sell",
      "i" : "PENGU_USD",
      "m" : "4611686018428294223"
    }, {
      "d" : "1756461254349207853",
      "t" : 1756461254349,
      "tn" : 1756461254349207853,
      "q" : "200",
      "p" : "0.029114",
      "s" : "sell",
      "i" : "PENGU_USD",
      "m" : "4611686018428294222"
    }, {
      "d" : "1756461254349205487",
      "t" : 1756461254349,
      "tn" : 1756461254349205487,
      "q" : "40",
      "p" : "0.029140",
      "s" : "sell",
      "i" : "PENGU_USD",
      "m" : "4611686018428294221"
    }, {
      "d" : "1756461217249914783",
      "t" : 1756461217249,
      "tn" : 1756461217249914783,
      "q" : "200",
      "p" : "0.029094",
      "s" : "sell",
      "i" : "PENGU_USD",
      "m" : "4611686018428294220"
    }, {
      "d" : "1756461217249912719",
      "t" : 1756461217249,
      "tn" : 1756461217249912719,
      "q" : "40",
      "p" : "0.029128",
      "s" : "sell",
      "i" : "PENGU_USD",
      "m" : "4611686018428294219"
    }, {
      "d" : "1756461192996357960",
      "t" : 1756461192996,
      "tn" : 1756461192996357960,
      "q" : "240",
      "p" : "0.029094",
      "s" : "sell",
      "i" : "PENGU_USD",
      "m" : "4611686018428294218"
    }, {
      "d" : "1756461191588887170",
      "t" : 1756461191588,
      "tn" : 1756461191588887170,
      "q" : "200",
      "p" : "0.029109",
      "s" : "sell",
      "i" : "PENGU_USD",
      "m" : "4611686018428294217"
    }, {
      "d" : "1756461191588884739",
      "t" : 1756461191588,
      "tn" : 1756461191588884739,
      "q" : "40",
      "p" : "0.029137",
      "s" : "sell",
      "i" : "PENGU_USD",
      "m" : "4611686018428294216"
    }, {
      "d" : "1756461190854894419",
      "t" : 1756461190854,
      "tn" : 1756461190854894419,
      "q" : "70",
      "p" : "0.029109",
      "s" : "sell",
      "i" : "PENGU_USD",
      "m" : "4611686018428294215"
    }, {
      "d" : "1756461190854892120",
      "t" : 1756461190854,
      "tn" : 1756461190854892120,
      "q" : "130",
      "p" : "0.029110",
      "s" : "sell",
      "i" : "PENGU_USD",
      "m" : "4611686018428294214"
    }, {
      "d" : "1756461190854889238",
      "t" : 1756461190854,
      "tn" : 1756461190854889238,
      "q" : "40",
      "p" : "0.029140",
      "s" : "sell",
      "i" : "PENGU_USD",
      "m" : "4611686018428294213"
    }, {
      "d" : "1756461189589640234",
      "t" : 1756461189589,
      "tn" : 1756461189589640234,
      "q" : "240",
      "p" : "0.029116",
      "s" : "sell",
      "i" : "PENGU_USD",
      "m" : "4611686018428294212"
    }, {
      "d" : "1756461158041768495",
      "t" : 1756461158041,
      "tn" : 1756461158041768495,
      "q" : "240",
      "p" : "0.029088",
      "s" : "sell",
      "i" : "PENGU_USD",
      "m" : "4611686018428294211"
    }, {
      "d" : "1756461152986471722",
      "t" : 1756461152986,
      "tn" : 1756461152986471722,
      "q" : "200",
      "p" : "0.029087",
      "s" : "sell",
      "i" : "PENGU_USD",
      "m" : "4611686018428294210"
    }, {
      "d" : "1756461152986469539",
      "t" : 1756461152986,
      "tn" : 1756461152986469539,
      "q" : "40",
      "p" : "0.029128",
      "s" : "sell",
      "i" : "PENGU_USD",
      "m" : "4611686018428294209"
    }, {
      "d" : "1756461151937960580",
      "t" : 1756461151937,
      "tn" : 1756461151937960580,
      "q" : "240",
      "p" : "0.029087",
      "s" : "sell",
      "i" : "PENGU_USD",
      "m" : "4611686018428294208"
    }, {
      "d" : "1756461151478859423",
      "t" : 1756461151478,
      "tn" : 1756461151478859423,
      "q" : "200",
      "p" : "0.029092",
      "s" : "sell",
      "i" : "PENGU_USD",
      "m" : "4611686018428294207"
    }, {
      "d" : "1756461151478857379",
      "t" : 1756461151478,
      "tn" : 1756461151478857379,
      "q" : "40",
      "p" : "0.029130",
      "s" : "sell",
      "i" : "PENGU_USD",
      "m" : "4611686018428294206"
    }, {
      "d" : "1756461149378884728",
      "t" : 1756461149378,
      "tn" : 1756461149378884728,
      "q" : "200",
      "p" : "0.029093",
      "s" : "sell",
      "i" : "PENGU_USD",
      "m" : "4611686018428294205"
    }, {
      "d" : "1756461149378882684",
      "t" : 1756461149378,
      "tn" : 1756461149378882684,
      "q" : "40",
      "p" : "0.029129",
      "s" : "sell",
      "i" : "PENGU_USD",
      "m" : "4611686018428294204"
    }, {
      "d" : "1756461148354998069",
      "t" : 1756461148354,
      "tn" : 1756461148354998069,
      "q" : "240",
      "p" : "0.029098",
      "s" : "sell",
      "i" : "PENGU_USD",
      "m" : "4611686018428294203"
    }, {
      "d" : "1756461122378817416",
      "t" : 1756461122378,
      "tn" : 1756461122378817416,
      "q" : "200",
      "p" : "0.029107",
      "s" : "sell",
      "i" : "PENGU_USD",
      "m" : "4611686018428294202"
    }, {
      "d" : "1756461122378815211",
      "t" : 1756461122378,
      "tn" : 1756461122378815211,
      "q" : "40",
      "p" : "0.029138",
      "s" : "sell",
      "i" : "PENGU_USD",
      "m" : "4611686018428294201"
    }, {
      "d" : "1756461110796287663",
      "t" : 1756461110796,
      "tn" : 1756461110796287663,
      "q" : "240",
      "p" : "0.029114",
      "s" : "sell",
      "i" : "PENGU_USD",
      "m" : "4611686018428294200"
    }, {
      "d" : "1756461102262407567",
      "t" : 1756461102262,
      "tn" : 1756461102262407567,
      "q" : "200",
      "p" : "0.029114",
      "s" : "sell",
      "i" : "PENGU_USD",
      "m" : "4611686018428294199"
    }, {
      "d" : "1756461102262405744",
      "t" : 1756461102262,
      "tn" : 1756461102262405744,
      "q" : "40",
      "p" : "0.029147",
      "s" : "sell",
      "i" : "PENGU_USD",
      "m" : "4611686018428294198"
    }, {
      "d" : "1756461095018966417",
      "t" : 1756461095018,
      "tn" : 1756461095018966417,
      "q" : "200",
      "p" : "0.029114",
      "s" : "sell",
      "i" : "PENGU_USD",
      "m" : "4611686018428294197"
    }, {
      "d" : "1756461095018964249",
      "t" : 1756461095018,
      "tn" : 1756461095018964249,
      "q" : "40",
      "p" : "0.029148",
      "s" : "sell",
      "i" : "PENGU_USD",
      "m" : "4611686018428294196"
    }, {
      "d" : "1756461081993759283",
      "t" : 1756461081993,
      "tn" : 1756461081993759283,
      "q" : "200",
      "p" : "0.029114",
      "s" : "sell",
      "i" : "PENGU_USD",
      "m" : "4611686018428294195"
    }, {
      "d" : "1756461081993757181",
      "t" : 1756461081993,
      "tn" : 1756461081993757181,
      "q" : "40",
      "p" : "0.029144",
      "s" : "sell",
      "i" : "PENGU_USD",
      "m" : "4611686018428294194"
    }, {
      "d" : "1756461081152520962",
      "t" : 1756461081152,
      "tn" : 1756461081152520962,
      "q" : "200",
      "p" : "0.029114",
      "s" : "sell",
      "i" : "PENGU_USD",
      "m" : "4611686018428294193"
    }, {
      "d" : "1756461081152518924",
      "t" : 1756461081152,
      "tn" : 1756461081152518924,
      "q" : "40",
      "p" : "0.029144",
      "s" : "sell",
      "i" : "PENGU_USD",
      "m" : "4611686018428294192"
    }, {
      "d" : "1756461077415103688",
      "t" : 1756461077415,
      "tn" : 1756461077415103688,
      "q" : "200",
      "p" : "0.029115",
      "s" : "sell",
      "i" : "PENGU_USD",
      "m" : "4611686018428294191"
    }, {
      "d" : "1756461077415101705",
      "t" : 1756461077415,
      "tn" : 1756461077415101705,
      "q" : "40",
      "p" : "0.029147",
      "s" : "sell",
      "i" : "PENGU_USD",
      "m" : "4611686018428294190"
    }, {
      "d" : "1756461076147216192",
      "t" : 1756461076147,
      "tn" : 1756461076147216192,
      "q" : "200",
      "p" : "0.029131",
      "s" : "sell",
      "i" : "PENGU_USD",
      "m" : "4611686018428294189"
    }, {
      "d" : "1756461076147215014",
      "t" : 1756461076147,
      "tn" : 1756461076147215014,
      "q" : "40",
      "p" : "0.029155",
      "s" : "sell",
      "i" : "PENGU_USD",
      "m" : "4611686018428294188"
    }, {
      "d" : "1756461046008308922",
      "t" : 1756461046008,
      "tn" : 1756461046008308922,
      "q" : "200",
      "p" : "0.029123",
      "s" : "sell",
      "i" : "PENGU_USD",
      "m" : "4611686018428294187"
    }, {
      "d" : "1756461046008306908",
      "t" : 1756461046008,
      "tn" : 1756461046008306908,
      "q" : "40",
      "p" : "0.029152",
      "s" : "sell",
      "i" : "PENGU_USD",
      "m" : "4611686018428294186"
    }, {
      "d" : "1756461026144895661",
      "t" : 1756461026144,
      "tn" : 1756461026144895661,
      "q" : "240",
      "p" : "0.029158",
      "s" : "sell",
      "i" : "PENGU_USD",
      "m" : "4611686018428294185"
    }, {
      "d" : "1756460940450412284",
      "t" : 1756460940450,
      "tn" : 1756460940450412284,
      "q" : "240",
      "p" : "0.029210",
      "s" : "sell",
      "i" : "PENGU_USD",
      "m" : "4611686018428294184"
    }, {
      "d" : "1756460940449144349",
      "t" : 1756460940449,
      "tn" : 1756460940449144349,
      "q" : "40",
      "p" : "0.029237",
      "s" : "sell",
      "i" : "PENGU_USD",
      "m" : "4611686018428294183"
    }, {
      "d" : "1756460926436176803",
      "t" : 1756460926436,
      "tn" : 1756460926436176803,
      "q" : "230",
      "p" : "0.029214",
      "s" : "sell",
      "i" : "PENGU_USD",
      "m" : "4611686018428294182"
    }, {
      "d" : "1756460868033887459",
      "t" : 1756460868033,
      "tn" : 1756460868033887459,
      "q" : "200",
      "p" : "0.029235",
      "s" : "buy",
      "i" : "PENGU_USD",
      "m" : "4611686018428294181"
    }, {
      "d" : "1756460868033885455",
      "t" : 1756460868033,
      "tn" : 1756460868033885455,
      "q" : "40",
      "p" : "0.029216",
      "s" : "buy",
      "i" : "PENGU_USD",
      "m" : "4611686018428294180"
    }, {
      "d" : "1756460853332931729",
      "t" : 1756460853332,
      "tn" : 1756460853332931729,
      "q" : "40",
      "p" : "0.029205",
      "s" : "buy",
      "i" : "PENGU_USD",
      "m" : "4611686018428294179"
    }, {
      "d" : "1756460853332930024",
      "t" : 1756460853332,
      "tn" : 1756460853332930024,
      "q" : "40",
      "p" : "0.029178",
      "s" : "buy",
      "i" : "PENGU_USD",
      "m" : "4611686018428294178"
    }, {
      "d" : "1756460853332927818",
      "t" : 1756460853332,
      "tn" : 1756460853332927818,
      "q" : "160",
      "p" : "0.029167",
      "s" : "buy",
      "i" : "PENGU_USD",
      "m" : "4611686018428294177"
    }, {
      "d" : "1756460852833397846",
      "t" : 1756460852833,
      "tn" : 1756460852833397846,
      "q" : "240",
      "p" : "0.029167",
      "s" : "buy",
      "i" : "PENGU_USD",
      "m" : "4611686018428294176"
    }, {
      "d" : "1756460851902156848",
      "t" : 1756460851902,
      "tn" : 1756460851902156848,
      "q" : "240",
      "p" : "0.029167",
      "s" : "buy",
      "i" : "PENGU_USD",
      "m" : "4611686018428294175"
    }, {
      "d" : "1756460850954192260",
      "t" : 1756460850954,
      "tn" : 1756460850954192260,
      "q" : "240",
      "p" : "0.029167",
      "s" : "buy",
      "i" : "PENGU_USD",
      "m" : "4611686018428294174"
    }, {
      "d" : "1756460843066375350",
      "t" : 1756460843066,
      "tn" : 1756460843066375350,
      "q" : "240",
      "p" : "0.029167",
      "s" : "buy",
      "i" : "PENGU_USD",
      "m" : "4611686018428294173"
    }, {
      "d" : "1756460840025135999",
      "t" : 1756460840025,
      "tn" : 1756460840025135999,
      "q" : "240",
      "p" : "0.029167",
      "s" : "buy",
      "i" : "PENGU_USD",
      "m" : "4611686018428294172"
    }, {
      "d" : "1756460839038982634",
      "t" : 1756460839038,
      "tn" : 1756460839038982634,
      "q" : "230",
      "p" : "0.029167",
      "s" : "buy",
      "i" : "PENGU_USD",
      "m" : "4611686018428294171"
    }, {
      "d" : "1756460838457636138",
      "t" : 1756460838457,
      "tn" : 1756460838457636138,
      "q" : "40",
      "p" : "0.029166",
      "s" : "sell",
      "i" : "PENGU_USD",
      "m" : "4611686018428294170"
    }, {
      "d" : "1756460794158643889",
      "t" : 1756460794158,
      "tn" : 1756460794158643889,
      "q" : "190",
      "p" : "0.029116",
      "s" : "sell",
      "i" : "PENGU_USD",
      "m" : "4611686018428294169"
    }, {
      "d" : "1756460794158641983",
      "t" : 1756460794158,
      "tn" : 1756460794158641983,
      "q" : "40",
      "p" : "0.029138",
      "s" : "sell",
      "i" : "PENGU_USD",
      "m" : "4611686018428294168"
    } ]
  }
}