{
  "id" : -1,
  "method" : "public/get-trades",
  "code" : 0,
  "result" : {
    "data" : [ {
      "d" : "1756462050542891828",
      "t" : 1756462050542,
      "tn" : 1756462050542891828,
      "q" : "100000",
      "p" : "0.000009823",
      "s" : "sell",
      "i" : "PEPEUSD-PERP",
      "m" : "4611686018431413156"
    }, {
      "d" : "1756461983972155142",
      "t" : 1756461983972,
      "tn" : 1756461983972155142,
      "q" : "100000",
      "p" : "0.000009813",
      "s" : "sell",
      "i" : "PEPEUSD-PERP",
      "m" : "4611686018431413155"
    }, {
      "d" : "1756461964735117034",
      "t" : 1756461964735,
      "tn" : 1756461964735117034,
      "q" : "100000",
      "p" : "0.000009804",
      "s" : "buy",
      "i" : "PEPEUSD-PERP",
      "m" : "4611686018431413154"
    }, {
      "d" : "1756461956849531529",
      "t" : 1756461956849,
      "tn" : 1756461956849531529,
      "q" : "100000",
      "p" : "0.000009807",
      "s" : "sell",
      "i" : "PEPEUSD-PERP",
      "m" : "4611686018431413153"
    }, {
      "d" : "1756461941445242958",
      "t" : 1756461941445,
      "tn" : 1756461941445242958,
      "q" : "100000",
      "p" : "0.000009809",
      "s" : "sell",
      "i" : "PEPEUSD-PERP",
      "m" : "4611686018431413152"
    }, {
      "d" : "1756461935455688049",
      "t" : 1756461935455,
      "tn" : 1756461935455688049,
      "q" : "100000",
      "p" : "0.000009806",
      "s" : "sell",
      "i" : "PEPEUSD-PERP",
      "m" : "4611686018431413151"
    }, {
      "d" : "1756461907665703227",
      "t" : 1756461907665,
      "tn" : 1756461907665703227,
      "q" : "100000",
      "p" : "0.000009803",
      "s" : "sell",
      "i" : "PEPEUSD-PERP",
      "m" : "4611686018431413150"
    }, {
      "d" : "1756461906311244461",
      "t" : 1756461906311,
      "tn" : 1756461906311244461,
      "q" : "100000",
      "p" : "0.000009805",
      "s" : "sell",
      "i" : "PEPEUSD-PERP",
      "m" : "4611686018431413149"
    }, {
      "d" : "1756461899886397302",
      "t" : 1756461899886,
      "tn" : 1756461899886397302,
      "q" : "100000",
      "p" : "0.000009807",
      "s" : "buy",
      "i" : "PEPEUSD-PERP",
      "m" : "4611686018431413148"
    }, {
      "d" : "1756461890366096512",
      "t" : 1756461890366,
      "tn" : 1756461890366096512,
      "q" : "100000",
      "p" : "0.000009804",
      "s" : "sell",
      "i" : "PEPEUSD-PERP",
      "m" : "4611686018431413147"
    }, {
      "d" : "1756461814886962157",
      "t" : 1756461814886,
      "tn" : 1756461814886962157,
      "q" : "100000",
      "p" : "0.000009818",
      "s" : "sell",
      "i" : "PEPEUSD-PERP",
      "m" : "4611686018431413146"
    }, {
      "d" : "1756461805103398320",
      "t" : 1756461805103,
      "tn" : 1756461805103398320,
      "q" : "100000",
      "p" : "0.000009823",
      "s" : "sell",
      "i" : "PEPEUSD-PERP",
      "m" : "4611686018431413145"
    }, {
      "d" : "1756461796931423376",
      "t" : 1756461796931,
      "tn" : 1756461796931423376,
      "q" : "100000",
      "p" : "0.000009822",
      "s" : "sell",
      "i" : "PEPEUSD-PERP",
      "m" : "4611686018431413144"
    }, {
      "d" : "1756461780054766555",
      "t" : 1756461780054,
      "tn" : 1756461780054766555,
      "q" : "100000",
      "p" : "0.000009823",
      "s" : "sell",
      "i" : "PEPEUSD-PERP",
      "m" : "4611686018431413143"
    }, {
      "d" : "1756461730944928390",
      "t" : 1756461730944,
      "tn" : 1756461730944928390,
      "q" : "100000",
      "p" : "0.000009817",
      "s" : "sell",
      "i" : "PEPEUSD-PERP",
      "m" : "4611686018431413142"
    }, {
      "d" : "1756461701555424128",
      "t" : 1756461701555,
      "tn" : 1756461701555424128,
      "q" : "100000",
      "p" : "0.000009814",
      "s" : "sell",
      "i" : "PEPEUSD-PERP",
      "m" : "4611686018431413141"
    }, {
      "d" : "1756461691498978461",
      "t" : 1756461691498,
      "tn" : 1756461691498978461,
      "q" : "20300000",
      "p" : "0.000009810",
      "s" : "sell",
      "i" : "PEPEUSD-PERP",
      "m" : "4611686018431413140"
    }, {
      "d" : "1756461689930651434",
      "t" : 1756461689930,
      "tn" : 1756461689930651434,
      "q" : "7900000",
      "p" : "0.000009810",
      "s" : "buy",
      "i" : "PEPEUSD-PERP",
      "m" : "4611686018431413139"
    }, {
      "d" : "1756461689929981616",
      "t" : 1756461689929,
      "tn" : 1756461689929981616,
      "q" : "68300000",
      "p" : "0.000009810",
      "s" : "buy",
      "i" : "PEPEUSD-PERP",
      "m" : "4611686018431413138"
    }, {
      "d" : "1756461678589811469",
      "t" : 1756461678589,
      "tn" : 1756461678589811469,
      "q" : "100000",
      "p" : "0.000009810",
      "s" : "sell",
      "i" : "PEPEUSD-PERP",
      "m" : "4611686018431413137"
    }, {
      "d" : "1756461662418221479",
      "t" : 1756461662418,
      "tn" : 1756461662418221479,
      "q" : "100000",
      "p" : "0.000009815",
      "s" : "sell",
      "i" : "PEPEUSD-PERP",
      "m" : "4611686018431413136"
    }, {
      "d" : "1756461661845744796",
      "t" : 1756461661845,
      "tn" : 1756461661845744795,
      "q" : "100000",
      "p" : "0.000009813",
      "s" : "buy",
      "i" : "PEPEUSD-PERP",
      "m" : "4611686018431413135"
    }, {
      "d" : "1756461661845744795",
      "t" : 1756461661845,
      "tn" : 1756461661845744795,
      "q" : "100000",
      "p" : "0.000009813",
      "s" : "buy",
      "i" : "PEPEUSD-PERP",
      "m" : "4611686018431413135"
    }, {
      "d" : "1756461656204869777",
      "t" : 1756461656204,
      "tn" : 1756461656204869777,
      "q" : "100000",
      "p" : "0.000009811",
      "s" : "sell",
      "i" : "PEPEUSD-PERP",
      "m" : "4611686018431413134"
    }, {
      "d" : "1756461648138907986",
      "t" : 1756461648138,
      "tn" : 1756461648138907985,
      "q" : "19900000",
      "p" : "0.000009810",
      "s" : "buy",
      "i" : "PEPEUSD-PERP",
      "m" : "4611686018431413133"
    }, {
      "d" : "1756461648138907985",
      "t" : 1756461648138,
      "tn" : 1756461648138907985,
      "q" : "100000",
      "p" : "0.000009810",
      "s" : "buy",
      "i" : "PEPEUSD-PERP",
      "m" : "4611686018431413133"
    }, {
      "d" : "1756461608133803688",
      "t" : 1756461608133,
      "tn" : 1756461608133803688,
      "q" : "100000",
      "p" : "0.000009800",
      "s" : "sell",
      "i" : "PEPEUSD-PERP",
      "m" : "4611686018431413132"
    }, {
      "d" : "1756461604442118242",
      "t" : 1756461604442,
      "tn" : 1756461604442118242,
      "q" : "100000",
      "p" : "0.000009799",
      "s" : "sell",
      "i" : "PEPEUSD-PERP",
      "m" : "4611686018431413131"
    }, {
      "d" : "1756461601333062718",
      "t" : 1756461601333,
      "tn" : 1756461601333062718,
      "q" : "19900000",
      "p" : "0.000009800",
      "s" : "sell",
      "i" : "PEPEUSD-PERP",
      "m" : "4611686018431413130"
    }, {
      "d" : "1756461601333059124",
      "t" : 1756461601333,
      "tn" : 1756461601333059124,
      "q" : "100000",
      "p" : "0.000009801",
      "s" : "sell",
      "i" : "PEPEUSD-PERP",
      "m" : "4611686018431413129"
    }, {
      "d" : "1756461601012928821",
      "t" : 1756461601012,
      "tn" : 1756461601012928821,
      "q" : "100000",
      "p" : "0.000009801",
      "s" : "sell",
      "i" : "PEPEUSD-PERP",
      "m" : "4611686018431413128"
    }, {
      "d" : "1756461586334936833",
      "t" : 1756461586334,
      "tn" : 1756461586334936833,
      "q" : "20700000",
      "p" : "0.000009803",
      "s" : "buy",
      "i" : "PEPEUSD-PERP",
      "m" : "4611686018431413127"
    }, {
      "d" : "1756461586331210698",
      "t" : 1756461586331,
      "tn" : 1756461586331210698,
      "q" : "23600000",
      "p" : "0.000009803",
      "s" : "buy",
      "i" : "PEPEUSD-PERP",
      "m" : "4611686018431413126"
    }, {
      "d" : "1756461586331209110",
      "t" : 1756461586331,
      "tn" : 1756461586331209110,
      "q" : "98600000",
      "p" : "0.000009802",
      "s" : "buy",
      "i" : "PEPEUSD-PERP",
      "m" : "4611686018431413125"
    }, {
      "d" : "1756461586263120625",
      "t" : 1756461586263,
      "tn" : 1756461586263120625,
      "q" : "100000",
      "p" : "0.000009806",
      "s" : "sell",
      "i" : "PEPEUSD-PERP",
      "m" : "4611686018431413124"
    }, {
      "d" : "1756461586262005034",
      "t" : 1756461586262,
      "tn" : 1756461586262005034,
      "q" : "20300000",
      "p" : "0.000009807",
      "s" : "sell",
      "i" : "PEPEUSD-PERP",
      "m" : "4611686018431413123"
    }, {
      "d" : "1756461586261634661",
      "t" : 1756461586261,
      "tn" : 1756461586261634661,
      "q" : "100000",
      "p" : "0.000009809",
      "s" : "sell",
      "i" : "PEPEUSD-PERP",
      "m" : "4611686018431413122"
    }, {
      "d" : "1756461584557238064",
      "t" : 1756461584557,
      "tn" : 1756461584557238064,
      "q" : "100000",
      "p" : "0.000009810",
      "s" : "sell",
      "i" : "PEPEUSD-PERP",
      "m" : "4611686018431413121"
    }, {
      "d" : "1756461573285118121",
      "t" : 1756461573285,
      "tn" : 1756461573285118121,
      "q" : "100000",
      "p" : "0.000009811",
      "s" : "sell",
      "i" : "PEPEUSD-PERP",
      "m" : "4611686018431413120"
    }, {
      "d" : "1756461569938672299",
      "t" : 1756461569938,
      "tn" : 1756461569938672299,
      "q" : "100000",
      "p" : "0.000009812",
      "s" : "sell",
      "i" : "PEPEUSD-PERP",
      "m" : "4611686018431413119"
    }, {
      "d" : "1756461569771437374",
      "t" : 1756461569771,
      "tn" : 1756461569771437374,
      "q" : "19900000",
      "p" : "0.000009818",
      "s" : "buy",
      "i" : "PEPEUSD-PERP",
      "m" : "4611686018431413118"
    }, {
      "d" : "1756461569771435625",
      "t" : 1756461569771,
      "tn" : 1756461569771435625,
      "q" : "100000",
      "p" : "0.000009812",
      "s" : "buy",
      "i" : "PEPEUSD-PERP",
      "m" : "4611686018431413117"
    }, {
      "d" : "1756461569764166631",
      "t" : 1756461569764,
      "tn" : 1756461569764166630,
      "q" : "100000",
      "p" : "0.000009811",
      "s" : "buy",
      "i" : "PEPEUSD-PERP",
      "m" : "4611686018431413116"
    }, {
      "d" : "1756461569764166630",
      "t" : 1756461569764,
      "tn" : 1756461569764166630,
      "q" : "30200000",
      "p" : "0.000009811",
      "s" : "buy",
      "i" : "PEPEUSD-PERP",
      "m" : "4611686018431413116"
    }, {
      "d" : "1756461546450195647",
      "t" : 1756461546450,
      "tn" : 1756461546450195646,
      "q" : "100000",
      "p" : "0.000009811",
      "s" : "buy",
      "i" : "PEPEUSD-PERP",
      "m" : "4611686018431413115"
    }, {
      "d" : "1756461546450195646",
      "t" : 1756461546450,
      "tn" : 1756461546450195646,
      "q" : "100000",
      "p" : "0.000009811",
      "s" : "buy",
      "i" : "PEPEUSD-PERP",
      "m" : "4611686018431413115"
    }, {
      "d" : "1756461542178666521",
      "t" : 1756461542178,
      "tn" : 1756461542178666519,
      "q" : "20500000",
      "p" : "0.000009812",
      "s" : "buy",
      "i" : "PEPEUSD-PERP",
      "m" : "4611686018431413114"
    }, {
      "d" : "1756461542178666520",
      "t" : 1756461542178,
      "tn" : 1756461542178666519,
      "q" : "100000",
      "p" : "0.000009812",
      "s" : "buy",
      "i" : "PEPEUSD-PERP",
      "m" : "4611686018431413114"
    }, {
      "d" : "1756461542178666519",
      "t" : 1756461542178,
      "tn" : 1756461542178666519,
      "q" : "100000",
      "p" : "0.000009812",
      "s" : "buy",
      "i" : "PEPEUSD-PERP",
      "m" : "4611686018431413114"
    }, {
      "d" : "1756461534276134771",
      "t" : 1756461534276,
      "tn" : 1756461534276134770,
      "q" : "100000",
      "p" : "0.000009810",
      "s" : "buy",
      "i" : "PEPEUSD-PERP",
      "m" : "4611686018431413113"
    }, {
      "d" : "1756461533836013770",
      "t" : 1756461533836,
      "tn" : 1756461533836013769,
      "q" : "100000",
      "p" : "0.000009808",
      "s" : "buy",
      "i" : "PEPEUSD-PERP",
      "m" : "4611686018431413112"
    }, {
      "d" : "1756461533836013769",
      "t" : 1756461533836,
      "tn" : 1756461533836013769,
      "q" : "100000",
      "p" : "0.000009808",
      "s" : "buy",
      "i" : "PEPEUSD-PERP",
      "m" : "4611686018431413112"
    }, {
      "d" : "1756461532647802540",
      "t" : 1756461532647,
      "tn" : 1756461532647802540,
      "q" : "100000",
      "p" : "0.000009806",
      "s" : "buy",
      "i" : "PEPEUSD-PERP",
      "m" : "4611686018431413111"
    }, {
      "d" : "1756461532538610455",
      "t" : 1756461532538,
      "tn" : 1756461532538610454,
      "q" : "20600000",
      "p" : "0.000009805",
      "s" : "buy",
      "i" : "PEPEUSD-PERP",
      "m" : "4611686018431413110"
    }, {
      "d" : "1756461532538610454",
      "t" : 1756461532538,
      "tn" : 1756461532538610454,
      "q" : "100000",
      "p" : "0.000009805",
      "s" : "buy",
      "i" : "PEPEUSD-PERP",
      "m" : "4611686018431413110"
    }, {
      "d" : "1756461527698785977",
      "t" : 1756461527698,
      "tn" : 1756461527698785977,
      "q" : "100000",
      "p" : "0.000009808",
      "s" : "buy",
      "i" : "PEPEUSD-PERP",
      "m" : "4611686018431413109"
    }, {
      "d" : "1756461501693600830",
      "t" : 1756461501693,
      "tn" : 1756461501693600829,
      "q" : "100000",
      "p" : "0.000009812",
      "s" : "buy",
      "i" : "PEPEUSD-PERP",
      "m" : "4611686018431413108"
    }, {
      "d" : "1756461501693600829",
      "t" : 1756461501693,
      "tn" : 1756461501693600829,
      "q" : "100000",
      "p" : "0.000009812",
      "s" : "buy",
      "i" : "PEPEUSD-PERP",
      "m" : "4611686018431413108"
    }, {
      "d" : "1756461501654096358",
      "t" : 1756461501654,
      "tn" : 1756461501654096358,
      "q" : "20700000",
      "p" : "0.000009812",
      "s" : "buy",
      "i" : "PEPEUSD-PERP",
      "m" : "4611686018431413107"
    }, {
      "d" : "1756461499902410002",
      "t" : 1756461499902,
      "tn" : 1756461499902410002,
      "q" : "100000",
      "p" : "0.000009811",
      "s" : "buy",
      "i" : "PEPEUSD-PERP",
      "m" : "4611686018431413106"
    }, {
      "d" : "1756461482166195428",
      "t" : 1756461482166,
      "tn" : 1756461482166195427,
      "q" : "100000",
      "p" : "0.000009812",
      "s" : "buy",
      "i" : "PEPEUSD-PERP",
      "m" : "4611686018431413105"
    }, {
      "d" : "1756461482166195427",
      "t" : 1756461482166,
      "tn" : 1756461482166195427,
      "q" : "100000",
      "p" : "0.000009812",
      "s" : "buy",
      "i" : "PEPEUSD-PERP",
      "m" : "4611686018431413105"
    }, {
      "d" : "1756461469679615634",
      "t" : 1756461469679,
      "tn" : 1756461469679615634,
      "q" : "58800000",
      "p" : "0.000009815",
      "s" : "buy",
      "i" : "PEPEUSD-PERP",
      "m" : "4611686018431413104"
    }, {
      "d" : "1756461469673999171",
      "t" : 1756461469673,
      "tn" : 1756461469673999171,
      "q" : "100000",
      "p" : "0.000009815",
      "s" : "sell",
      "i" : "PEPEUSD-PERP",
      "m" : "4611686018431413103"
    }, {
      "d" : "1756461461868465412",
      "t" : 1756461461868,
      "tn" : 1756461461868465412,
      "q" : "21500000",
      "p" : "0.000009814",
      "s" : "buy",
      "i" : "PEPEUSD-PERP",
      "m" : "4611686018431413102"
    }, {
      "d" : "1756461441819879264",
      "t" : 1756461441819,
      "tn" : 1756461441819879264,
      "q" : "100000",
      "p" : "0.000009814",
      "s" : "buy",
      "i" : "PEPEUSD-PERP",
      "m" : "4611686018431413101"
    }, {
      "d" : "1756461441003502259",
      "t" : 1756461441003,
      "tn" : 1756461441003502259,
      "q" : "20700000",
      "p" : "0.000009813",
      "s" : "buy",
      "i" : "PEPEUSD-PERP",
      "m" : "4611686018431413100"
    }, {
      "d" : "1756461440965308776",
      "t" : 1756461440965,
      "tn" : 1756461440965308775,
      "q" : "100000",
      "p" : "0.000009812",
      "s" : "buy",
      "i" : "PEPEUSD-PERP",
      "m" : "4611686018431413099"
    }, {
      "d" : "1756461440965308775",
      "t" : 1756461440965,
      "tn" : 1756461440965308775,
      "q" : "100000",
      "p" : "0.000009812",
      "s" : "buy",
      "i" : "PEPEUSD-PERP",
      "m" : "4611686018431413099"
    }, {
      "d" : "1756461427288074150",
      "t" : 1756461427288,
      "tn" : 1756461427288074150,
      "q" : "100000",
      "p" : "0.000009809",
      "s" : "buy",
      "i" : "PEPEUSD-PERP",
      "m" : "4611686018431413098"
    }, {
      "d" : "1756461395450537672",
      "t" : 1756461395450,
      "tn" : 1756461395450537672,
      "q" : "20700000",
      "p" : "0.000009808",
      "s" : "buy",
      "i" : "PEPEUSD-PERP",
      "m" : "4611686018431413097"
    }, {
      "d" : "1756461395450534436",
      "t" : 1756461395450,
      "tn" : 1756461395450534434,
      "q" : "100000",
      "p" : "0.000009807",
      "s" : "buy",
      "i" : "PEPEUSD-PERP",
      "m" : "4611686018431413096"
    }, {
      "d" : "1756461395450534435",
      "t" : 1756461395450,
      "tn" : 1756461395450534434,
      "q" : "20700000",
      "p" : "0.000009807",
      "s" : "buy",
      "i" : "PEPEUSD-PERP",
      "m" : "4611686018431413096"
    }, {
      "d" : "1756461395450534434",
      "t" : 1756461395450,
      "tn" : 1756461395450534434,
      "q" : "100000",
      "p" : "0.000009807",
      "s" : "buy",
      "i" : "PEPEUSD-PERP",
      "m" : "4611686018431413096"
    }, {
      "d" : "1756461387629581601",
      "t" : 1756461387629,
      "tn" : 1756461387629581601,
      "q" : "100000",
      "p" : "0.000009806",
      "s" : "buy",
      "i" : "PEPEUSD-PERP",
      "m" : "4611686018431413095"
    }, {
      "d" : "1756461383989794534",
      "t" : 1756461383989,
      "tn" : 1756461383989794534,
      "q" : "100000",
      "p" : "0.000009807",
      "s" : "buy",
      "i" : "PEPEUSD-PERP",
      "m" : "4611686018431413094"
    }, {
      "d" : "1756461375884395527",
      "t" : 1756461375884,
      "tn" : 1756461375884395526,
      "q" : "100000",
      "p" : "0.000009810",
      "s" : "buy",
      "i" : "PEPEUSD-PERP",
      "m" : "4611686018431413093"
    }, {
      "d" : "1756461375884395526",
      "t" : 1756461375884,
      "tn" : 1756461375884395526,
      "q" : "100000",
      "p" : "0.000009810",
      "s" : "buy",
      "i" : "PEPEUSD-PERP",
      "m" : "4611686018431413093"
    }, {
      "d" : "1756461339828793267",
      "t" : 1756461339828,
      "tn" : 1756461339828793266,
      "q" : "100000",
      "p" : "0.000009807",
      "s" : "buy",
      "i" : "PEPEUSD-PERP",
      "m" : "4611686018431413092"
    }, {
      "d" : "1756461339828793266",
      "t" : 1756461339828,
      "tn" : 1756461339828793266,
      "q" : "100000",
      "p" : "0.000009807",
      "s" : "buy",
      "i" : "PEPEUSD-PERP",
      "m" : "4611686018431413092"
    }, {
      "d" : "1756461331676983127",
      "t" : 1756461331676,
      "tn" : 1756461331676983127,
      "q" : "100000",
      "p" : "0.000009803",
      "s" : "buy",
      "i" : "PEPEUSD-PERP",
      "m" : "4611686018431413091"
    }, {
      "d" : "1756461330977876750",
      "t" : 1756461330977,
      "tn" : 1756461330977876750,
      "q" : "100000",
      "p" : "0.000009802",
      "s" : "buy",
      "i" : "PEPEUSD-PERP",
      "m" : "4611686018431413090"
    }, {
      "d" : "1756461301839057233",
      "t" : 1756461301839,
      "tn" : 1756461301839057233,
      "q" : "100000",
      "p" : "0.000009807",
      "s" : "buy",
      "i" : "PEPEUSD-PERP",
      "m" : "4611686018431413089"
    }, {
      "d" : "1756461290727698387",
      "t" : 1756461290727,
      "tn" : 1756461290727698387,
      "q" : "100000",
      "p" : "0.000009802",
      "s" : "buy",
      "i" : "PEPEUSD-PERP",
      "m" : "4611686018431413088"
    }, {
      "d" : "1756461261864818090",
      "t" : 1756461261864,
      "tn" : 1756461261864818089,
      "q" : "12900000",
      "p" : "0.000009800",
      "s" : "buy",
      "i" : "PEPEUSD-PERP",
      "m" : "4611686018431413087"
    }, {
      "d" : "1756461261864818089",
      "t" : 1756461261864,
      "tn" : 1756461261864818089,
      "q" : "100000",
      "p" : "0.000009800",
      "s" : "buy",
      "i" : "PEPEUSD-PERP",
      "m" : "4611686018431413087"
    }, {
      "d" : "1756461254476067235",
      "t" : 1756461254476,
      "tn" : 1756461254476067235,
      "q" : "100000",
      "p" : "0.000009800",
      "s" : "sell",
      "i" : "PEPEUSD-PERP",
      "m" : "4611686018431413086"
    }, {
      "d" : "1756461243574858534",
      "t" : 1756461243574,
      "tn" : 1756461243574858534,
      "q" : "100000",
      "p" : "0.000009802",
      "s" : "sell",
      "i" : "PEPEUSD-PERP",
      "m" : "4611686018431413085"
    }, {
      "d" : "1756461238136276196",
      "t" : 1756461238136,
      "tn" : 1756461238136276196,
      "q" : "100000",
      "p" : "0.000009800",
      "s" : "buy",
      "i" : "PEPEUSD-PERP",
      "m" : "4611686018431413084"
    }, {
      "d" : "1756461234116722676",
      "t" : 1756461234116,
      "tn" : 1756461234116722676,
      "q" : "100000",
      "p" : "0.000009798",
      "s" : "buy",
      "i" : "PEPEUSD-PERP",
      "m" : "4611686018431413083"
    }, {
      "d" : "1756461232159705520",
      "t" : 1756461232159,
      "tn" : 1756461232159705520,
      "q" : "100000",
      "p" : "0.000009796",
      "s" : "buy",
      "i" : "PEPEUSD-PERP",
      "m" : "4611686018431413082"
    }, {
      "d" : "1756461226778750469",
      "t" : 1756461226778,
      "tn" : 1756461226778750469,
      "q" : "100000",
      "p" : "0.000009794",
      "s" : "buy",
      "i" : "PEPEUSD-PERP",
      "m" : "4611686018431413081"
    }, {
      "d" : "1756461224175799324",
      "t" : 1756461224175,
      "tn" : 1756461224175799324,
      "q" : "100000",
      "p" : "0.000009795",
      "s" : "buy",
      "i" : "PEPEUSD-PERP",
      "m" : "4611686018431413080"
    }, {
      "d" : "1756461211742024712",
      "t" : 1756461211742,
      "tn" : 1756461211742024712,
      "q" : "100000",
      "p" : "0.000009794",
      "s" : "sell",
      "i" : "PEPEUSD-PERP",
      "m" : "4611686018431413079"
    }, {
      "d" : "1756461202986007727",
      "t" : 1756461202986,
      "tn" : 1756461202986007727,
      "q" : "100000",
      "p" : "0.000009791",
      "s" : "buy",
      "i" : "PEPEUSD-PERP",
      "m" : "4611686018431413078"
    }, {
      "d" : "1756461198553902704",
      "t" : 1756461198553,
      "tn" : 1756461198553902704,
      "q" : "100000",
      "p" : "0.000009792",
      "s" : "sell",
      "i" : "PEPEUSD-PERP",
      "m" : "4611686018431413077"
    }, {
      "d" : "1756461198077157890",
      "t" : 1756461198077,
      "tn" : 1756461198077157890,
      "q" : "100000",
      "p" : "0.000009793",
      "s" : "sell",
      "i" : "PEPEUSD-PERP",
      "m" : "4611686018431413076"
    }, {
      "d" : "1756461193730425041",
      "t" : 1756461193730,
      "tn" : 1756461193730425041,
      "q" : "100000",
      "p" : "0.000009793",
      "s" : "buy",
      "i" : "PEPEUSD-PERP",
      "m" : "4611686018431413075"
    }, {
      "d" : "1756461191045822968",
      "t" : 1756461191045,
      "tn" : 1756461191045822968,
      "q" : "100000",
      "p" : "0.000009794",
      "s" : "sell",
      "i" : "PEPEUSD-PERP",
      "m" : "4611686018431413074"
    }, {
      "d" : "1756461189630010896",
      "t" : 1756461189630,
      "tn" : 1756461189630010896,
      "q" : "100000",
      "p" : "0.000009797",
      "s" : "sell",
      "i" : "PEPEUSD-PERP",
      "m" : "4611686018431413073"
    }, {
      "d" : "1756461181703774683",
      "t" : 1756461181703,
      "tn" : 1756461181703774683,
      "q" : "100000",
      "p" : "0.000009792",
      "s" : "buy",
      "i" : "PEPEUSD-PERP",
      "m" : "4611686018431413072"
    }, {
      "d" : "1756461180059809287",
      "t" : 1756461180059,
      "tn" : 1756461180059809287,
      "q" : "100000",
      "p" : "0.000009792",
      "s" : "sell",
      "i" : "PEPEUSD-PERP",
      "m" : "4611686018431413071"
    }, {
      "d" : "1756461179794643303",
      "t" : 1756461179794,
      "tn" : 1756461179794643303,
      "q" : "20000000",
      "p" : "0.000009796",
      "s" : "buy",
      "i" : "PEPEUSD-PERP",
      "m" : "4611686018431413070"
    }, {
      "d" : "1756461179751109796",
      "t" : 1756461179751,
      "tn" : 1756461179751109796,
      "q" : "100000",
      "p" : "0.000009787",
      "s" : "buy",
      "i" : "PEPEUSD-PERP",
      "m" : "4611686018431413069"
    }, {
      "d" : "1756461179750743967",
      "t" : 1756461179750,
      "tn" : 1756461179750743967,
      "q" : "100000",
      "p" : "0.000009786",
      "s" : "buy",
      "i" : "PEPEUSD-PERP",
      "m" : "4611686018431413068"
    }, {
      "d" : "1756461176383192806",
      "t" : 1756461176383,
      "tn" : 1756461176383192806,
      "q" : "100000",
      "p" : "0.000009784",
      "s" : "buy",
      "i" : "PEPEUSD-PERP",
      "m" : "4611686018431413067"
    }, {
      "d" : "1756461173685233131",
      "t" : 1756461173685,
      "tn" : 1756461173685233131,
      "q" : "100000",
      "p" : "0.000009781",
      "s" : "buy",
      "i" : "PEPEUSD-PERP",
      "m" : "4611686018431413066"
    }, {
      "d" : "1756461158038873160",
      "t" : 1756461158038,
      "tn" : 1756461158038873160,
      "q" : "14000000",
      "p" : "0.000009780",
      "s" : "sell",
      "i" : "PEPEUSD-PERP",
      "m" : "4611686018431413065"
    }, {
      "d" : "1756461158038143314",
      "t" : 1756461158038,
      "tn" : 1756461158038143314,
      "q" : "2900000",
      "p" : "0.000009780",
      "s" : "sell",
      "i" : "PEPEUSD-PERP",
      "m" : "4611686018431413064"
    }, {
      "d" : "1756461158038141725",
      "t" : 1756461158038,
      "tn" : 1756461158038141725,
      "q" : "100000",
      "p" : "0.000009781",
      "s" : "sell",
      "i" : "PEPEUSD-PERP",
      "m" : "4611686018431413063"
    }, {
      "d" : "1756461148720576173",
      "t" : 1756461148720,
      "tn" : 1756461148720576173,
      "q" : "100000",
      "p" : "0.000009782",
      "s" : "buy",
      "i" : "PEPEUSD-PERP",
      "m" : "4611686018431413062"
    }, {
      "d" : "1756461148352670539",
      "t" : 1756461148352,
      "tn" : 1756461148352670539,
      "q" : "100000",
      "p" : "0.000009786",
      "s" : "sell",
      "i" : "PEPEUSD-PERP",
      "m" : "4611686018431413061"
    }, {
      "d" : "1756461148347662824",
      "t" : 1756461148347,
      "tn" : 1756461148347662824,
      "q" : "100000",
      "p" : "0.000009788",
      "s" : "sell",
      "i" : "PEPEUSD-PERP",
      "m" : "4611686018431413060"
    }, {
      "d" : "1756461141243180103",
      "t" : 1756461141243,
      "tn" : 1756461141243180102,
      "q" : "100000",
      "p" : "0.000009789",
      "s" : "buy",
      "i" : "PEPEUSD-PERP",
      "m" : "4611686018431413059"
    }, {
      "d" : "1756461141243180102",
      "t" : 1756461141243,
      "tn" : 1756461141243180102,
      "q" : "20700000",
      "p" : "0.000009789",
      "s" : "buy",
      "i" : "PEPEUSD-PERP",
      "m" : "4611686018431413059"
    }, {
      "d" : "1756461138234916662",
      "t" : 1756461138234,
      "tn" : 1756461138234916662,
      "q" : "100000",
      "p" : "0.000009791",
      "s" : "sell",
      "i" : "PEPEUSD-PERP",
      "m" : "4611686018431413058"
    }, {
      "d" : "1756461133922846728",
      "t" : 1756461133922,
      "tn" : 1756461133922846728,
      "q" : "100000",
      "p" : "0.000009793",
      "s" : "sell",
      "i" : "PEPEUSD-PERP",
      "m" : "4611686018431413057"
    }, {
      "d" : "1756461127507722382",
      "t" : 1756461127507,
      "tn" : 1756461127507722382,
      "q" : "100000",
      "p" : "0.000009793",
      "s" : "buy",
      "i" : "PEPEUSD-PERP",
      "m" : "4611686018431413056"
    }, {
      "d" : "1756461124222069621",
      "t" : 1756461124222,
      "tn" : 1756461124222069621,
      "q" : "100000",
      "p" : "0.000009790",
      "s" : "buy",
      "i" : "PEPEUSD-PERP",
      "m" : "4611686018431413055"
    }, {
      "d" : "1756461122560654350",
      "t" : 1756461122560,
      "tn" : 1756461122560654350,
      "q" : "100000",
      "p" : "0.000009789",
      "s" : "buy",
      "i" : "PEPEUSD-PERP",
      "m" : "4611686018431413054"
    }, {
      "d" : "1756461115542113677",
      "t" : 1756461115542,
      "tn" : 1756461115542113677,
      "q" : "100000",
      "p" : "0.000009787",
      "s" : "buy",
      "i" : "PEPEUSD-PERP",
      "m" : "4611686018431413053"
    }, {
      "d" : "1756461112785700949",
      "t" : 1756461112785,
      "tn" : 1756461112785700949,
      "q" : "100000",
      "p" : "0.000009786",
      "s" : "buy",
      "i" : "PEPEUSD-PERP",
      "m" : "4611686018431413052"
    }, {
      "d" : "1756461111117602183",
      "t" : 1756461111117,
      "tn" : 1756461111117602183,
      "q" : "20600000",
      "p" : "0.000009788",
      "s" : "buy",
      "i" : "PEPEUSD-PERP",
      "m" : "4611686018431413051"
    }, {
      "d" : "1756461111101431029",
      "t" : 1756461111101,
      "tn" : 1756461111101431029,
      "q" : "100000",
      "p" : "0.000009788",
      "s" : "sell",
      "i" : "PEPEUSD-PERP",
      "m" : "4611686018431413050"
    }, {
      "d" : "1756461110803522495",
      "t" : 1756461110803,
      "tn" : 1756461110803522495,
      "q" : "100000",
      "p" : "0.000009789",
      "s" : "sell",
      "i" : "PEPEUSD-PERP",
      "m" : "4611686018431413049"
    }, {
      "d" : "1756461083808608546",
      "t" : 1756461083808,
      "tn" : 1756461083808608546,
      "q" : "100000",
      "p" : "0.000009789",
      "s" : "buy",
      "i" : "PEPEUSD-PERP",
      "m" : "4611686018431413048"
    }, {
      "d" : "1756461083324515844",
      "t" : 1756461083324,
      "tn" : 1756461083324515844,
      "q" : "100000",
      "p" : "0.000009788",
      "s" : "buy",
      "i" : "PEPEUSD-PERP",
      "m" : "4611686018431413047"
    }, {
      "d" : "1756461076490214946",
      "t" : 1756461076490,
      "tn" : 1756461076490214946,
      "q" : "100000",
      "p" : "0.000009790",
      "s" : "sell",
      "i" : "PEPEUSD-PERP",
      "m" : "4611686018431413046"
    }, {
      "d" : "1756461073462035195",
      "t" : 1756461073462,
      "tn" : 1756461073462035195,
      "q" : "100000",
      "p" : "0.000009789",
      "s" : "buy",
      "i" : "PEPEUSD-PERP",
      "m" : "4611686018431413045"
    }, {
      "d" : "1756461066035824852",
      "t" : 1756461066035,
      "tn" : 1756461066035824852,
      "q" : "100000",
      "p" : "0.000009788",
      "s" : "buy",
      "i" : "PEPEUSD-PERP",
      "m" : "4611686018431413044"
    }, {
      "d" : "1756461064858223417",
      "t" : 1756461064858,
      "tn" : 1756461064858223417,
      "q" : "100000",
      "p" : "0.000009791",
      "s" : "sell",
      "i" : "PEPEUSD-PERP",
      "m" : "4611686018431413043"
    }, {
      "d" : "1756461060758069247",
      "t" : 1756461060758,
      "tn" : 1756461060758069247,
      "q" : "100000",
      "p" : "0.000009790",
      "s" : "buy",
      "i" : "PEPEUSD-PERP",
      "m" : "4611686018431413042"
    }, {
      "d" : "1756461054689220924",
      "t" : 1756461054689,
      "tn" : 1756461054689220924,
      "q" : "100000",
      "p" : "0.000009792",
      "s" : "sell",
      "i" : "PEPEUSD-PERP",
      "m" : "4611686018431413041"
    }, {
      "d" : "1756461050114164199",
      "t" : 1756461050114,
      "tn" : 1756461050114164199,
      "q" : "100000",
      "p" : "0.000009789",
      "s" : "buy",
      "i" : "PEPEUSD-PERP",
      "m" : "4611686018431413040"
    }, {
      "d" : "1756461049228556650",
      "t" : 1756461049228,
      "tn" : 1756461049228556650,
      "q" : "100000",
      "p" : "0.000009786",
      "s" : "buy",
      "i" : "PEPEUSD-PERP",
      "m" : "4611686018431413039"
    }, {
      "d" : "1756461047701509038",
      "t" : 1756461047701,
      "tn" : 1756461047701509038,
      "q" : "100000",
      "p" : "0.000009785",
      "s" : "buy",
      "i" : "PEPEUSD-PERP",
      "m" : "4611686018431413038"
    }, {
      "d" : "1756461047575524112",
      "t" : 1756461047575,
      "tn" : 1756461047575524112,
      "q" : "100000",
      "p" : "0.000009784",
      "s" : "buy",
      "i" : "PEPEUSD-PERP",
      "m" : "4611686018431413037"
    }, {
      "d" : "1756461042517445747",
      "t" : 1756461042517,
      "tn" : 1756461042517445747,
      "q" : "100000",
      "p" : "0.000009785",
      "s" : "buy",
      "i" : "PEPEUSD-PERP",
      "m" : "4611686018431413036"
    }, {
      "d" : "1756461041163279494",
      "t" : 1756461041163,
      "tn" : 1756461041163279494,
      "q" : "100000",
      "p" : "0.000009787",
      "s" : "sell",
      "i" : "PEPEUSD-PERP",
      "m" : "4611686018431413035"
    }, {
      "d" : "1756461037310872852",
      "t" : 1756461037310,
      "tn" : 1756461037310872852,
      "q" : "100000",
      "p" : "0.000009790",
      "s" : "buy",
      "i" : "PEPEUSD-PERP",
      "m" : "4611686018431413034"
    }, {
      "d" : "1756461036481642869",
      "t" : 1756461036481,
      "tn" : 1756461036481642869,
      "q" : "100000",
      "p" : "0.000009791",
      "s" : "sell",
      "i" : "PEPEUSD-PERP",
      "m" : "4611686018431413033"
    }, {
      "d" : "1756461031093015479",
      "t" : 1756461031093,
      "tn" : 1756461031093015479,
      "q" : "100000",
      "p" : "0.000009795",
      "s" : "sell",
      "i" : "PEPEUSD-PERP",
      "m" : "4611686018431413032"
    }, {
      "d" : "1756461026546116632",
      "t" : 1756461026546,
      "tn" : 1756461026546116632,
      "q" : "100000",
      "p" : "0.000009793",
      "s" : "buy",
      "i" : "PEPEUSD-PERP",
      "m" : "4611686018431413031"
    }, {
      "d" : "1756461026130889110",
      "t" : 1756461026130,
      "tn" : 1756461026130889109,
      "q" : "20400000",
      "p" : "0.000009796",
      "s" : "sell",
      "i" : "PEPEUSD-PERP",
      "m" : "4611686018431413030"
    }, {
      "d" : "1756461026130889109",
      "t" : 1756461026130,
      "tn" : 1756461026130889109,
      "q" : "100000",
      "p" : "0.000009796",
      "s" : "sell",
      "i" : "PEPEUSD-PERP",
      "m" : "4611686018431413030"
    }, {
      "d" : "1756461012840132598",
      "t" : 1756461012840,
      "tn" : 1756461012840132598,
      "q" : "100000",
      "p" : "0.000009794",
      "s" : "sell",
      "i" : "PEPEUSD-PERP",
      "m" : "4611686018431413029"
    }, {
      "d" : "1756461012505615575",
      "t" : 1756461012505,
      "tn" : 1756461012505615575,
      "q" : "100000",
      "p" : "0.000009796",
      "s" : "buy",
      "i" : "PEPEUSD-PERP",
      "m" : "4611686018431413028"
    }, {
      "d" : "1756460955721176226",
      "t" : 1756460955721,
      "tn" : 1756460955721176226,
      "q" : "100000",
      "p" : "0.000009803",
      "s" : "sell",
      "i" : "PEPEUSD-PERP",
      "m" : "4611686018431413027"
    }, {
      "d" : "1756460945086280347",
      "t" : 1756460945086,
      "tn" : 1756460945086280347,
      "q" : "100000",
      "p" : "0.000009794",
      "s" : "sell",
      "i" : "PEPEUSD-PERP",
      "m" : "4611686018431413026"
    }, {
      "d" : "1756460929233809114",
      "t" : 1756460929233,
      "tn" : 1756460929233809114,
      "q" : "100000",
      "p" : "0.000009795",
      "s" : "sell",
      "i" : "PEPEUSD-PERP",
      "m" : "4611686018431413025"
    } ]
  }
}