{
  "id" : -1,
  "method" : "public/get-trades",
  "code" : 0,
  "result" : {
    "data" : [ {
      "d" : "1756455627346221851",
      "t" : 1756455627346,
      "tn" : 1756455627346221851,
      "q" : "110000",
      "p" : "0.000008381",
      "s" : "sell",
      "i" : "PEPE_EUR",
      "m" : "4611686018427413224"
    }, {
      "d" : "1756445688628083992",
      "t" : 1756445688628,
      "tn" : 1756445688628083992,
      "q" : "10800000",
      "p" : "0.000008706",
      "s" : "buy",
      "i" : "PEPE_EUR",
      "m" : "4611686018427413223"
    }, {
      "d" : "1756434513642985243",
      "t" : 1756434513642,
      "tn" : 1756434513642985243,
      "q" : "620000",
      "p" : "0.000008768",
      "s" : "buy",
      "i" : "PEPE_EUR",
      "m" : "4611686018427413222"
    }, {
      "d" : "1756391131780602186",
      "t" : 1756391131780,
      "tn" : 1756391131780602186,
      "q" : "4540000",
      "p" : "0.000008715",
      "s" : "sell",
      "i" : "PEPE_EUR",
      "m" : "4611686018427413221"
    }, {
      "d" : "1756391117357824138",
      "t" : 1756391117357,
      "tn" : 1756391117357824138,
      "q" : "120000",
      "p" : "0.000008715",
      "s" : "sell",
      "i" : "PEPE_EUR",
      "m" : "4611686018427413220"
    }, {
      "d" : "1756391117342818207",
      "t" : 1756391117342,
      "tn" : 1756391117342818207,
      "q" : "120000",
      "p" : "0.000008715",
      "s" : "sell",
      "i" : "PEPE_EUR",
      "m" : "4611686018427413219"
    }, {
      "d" : "1756391117327763946",
      "t" : 1756391117327,
      "tn" : 1756391117327763946,
      "q" : "120000",
      "p" : "0.000008715",
      "s" : "sell",
      "i" : "PEPE_EUR",
      "m" : "4611686018427413218"
    }, {
      "d" : "1756391117317775243",
      "t" : 1756391117317,
      "tn" : 1756391117317775243,
      "q" : "120000",
      "p" : "0.000008715",
      "s" : "sell",
      "i" : "PEPE_EUR",
      "m" : "4611686018427413217"
    }, {
      "d" : "1756391117297746108",
      "t" : 1756391117297,
      "tn" : 1756391117297746108,
      "q" : "120000",
      "p" : "0.000008715",
      "s" : "sell",
      "i" : "PEPE_EUR",
      "m" : "4611686018427413216"
    }, {
      "d" : "1756391117277725966",
      "t" : 1756391117277,
      "tn" : 1756391117277725966,
      "q" : "120000",
      "p" : "0.000008715",
      "s" : "sell",
      "i" : "PEPE_EUR",
      "m" : "4611686018427413215"
    }, {
      "d" : "1756391117262759333",
      "t" : 1756391117262,
      "tn" : 1756391117262759333,
      "q" : "120000",
      "p" : "0.000008715",
      "s" : "sell",
      "i" : "PEPE_EUR",
      "m" : "4611686018427413214"
    }, {
      "d" : "1756391117253046660",
      "t" : 1756391117253,
      "tn" : 1756391117253046660,
      "q" : "120000",
      "p" : "0.000008715",
      "s" : "sell",
      "i" : "PEPE_EUR",
      "m" : "4611686018427413213"
    }, {
      "d" : "1756388238535602990",
      "t" : 1756388238535,
      "tn" : 1756388238535602990,
      "q" : "46100000",
      "p" : "0.000008717",
      "s" : "sell",
      "i" : "PEPE_EUR",
      "m" : "4611686018427413212"
    } ]
  }
}