{
  "id" : -1,
  "method" : "public/get-trades",
  "code" : 0,
  "result" : {
    "data" : [ {
      "d" : "1756462067575452248",
      "t" : 1756462067575,
      "tn" : 1756462067575452248,
      "q" : "120000",
      "p" : "0.000009834",
      "s" : "sell",
      "i" : "PEPE_USD",
      "m" : "4611686018436936813"
    }, {
      "d" : "1756462061695320882",
      "t" : 1756462061695,
      "tn" : 1756462061695320882,
      "q" : "120000",
      "p" : "0.000009835",
      "s" : "sell",
      "i" : "PEPE_USD",
      "m" : "4611686018436936812"
    }, {
      "d" : "1756462058660160312",
      "t" : 1756462058660,
      "tn" : 1756462058660160312,
      "q" : "120000",
      "p" : "0.000009828",
      "s" : "buy",
      "i" : "PEPE_USD",
      "m" : "4611686018436936811"
    }, {
      "d" : "1756462010789248489",
      "t" : 1756462010789,
      "tn" : 1756462010789248489,
      "q" : "120000",
      "p" : "0.000009827",
      "s" : "buy",
      "i" : "PEPE_USD",
      "m" : "4611686018436936810"
    }, {
      "d" : "1756461998674322314",
      "t" : 1756461998674,
      "tn" : 1756461998674322314,
      "q" : "120000",
      "p" : "0.000009826",
      "s" : "sell",
      "i" : "PEPE_USD",
      "m" : "4611686018436936809"
    }, {
      "d" : "1756461998074478861",
      "t" : 1756461998074,
      "tn" : 1756461998074478861,
      "q" : "2030000",
      "p" : "0.000009823",
      "s" : "buy",
      "i" : "PEPE_USD",
      "m" : "4611686018436936808"
    }, {
      "d" : "1756461997209942899",
      "t" : 1756461997209,
      "tn" : 1756461997209942899,
      "q" : "3330000",
      "p" : "0.000009824",
      "s" : "buy",
      "i" : "PEPE_USD",
      "m" : "4611686018436936807"
    }, {
      "d" : "1756461997067173524",
      "t" : 1756461997067,
      "tn" : 1756461997067173524,
      "q" : "120000",
      "p" : "0.000009819",
      "s" : "buy",
      "i" : "PEPE_USD",
      "m" : "4611686018436936806"
    }, {
      "d" : "1756461995461247512",
      "t" : 1756461995461,
      "tn" : 1756461995461247512,
      "q" : "1920000",
      "p" : "0.000009822",
      "s" : "buy",
      "i" : "PEPE_USD",
      "m" : "4611686018436936805"
    }, {
      "d" : "1756461995461245220",
      "t" : 1756461995461,
      "tn" : 1756461995461245220,
      "q" : "120000",
      "p" : "0.000009817",
      "s" : "buy",
      "i" : "PEPE_USD",
      "m" : "4611686018436936804"
    }, {
      "d" : "1756461994914583956",
      "t" : 1756461994914,
      "tn" : 1756461994914583956,
      "q" : "120000",
      "p" : "0.000009817",
      "s" : "buy",
      "i" : "PEPE_USD",
      "m" : "4611686018436936803"
    }, {
      "d" : "1756461993996041249",
      "t" : 1756461993996,
      "tn" : 1756461993996041249,
      "q" : "120000",
      "p" : "0.000009818",
      "s" : "buy",
      "i" : "PEPE_USD",
      "m" : "4611686018436936802"
    }, {
      "d" : "1756461991040479606",
      "t" : 1756461991040,
      "tn" : 1756461991040479606,
      "q" : "120000",
      "p" : "0.000009817",
      "s" : "buy",
      "i" : "PEPE_USD",
      "m" : "4611686018436936801"
    }, {
      "d" : "1756461988788890610",
      "t" : 1756461988788,
      "tn" : 1756461988788890610,
      "q" : "1920000",
      "p" : "0.000009820",
      "s" : "buy",
      "i" : "PEPE_USD",
      "m" : "4611686018436936800"
    }, {
      "d" : "1756461988788888454",
      "t" : 1756461988788,
      "tn" : 1756461988788888454,
      "q" : "120000",
      "p" : "0.000009817",
      "s" : "buy",
      "i" : "PEPE_USD",
      "m" : "4611686018436936799"
    }, {
      "d" : "1756461984925147860",
      "t" : 1756461984925,
      "tn" : 1756461984925147860,
      "q" : "120000",
      "p" : "0.000009817",
      "s" : "buy",
      "i" : "PEPE_USD",
      "m" : "4611686018436936798"
    }, {
      "d" : "1756461982747613199",
      "t" : 1756461982747,
      "tn" : 1756461982747613199,
      "q" : "120000",
      "p" : "0.000009817",
      "s" : "buy",
      "i" : "PEPE_USD",
      "m" : "4611686018436936797"
    }, {
      "d" : "1756461980995087386",
      "t" : 1756461980995,
      "tn" : 1756461980995087386,
      "q" : "1910000",
      "p" : "0.000009823",
      "s" : "buy",
      "i" : "PEPE_USD",
      "m" : "4611686018436936796"
    }, {
      "d" : "1756461980995084786",
      "t" : 1756461980995,
      "tn" : 1756461980995084786,
      "q" : "120000",
      "p" : "0.000009818",
      "s" : "buy",
      "i" : "PEPE_USD",
      "m" : "4611686018436936795"
    }, {
      "d" : "1756461978936896247",
      "t" : 1756461978936,
      "tn" : 1756461978936896247,
      "q" : "120000",
      "p" : "0.000009817",
      "s" : "buy",
      "i" : "PEPE_USD",
      "m" : "4611686018436936794"
    }, {
      "d" : "1756461972919863625",
      "t" : 1756461972919,
      "tn" : 1756461972919863625,
      "q" : "120000",
      "p" : "0.000009817",
      "s" : "buy",
      "i" : "PEPE_USD",
      "m" : "4611686018436936793"
    }, {
      "d" : "1756461965572501492",
      "t" : 1756461965572,
      "tn" : 1756461965572501492,
      "q" : "120000",
      "p" : "0.000009816",
      "s" : "sell",
      "i" : "PEPE_USD",
      "m" : "4611686018436936792"
    }, {
      "d" : "1756461964735146922",
      "t" : 1756461964735,
      "tn" : 1756461964735146922,
      "q" : "120000",
      "p" : "0.000009808",
      "s" : "buy",
      "i" : "PEPE_USD",
      "m" : "4611686018436936791"
    }, {
      "d" : "1756461964728803876",
      "t" : 1756461964728,
      "tn" : 1756461964728803876,
      "q" : "120000",
      "p" : "0.000009807",
      "s" : "buy",
      "i" : "PEPE_USD",
      "m" : "4611686018436936790"
    }, {
      "d" : "1756461959708956435",
      "t" : 1756461959708,
      "tn" : 1756461959708956435,
      "q" : "120000",
      "p" : "0.000009807",
      "s" : "buy",
      "i" : "PEPE_USD",
      "m" : "4611686018436936789"
    }, {
      "d" : "1756461958788713340",
      "t" : 1756461958788,
      "tn" : 1756461958788713340,
      "q" : "120000",
      "p" : "0.000009815",
      "s" : "sell",
      "i" : "PEPE_USD",
      "m" : "4611686018436936788"
    }, {
      "d" : "1756461958769334326",
      "t" : 1756461958769,
      "tn" : 1756461958769334326,
      "q" : "120000",
      "p" : "0.000009815",
      "s" : "sell",
      "i" : "PEPE_USD",
      "m" : "4611686018436936787"
    }, {
      "d" : "1756461956826510546",
      "t" : 1756461956826,
      "tn" : 1756461956826510546,
      "q" : "120000",
      "p" : "0.000009816",
      "s" : "sell",
      "i" : "PEPE_USD",
      "m" : "4611686018436936786"
    }, {
      "d" : "1756461954219145541",
      "t" : 1756461954219,
      "tn" : 1756461954219145541,
      "q" : "1910000",
      "p" : "0.000009812",
      "s" : "sell",
      "i" : "PEPE_USD",
      "m" : "4611686018436936785"
    }, {
      "d" : "1756461954219142861",
      "t" : 1756461954219,
      "tn" : 1756461954219142861,
      "q" : "120000",
      "p" : "0.000009816",
      "s" : "sell",
      "i" : "PEPE_USD",
      "m" : "4611686018436936784"
    }, {
      "d" : "1756461941649228993",
      "t" : 1756461941649,
      "tn" : 1756461941649228993,
      "q" : "120000",
      "p" : "0.000009816",
      "s" : "sell",
      "i" : "PEPE_USD",
      "m" : "4611686018436936783"
    }, {
      "d" : "1756461940780046005",
      "t" : 1756461940780,
      "tn" : 1756461940780046005,
      "q" : "120000",
      "p" : "0.000009810",
      "s" : "buy",
      "i" : "PEPE_USD",
      "m" : "4611686018436936782"
    }, {
      "d" : "1756461939662606430",
      "t" : 1756461939662,
      "tn" : 1756461939662606430,
      "q" : "120000",
      "p" : "0.000009808",
      "s" : "buy",
      "i" : "PEPE_USD",
      "m" : "4611686018436936781"
    }, {
      "d" : "1756461931829059178",
      "t" : 1756461931829,
      "tn" : 1756461931829059178,
      "q" : "120000",
      "p" : "0.000009809",
      "s" : "buy",
      "i" : "PEPE_USD",
      "m" : "4611686018436936780"
    }, {
      "d" : "1756461931784239777",
      "t" : 1756461931784,
      "tn" : 1756461931784239777,
      "q" : "1920000",
      "p" : "0.000009814",
      "s" : "buy",
      "i" : "PEPE_USD",
      "m" : "4611686018436936779"
    }, {
      "d" : "1756461931784237652",
      "t" : 1756461931784,
      "tn" : 1756461931784237652,
      "q" : "120000",
      "p" : "0.000009809",
      "s" : "buy",
      "i" : "PEPE_USD",
      "m" : "4611686018436936778"
    }, {
      "d" : "1756461931752599601",
      "t" : 1756461931752,
      "tn" : 1756461931752599601,
      "q" : "120000",
      "p" : "0.000009809",
      "s" : "buy",
      "i" : "PEPE_USD",
      "m" : "4611686018436936777"
    }, {
      "d" : "1756461927199441975",
      "t" : 1756461927199,
      "tn" : 1756461927199441975,
      "q" : "1920000",
      "p" : "0.000009812",
      "s" : "buy",
      "i" : "PEPE_USD",
      "m" : "4611686018436936776"
    }, {
      "d" : "1756461927199439655",
      "t" : 1756461927199,
      "tn" : 1756461927199439655,
      "q" : "120000",
      "p" : "0.000009807",
      "s" : "buy",
      "i" : "PEPE_USD",
      "m" : "4611686018436936775"
    }, {
      "d" : "1756461917374770115",
      "t" : 1756461917374,
      "tn" : 1756461917374770115,
      "q" : "120000",
      "p" : "0.000009807",
      "s" : "buy",
      "i" : "PEPE_USD",
      "m" : "4611686018436936774"
    }, {
      "d" : "1756461905203288655",
      "t" : 1756461905203,
      "tn" : 1756461905203288655,
      "q" : "120000",
      "p" : "0.000009808",
      "s" : "buy",
      "i" : "PEPE_USD",
      "m" : "4611686018436936773"
    }, {
      "d" : "1756461900918195135",
      "t" : 1756461900918,
      "tn" : 1756461900918195135,
      "q" : "600000",
      "p" : "0.000009815",
      "s" : "sell",
      "i" : "PEPE_USD",
      "m" : "4611686018436936772"
    }, {
      "d" : "1756461900905469751",
      "t" : 1756461900905,
      "tn" : 1756461900905469751,
      "q" : "1650000",
      "p" : "0.000009815",
      "s" : "buy",
      "i" : "PEPE_USD",
      "m" : "4611686018436936771"
    }, {
      "d" : "1756461900773693396",
      "t" : 1756461900773,
      "tn" : 1756461900773693396,
      "q" : "120000",
      "p" : "0.000009814",
      "s" : "sell",
      "i" : "PEPE_USD",
      "m" : "4611686018436936770"
    }, {
      "d" : "1756461899948740814",
      "t" : 1756461899948,
      "tn" : 1756461899948740814,
      "q" : "120000",
      "p" : "0.000009809",
      "s" : "buy",
      "i" : "PEPE_USD",
      "m" : "4611686018436936769"
    }, {
      "d" : "1756461899448132142",
      "t" : 1756461899448,
      "tn" : 1756461899448132142,
      "q" : "120000",
      "p" : "0.000009809",
      "s" : "buy",
      "i" : "PEPE_USD",
      "m" : "4611686018436936768"
    }, {
      "d" : "1756461898242416108",
      "t" : 1756461898242,
      "tn" : 1756461898242416108,
      "q" : "120000",
      "p" : "0.000009807",
      "s" : "buy",
      "i" : "PEPE_USD",
      "m" : "4611686018436936767"
    }, {
      "d" : "1756461898199312428",
      "t" : 1756461898199,
      "tn" : 1756461898199312428,
      "q" : "120000",
      "p" : "0.000009807",
      "s" : "buy",
      "i" : "PEPE_USD",
      "m" : "4611686018436936766"
    }, {
      "d" : "1756461898188121666",
      "t" : 1756461898188,
      "tn" : 1756461898188121666,
      "q" : "1910000",
      "p" : "0.000009812",
      "s" : "buy",
      "i" : "PEPE_USD",
      "m" : "4611686018436936765"
    }, {
      "d" : "1756461898188119678",
      "t" : 1756461898188,
      "tn" : 1756461898188119678,
      "q" : "120000",
      "p" : "0.000009808",
      "s" : "buy",
      "i" : "PEPE_USD",
      "m" : "4611686018436936764"
    }, {
      "d" : "1756461898145221949",
      "t" : 1756461898145,
      "tn" : 1756461898145221949,
      "q" : "120000",
      "p" : "0.000009808",
      "s" : "buy",
      "i" : "PEPE_USD",
      "m" : "4611686018436936763"
    }, {
      "d" : "1756461895137338676",
      "t" : 1756461895137,
      "tn" : 1756461895137338676,
      "q" : "120000",
      "p" : "0.000009807",
      "s" : "buy",
      "i" : "PEPE_USD",
      "m" : "4611686018436936762"
    }, {
      "d" : "1756461888935137335",
      "t" : 1756461888935,
      "tn" : 1756461888935137335,
      "q" : "120000",
      "p" : "0.000009807",
      "s" : "buy",
      "i" : "PEPE_USD",
      "m" : "4611686018436936761"
    }, {
      "d" : "1756461883028868569",
      "t" : 1756461883028,
      "tn" : 1756461883028868569,
      "q" : "120000",
      "p" : "0.000009807",
      "s" : "buy",
      "i" : "PEPE_USD",
      "m" : "4611686018436936760"
    }, {
      "d" : "1756461880658008620",
      "t" : 1756461880658,
      "tn" : 1756461880658008620,
      "q" : "120000",
      "p" : "0.000009807",
      "s" : "buy",
      "i" : "PEPE_USD",
      "m" : "4611686018436936759"
    }, {
      "d" : "1756461876986032929",
      "t" : 1756461876986,
      "tn" : 1756461876986032929,
      "q" : "120000",
      "p" : "0.000009807",
      "s" : "buy",
      "i" : "PEPE_USD",
      "m" : "4611686018436936758"
    }, {
      "d" : "1756461874025977564",
      "t" : 1756461874025,
      "tn" : 1756461874025977564,
      "q" : "120000",
      "p" : "0.000009806",
      "s" : "sell",
      "i" : "PEPE_USD",
      "m" : "4611686018436936757"
    }, {
      "d" : "1756461870835966187",
      "t" : 1756461870835,
      "tn" : 1756461870835966187,
      "q" : "120000",
      "p" : "0.000009808",
      "s" : "buy",
      "i" : "PEPE_USD",
      "m" : "4611686018436936756"
    }, {
      "d" : "1756461866421300362",
      "t" : 1756461866421,
      "tn" : 1756461866421300362,
      "q" : "120000",
      "p" : "0.000009808",
      "s" : "buy",
      "i" : "PEPE_USD",
      "m" : "4611686018436936755"
    }, {
      "d" : "1756461864690082446",
      "t" : 1756461864690,
      "tn" : 1756461864690082446,
      "q" : "120000",
      "p" : "0.000009807",
      "s" : "buy",
      "i" : "PEPE_USD",
      "m" : "4611686018436936754"
    }, {
      "d" : "1756461864628729226",
      "t" : 1756461864628,
      "tn" : 1756461864628729226,
      "q" : "120000",
      "p" : "0.000009807",
      "s" : "buy",
      "i" : "PEPE_USD",
      "m" : "4611686018436936753"
    }, {
      "d" : "1756461860065480964",
      "t" : 1756461860065,
      "tn" : 1756461860065480964,
      "q" : "2040000",
      "p" : "0.000009811",
      "s" : "sell",
      "i" : "PEPE_USD",
      "m" : "4611686018436936752"
    }, {
      "d" : "1756461858781502194",
      "t" : 1756461858781,
      "tn" : 1756461858781502194,
      "q" : "3970000",
      "p" : "0.000009811",
      "s" : "sell",
      "i" : "PEPE_USD",
      "m" : "4611686018436936751"
    }, {
      "d" : "1756461858607471391",
      "t" : 1756461858607,
      "tn" : 1756461858607471391,
      "q" : "2600000",
      "p" : "0.000009810",
      "s" : "buy",
      "i" : "PEPE_USD",
      "m" : "4611686018436936750"
    }, {
      "d" : "1756461858607469062",
      "t" : 1756461858607,
      "tn" : 1756461858607469062,
      "q" : "120000",
      "p" : "0.000009808",
      "s" : "buy",
      "i" : "PEPE_USD",
      "m" : "4611686018436936749"
    }, {
      "d" : "1756461856261124930",
      "t" : 1756461856261,
      "tn" : 1756461856261124930,
      "q" : "410000",
      "p" : "0.000009810",
      "s" : "sell",
      "i" : "PEPE_USD",
      "m" : "4611686018436936748"
    }, {
      "d" : "1756461856261122831",
      "t" : 1756461856261,
      "tn" : 1756461856261122831,
      "q" : "1510000",
      "p" : "0.000009811",
      "s" : "sell",
      "i" : "PEPE_USD",
      "m" : "4611686018436936747"
    }, {
      "d" : "1756461856261120306",
      "t" : 1756461856261,
      "tn" : 1756461856261120306,
      "q" : "120000",
      "p" : "0.000009815",
      "s" : "sell",
      "i" : "PEPE_USD",
      "m" : "4611686018436936746"
    }, {
      "d" : "1756461854372572368",
      "t" : 1756461854372,
      "tn" : 1756461854372572368,
      "q" : "1910000",
      "p" : "0.000009811",
      "s" : "sell",
      "i" : "PEPE_USD",
      "m" : "4611686018436936745"
    }, {
      "d" : "1756461854372570354",
      "t" : 1756461854372,
      "tn" : 1756461854372570354,
      "q" : "120000",
      "p" : "0.000009815",
      "s" : "sell",
      "i" : "PEPE_USD",
      "m" : "4611686018436936744"
    }, {
      "d" : "1756461853713736653",
      "t" : 1756461853713,
      "tn" : 1756461853713736653,
      "q" : "120000",
      "p" : "0.000009815",
      "s" : "sell",
      "i" : "PEPE_USD",
      "m" : "4611686018436936743"
    }, {
      "d" : "1756461847780152153",
      "t" : 1756461847780,
      "tn" : 1756461847780152153,
      "q" : "120000",
      "p" : "0.000009816",
      "s" : "sell",
      "i" : "PEPE_USD",
      "m" : "4611686018436936742"
    }, {
      "d" : "1756461847005961381",
      "t" : 1756461847005,
      "tn" : 1756461847005961381,
      "q" : "120000",
      "p" : "0.000009808",
      "s" : "buy",
      "i" : "PEPE_USD",
      "m" : "4611686018436936741"
    }, {
      "d" : "1756461846996088623",
      "t" : 1756461846996,
      "tn" : 1756461846996088623,
      "q" : "1910000",
      "p" : "0.000009812",
      "s" : "buy",
      "i" : "PEPE_USD",
      "m" : "4611686018436936740"
    }, {
      "d" : "1756461846996086401",
      "t" : 1756461846996,
      "tn" : 1756461846996086401,
      "q" : "120000",
      "p" : "0.000009808",
      "s" : "buy",
      "i" : "PEPE_USD",
      "m" : "4611686018436936739"
    }, {
      "d" : "1756461846993281751",
      "t" : 1756461846993,
      "tn" : 1756461846993281751,
      "q" : "120000",
      "p" : "0.000009808",
      "s" : "buy",
      "i" : "PEPE_USD",
      "m" : "4611686018436936738"
    }, {
      "d" : "1756461844597594630",
      "t" : 1756461844597,
      "tn" : 1756461844597594630,
      "q" : "120000",
      "p" : "0.000009807",
      "s" : "buy",
      "i" : "PEPE_USD",
      "m" : "4611686018436936737"
    }, {
      "d" : "1756461844392070722",
      "t" : 1756461844392,
      "tn" : 1756461844392070722,
      "q" : "3760000",
      "p" : "0.000009812",
      "s" : "sell",
      "i" : "PEPE_USD",
      "m" : "4611686018436936736"
    }, {
      "d" : "1756461844392067875",
      "t" : 1756461844392,
      "tn" : 1756461844392067875,
      "q" : "120000",
      "p" : "0.000009816",
      "s" : "sell",
      "i" : "PEPE_USD",
      "m" : "4611686018436936735"
    }, {
      "d" : "1756461844245211293",
      "t" : 1756461844245,
      "tn" : 1756461844245211293,
      "q" : "120000",
      "p" : "0.000009816",
      "s" : "sell",
      "i" : "PEPE_USD",
      "m" : "4611686018436936734"
    }, {
      "d" : "1756461837877793333",
      "t" : 1756461837877,
      "tn" : 1756461837877793333,
      "q" : "3180000",
      "p" : "0.000009814",
      "s" : "sell",
      "i" : "PEPE_USD",
      "m" : "4611686018436936733"
    }, {
      "d" : "1756461837877791449",
      "t" : 1756461837877,
      "tn" : 1756461837877791449,
      "q" : "120000",
      "p" : "0.000009816",
      "s" : "sell",
      "i" : "PEPE_USD",
      "m" : "4611686018436936732"
    }, {
      "d" : "1756461837828317269",
      "t" : 1756461837828,
      "tn" : 1756461837828317269,
      "q" : "120000",
      "p" : "0.000009816",
      "s" : "sell",
      "i" : "PEPE_USD",
      "m" : "4611686018436936731"
    }, {
      "d" : "1756461837806568223",
      "t" : 1756461837806,
      "tn" : 1756461837806568223,
      "q" : "120000",
      "p" : "0.000009816",
      "s" : "sell",
      "i" : "PEPE_USD",
      "m" : "4611686018436936730"
    }, {
      "d" : "1756461837780151322",
      "t" : 1756461837780,
      "tn" : 1756461837780151322,
      "q" : "120000",
      "p" : "0.000009816",
      "s" : "sell",
      "i" : "PEPE_USD",
      "m" : "4611686018436936729"
    }, {
      "d" : "1756461837746632141",
      "t" : 1756461837746,
      "tn" : 1756461837746632141,
      "q" : "1760000",
      "p" : "0.000009815",
      "s" : "sell",
      "i" : "PEPE_USD",
      "m" : "4611686018436936728"
    }, {
      "d" : "1756461837741638426",
      "t" : 1756461837741,
      "tn" : 1756461837741638426,
      "q" : "120000",
      "p" : "0.000009816",
      "s" : "sell",
      "i" : "PEPE_USD",
      "m" : "4611686018436936727"
    }, {
      "d" : "1756461827903094123",
      "t" : 1756461827903,
      "tn" : 1756461827903094123,
      "q" : "120000",
      "p" : "0.000009817",
      "s" : "buy",
      "i" : "PEPE_USD",
      "m" : "4611686018436936726"
    }, {
      "d" : "1756461823307808046",
      "t" : 1756461823307,
      "tn" : 1756461823307808046,
      "q" : "120000",
      "p" : "0.000009818",
      "s" : "buy",
      "i" : "PEPE_USD",
      "m" : "4611686018436936725"
    }, {
      "d" : "1756461819899924430",
      "t" : 1756461819899,
      "tn" : 1756461819899924430,
      "q" : "120000",
      "p" : "0.000009817",
      "s" : "buy",
      "i" : "PEPE_USD",
      "m" : "4611686018436936724"
    }, {
      "d" : "1756461812540764419",
      "t" : 1756461812540,
      "tn" : 1756461812540764419,
      "q" : "120000",
      "p" : "0.000009818",
      "s" : "buy",
      "i" : "PEPE_USD",
      "m" : "4611686018436936723"
    }, {
      "d" : "1756461812192458762",
      "t" : 1756461812192,
      "tn" : 1756461812192458762,
      "q" : "120000",
      "p" : "0.000009817",
      "s" : "buy",
      "i" : "PEPE_USD",
      "m" : "4611686018436936722"
    }, {
      "d" : "1756461809553468604",
      "t" : 1756461809553,
      "tn" : 1756461809553468604,
      "q" : "2040000",
      "p" : "0.000009818",
      "s" : "sell",
      "i" : "PEPE_USD",
      "m" : "4611686018436936721"
    }, {
      "d" : "1756461808951472546",
      "t" : 1756461808951,
      "tn" : 1756461808951472546,
      "q" : "1900000",
      "p" : "0.000009822",
      "s" : "sell",
      "i" : "PEPE_USD",
      "m" : "4611686018436936720"
    }, {
      "d" : "1756461808951470201",
      "t" : 1756461808951,
      "tn" : 1756461808951470201,
      "q" : "120000",
      "p" : "0.000009826",
      "s" : "sell",
      "i" : "PEPE_USD",
      "m" : "4611686018436936719"
    }, {
      "d" : "1756461805129906392",
      "t" : 1756461805129,
      "tn" : 1756461805129906392,
      "q" : "120000",
      "p" : "0.000009826",
      "s" : "sell",
      "i" : "PEPE_USD",
      "m" : "4611686018436936718"
    }, {
      "d" : "1756461781719762341",
      "t" : 1756461781719,
      "tn" : 1756461781719762341,
      "q" : "4630000",
      "p" : "0.000009831",
      "s" : "buy",
      "i" : "PEPE_USD",
      "m" : "4611686018436936717"
    }, {
      "d" : "1756461758075923537",
      "t" : 1756461758075,
      "tn" : 1756461758075923537,
      "q" : "6770000",
      "p" : "0.000009827",
      "s" : "sell",
      "i" : "PEPE_USD",
      "m" : "4611686018436936716"
    }, {
      "d" : "1756461756990848607",
      "t" : 1756461756990,
      "tn" : 1756461756990848607,
      "q" : "120000",
      "p" : "0.000009827",
      "s" : "buy",
      "i" : "PEPE_USD",
      "m" : "4611686018436936715"
    }, {
      "d" : "1756461755280523183",
      "t" : 1756461755280,
      "tn" : 1756461755280523183,
      "q" : "1910000",
      "p" : "0.000009831",
      "s" : "buy",
      "i" : "PEPE_USD",
      "m" : "4611686018436936714"
    }, {
      "d" : "1756461755280520405",
      "t" : 1756461755280,
      "tn" : 1756461755280520405,
      "q" : "120000",
      "p" : "0.000009827",
      "s" : "buy",
      "i" : "PEPE_USD",
      "m" : "4611686018436936713"
    }, {
      "d" : "1756461754555955525",
      "t" : 1756461754555,
      "tn" : 1756461754555955525,
      "q" : "120000",
      "p" : "0.000009827",
      "s" : "buy",
      "i" : "PEPE_USD",
      "m" : "4611686018436936712"
    }, {
      "d" : "1756461751097928291",
      "t" : 1756461751097,
      "tn" : 1756461751097928291,
      "q" : "120000",
      "p" : "0.000009827",
      "s" : "buy",
      "i" : "PEPE_USD",
      "m" : "4611686018436936711"
    }, {
      "d" : "1756461733638685794",
      "t" : 1756461733638,
      "tn" : 1756461733638685794,
      "q" : "120000",
      "p" : "0.000009824",
      "s" : "sell",
      "i" : "PEPE_USD",
      "m" : "4611686018436936710"
    }, {
      "d" : "1756461732892558710",
      "t" : 1756461732892,
      "tn" : 1756461732892558710,
      "q" : "170000",
      "p" : "0.000009822",
      "s" : "buy",
      "i" : "PEPE_USD",
      "m" : "4611686018436936709"
    }, {
      "d" : "1756461732892557026",
      "t" : 1756461732892,
      "tn" : 1756461732892557026,
      "q" : "1750000",
      "p" : "0.000009821",
      "s" : "buy",
      "i" : "PEPE_USD",
      "m" : "4611686018436936708"
    }, {
      "d" : "1756461732892554589",
      "t" : 1756461732892,
      "tn" : 1756461732892554589,
      "q" : "120000",
      "p" : "0.000009818",
      "s" : "buy",
      "i" : "PEPE_USD",
      "m" : "4611686018436936707"
    }, {
      "d" : "1756461725663518107",
      "t" : 1756461725663,
      "tn" : 1756461725663518107,
      "q" : "120000",
      "p" : "0.000009818",
      "s" : "buy",
      "i" : "PEPE_USD",
      "m" : "4611686018436936706"
    }, {
      "d" : "1756461723505238089",
      "t" : 1756461723505,
      "tn" : 1756461723505238089,
      "q" : "80000",
      "p" : "0.000009821",
      "s" : "buy",
      "i" : "PEPE_USD",
      "m" : "4611686018436936705"
    }, {
      "d" : "1756461723505235894",
      "t" : 1756461723505,
      "tn" : 1756461723505235894,
      "q" : "1950000",
      "p" : "0.000009820",
      "s" : "buy",
      "i" : "PEPE_USD",
      "m" : "4611686018436936704"
    }, {
      "d" : "1756461691508301429",
      "t" : 1756461691508,
      "tn" : 1756461691508301429,
      "q" : "77870000",
      "p" : "0.000009816",
      "s" : "sell",
      "i" : "PEPE_USD",
      "m" : "4611686018436936703"
    }, {
      "d" : "1756461691500001977",
      "t" : 1756461691500,
      "tn" : 1756461691500001977,
      "q" : "22180000",
      "p" : "0.000009816",
      "s" : "sell",
      "i" : "PEPE_USD",
      "m" : "4611686018436936702"
    }, {
      "d" : "1756461691441066823",
      "t" : 1756461691441,
      "tn" : 1756461691441066822,
      "q" : "1920000",
      "p" : "0.000009816",
      "s" : "sell",
      "i" : "PEPE_USD",
      "m" : "4611686018436936701"
    }, {
      "d" : "1756461691441066822",
      "t" : 1756461691441,
      "tn" : 1756461691441066822,
      "q" : "120000",
      "p" : "0.000009816",
      "s" : "sell",
      "i" : "PEPE_USD",
      "m" : "4611686018436936701"
    }, {
      "d" : "1756461686331852919",
      "t" : 1756461686331,
      "tn" : 1756461686331852919,
      "q" : "1920000",
      "p" : "0.000009810",
      "s" : "sell",
      "i" : "PEPE_USD",
      "m" : "4611686018436936700"
    }, {
      "d" : "1756461686331850339",
      "t" : 1756461686331,
      "tn" : 1756461686331850339,
      "q" : "120000",
      "p" : "0.000009816",
      "s" : "sell",
      "i" : "PEPE_USD",
      "m" : "4611686018436936699"
    }, {
      "d" : "1756461684571821075",
      "t" : 1756461684571,
      "tn" : 1756461684571821075,
      "q" : "120000",
      "p" : "0.000009816",
      "s" : "sell",
      "i" : "PEPE_USD",
      "m" : "4611686018436936698"
    }, {
      "d" : "1756461681646187785",
      "t" : 1756461681646,
      "tn" : 1756461681646187785,
      "q" : "120000",
      "p" : "0.000009813",
      "s" : "sell",
      "i" : "PEPE_USD",
      "m" : "4611686018436936697"
    }, {
      "d" : "1756461679226480634",
      "t" : 1756461679226,
      "tn" : 1756461679226480634,
      "q" : "150000",
      "p" : "0.000009811",
      "s" : "sell",
      "i" : "PEPE_USD",
      "m" : "4611686018436936696"
    }, {
      "d" : "1756461679226478637",
      "t" : 1756461679226,
      "tn" : 1756461679226478637,
      "q" : "1760000",
      "p" : "0.000009812",
      "s" : "sell",
      "i" : "PEPE_USD",
      "m" : "4611686018436936695"
    }, {
      "d" : "1756461679226475476",
      "t" : 1756461679226,
      "tn" : 1756461679226475476,
      "q" : "120000",
      "p" : "0.000009816",
      "s" : "sell",
      "i" : "PEPE_USD",
      "m" : "4611686018436936694"
    }, {
      "d" : "1756461674971583064",
      "t" : 1756461674971,
      "tn" : 1756461674971583064,
      "q" : "380000",
      "p" : "0.000009821",
      "s" : "buy",
      "i" : "PEPE_USD",
      "m" : "4611686018436936693"
    }, {
      "d" : "1756461674971580765",
      "t" : 1756461674971,
      "tn" : 1756461674971580765,
      "q" : "1540000",
      "p" : "0.000009820",
      "s" : "buy",
      "i" : "PEPE_USD",
      "m" : "4611686018436936692"
    }, {
      "d" : "1756461674971578869",
      "t" : 1756461674971,
      "tn" : 1756461674971578869,
      "q" : "120000",
      "p" : "0.000009817",
      "s" : "buy",
      "i" : "PEPE_USD",
      "m" : "4611686018436936691"
    }, {
      "d" : "1756461670186216580",
      "t" : 1756461670186,
      "tn" : 1756461670186216580,
      "q" : "840000",
      "p" : "0.000009821",
      "s" : "buy",
      "i" : "PEPE_USD",
      "m" : "4611686018436936690"
    }, {
      "d" : "1756461670186214975",
      "t" : 1756461670186,
      "tn" : 1756461670186214975,
      "q" : "1080000",
      "p" : "0.000009820",
      "s" : "buy",
      "i" : "PEPE_USD",
      "m" : "4611686018436936689"
    }, {
      "d" : "1756461670186212893",
      "t" : 1756461670186,
      "tn" : 1756461670186212893,
      "q" : "120000",
      "p" : "0.000009817",
      "s" : "buy",
      "i" : "PEPE_USD",
      "m" : "4611686018436936688"
    }, {
      "d" : "1756461661853879450",
      "t" : 1756461661853,
      "tn" : 1756461661853879450,
      "q" : "120000",
      "p" : "0.000009817",
      "s" : "buy",
      "i" : "PEPE_USD",
      "m" : "4611686018436936687"
    }, {
      "d" : "1756461661847761999",
      "t" : 1756461661847,
      "tn" : 1756461661847761999,
      "q" : "1910000",
      "p" : "0.000009821",
      "s" : "buy",
      "i" : "PEPE_USD",
      "m" : "4611686018436936686"
    }, {
      "d" : "1756461661847760180",
      "t" : 1756461661847,
      "tn" : 1756461661847760180,
      "q" : "120000",
      "p" : "0.000009817",
      "s" : "buy",
      "i" : "PEPE_USD",
      "m" : "4611686018436936685"
    }, {
      "d" : "1756461661845797658",
      "t" : 1756461661845,
      "tn" : 1756461661845797657,
      "q" : "120000",
      "p" : "0.000009817",
      "s" : "buy",
      "i" : "PEPE_USD",
      "m" : "4611686018436936684"
    }, {
      "d" : "1756461661845797657",
      "t" : 1756461661845,
      "tn" : 1756461661845797657,
      "q" : "1960000",
      "p" : "0.000009817",
      "s" : "buy",
      "i" : "PEPE_USD",
      "m" : "4611686018436936684"
    }, {
      "d" : "1756461656200638908",
      "t" : 1756461656200,
      "tn" : 1756461656200638908,
      "q" : "120000",
      "p" : "0.000009816",
      "s" : "sell",
      "i" : "PEPE_USD",
      "m" : "4611686018436936683"
    }, {
      "d" : "1756461651831746534",
      "t" : 1756461651831,
      "tn" : 1756461651831746534,
      "q" : "1760000",
      "p" : "0.000009815",
      "s" : "buy",
      "i" : "PEPE_USD",
      "m" : "4611686018436936682"
    }, {
      "d" : "1756461642059199092",
      "t" : 1756461642059,
      "tn" : 1756461642059199092,
      "q" : "120000",
      "p" : "0.000009814",
      "s" : "sell",
      "i" : "PEPE_USD",
      "m" : "4611686018436936681"
    }, {
      "d" : "1756461641717592354",
      "t" : 1756461641717,
      "tn" : 1756461641717592354,
      "q" : "120000",
      "p" : "0.000009815",
      "s" : "sell",
      "i" : "PEPE_USD",
      "m" : "4611686018436936680"
    }, {
      "d" : "1756461641557896587",
      "t" : 1756461641557,
      "tn" : 1756461641557896587,
      "q" : "120000",
      "p" : "0.000009816",
      "s" : "sell",
      "i" : "PEPE_USD",
      "m" : "4611686018436936679"
    }, {
      "d" : "1756461641368979714",
      "t" : 1756461641368,
      "tn" : 1756461641368979714,
      "q" : "1910000",
      "p" : "0.000009810",
      "s" : "buy",
      "i" : "PEPE_USD",
      "m" : "4611686018436936678"
    }, {
      "d" : "1756461641368977332",
      "t" : 1756461641368,
      "tn" : 1756461641368977332,
      "q" : "120000",
      "p" : "0.000009807",
      "s" : "buy",
      "i" : "PEPE_USD",
      "m" : "4611686018436936677"
    }, {
      "d" : "1756461637030115604",
      "t" : 1756461637030,
      "tn" : 1756461637030115604,
      "q" : "120000",
      "p" : "0.000009807",
      "s" : "buy",
      "i" : "PEPE_USD",
      "m" : "4611686018436936676"
    }, {
      "d" : "1756461636989353202",
      "t" : 1756461636989,
      "tn" : 1756461636989353202,
      "q" : "3820000",
      "p" : "0.000009806",
      "s" : "buy",
      "i" : "PEPE_USD",
      "m" : "4611686018436936675"
    }, {
      "d" : "1756461627103999822",
      "t" : 1756461627103,
      "tn" : 1756461627103999822,
      "q" : "120000",
      "p" : "0.000009801",
      "s" : "sell",
      "i" : "PEPE_USD",
      "m" : "4611686018436936674"
    }, {
      "d" : "1756461624613471393",
      "t" : 1756461624613,
      "tn" : 1756461624613471392,
      "q" : "120000",
      "p" : "0.000009804",
      "s" : "sell",
      "i" : "PEPE_USD",
      "m" : "4611686018436936673"
    }, {
      "d" : "1756461624613471392",
      "t" : 1756461624613,
      "tn" : 1756461624613471392,
      "q" : "1080000",
      "p" : "0.000009804",
      "s" : "sell",
      "i" : "PEPE_USD",
      "m" : "4611686018436936673"
    }, {
      "d" : "1756461622679604430",
      "t" : 1756461622679,
      "tn" : 1756461622679604430,
      "q" : "1020000",
      "p" : "0.000009804",
      "s" : "buy",
      "i" : "PEPE_USD",
      "m" : "4611686018436936672"
    }, {
      "d" : "1756461619653595733",
      "t" : 1756461619653,
      "tn" : 1756461619653595733,
      "q" : "2070000",
      "p" : "0.000009804",
      "s" : "buy",
      "i" : "PEPE_USD",
      "m" : "4611686018436936671"
    }, {
      "d" : "1756461609480025177",
      "t" : 1756461609480,
      "tn" : 1756461609480025177,
      "q" : "120000",
      "p" : "0.000009803",
      "s" : "sell",
      "i" : "PEPE_USD",
      "m" : "4611686018436936670"
    }, {
      "d" : "1756461604442832802",
      "t" : 1756461604442,
      "tn" : 1756461604442832802,
      "q" : "1920000",
      "p" : "0.000009799",
      "s" : "sell",
      "i" : "PEPE_USD",
      "m" : "4611686018436936669"
    }, {
      "d" : "1756461604442830441",
      "t" : 1756461604442,
      "tn" : 1756461604442830441,
      "q" : "120000",
      "p" : "0.000009804",
      "s" : "sell",
      "i" : "PEPE_USD",
      "m" : "4611686018436936668"
    }, {
      "d" : "1756461601393252261",
      "t" : 1756461601393,
      "tn" : 1756461601393252261,
      "q" : "120000",
      "p" : "0.000009804",
      "s" : "sell",
      "i" : "PEPE_USD",
      "m" : "4611686018436936667"
    } ]
  }
}