{
  "id" : -1,
  "method" : "public/get-trades",
  "code" : 0,
  "result" : {
    "data" : [ {
      "d" : "1756462017682704224",
      "t" : 1756462017682,
      "tn" : 1756462017682704224,
      "q" : "16660000",
      "p" : "0.000009826",
      "s" : "buy",
      "i" : "PEPE_USDT",
      "m" : "4611686018430615334"
    }, {
      "d" : "1756462017682701792",
      "t" : 1756462017682,
      "tn" : 1756462017682701792,
      "q" : "120000",
      "p" : "0.000009825",
      "s" : "buy",
      "i" : "PEPE_USDT",
      "m" : "4611686018430615333"
    }, {
      "d" : "1756461940794162310",
      "t" : 1756461940794,
      "tn" : 1756461940794162310,
      "q" : "120000",
      "p" : "0.000009805",
      "s" : "buy",
      "i" : "PEPE_USDT",
      "m" : "4611686018430615332"
    }, {
      "d" : "1756461931752549181",
      "t" : 1756461931752,
      "tn" : 1756461931752549181,
      "q" : "120000",
      "p" : "0.000009805",
      "s" : "buy",
      "i" : "PEPE_USDT",
      "m" : "4611686018430615331"
    }, {
      "d" : "1756461899948721111",
      "t" : 1756461899948,
      "tn" : 1756461899948721111,
      "q" : "120000",
      "p" : "0.000009805",
      "s" : "buy",
      "i" : "PEPE_USDT",
      "m" : "4611686018430615330"
    }, {
      "d" : "1756461763451882676",
      "t" : 1756461763451,
      "tn" : 1756461763451882676,
      "q" : "12400000",
      "p" : "0.000009825",
      "s" : "buy",
      "i" : "PEPE_USDT",
      "m" : "4611686018430615329"
    }, {
      "d" : "1756461661848257011",
      "t" : 1756461661848,
      "tn" : 1756461661848257011,
      "q" : "120000",
      "p" : "0.000009815",
      "s" : "buy",
      "i" : "PEPE_USDT",
      "m" : "4611686018430615328"
    }, {
      "d" : "1756461586312966914",
      "t" : 1756461586312,
      "tn" : 1756461586312966914,
      "q" : "18120000",
      "p" : "0.000009798",
      "s" : "sell",
      "i" : "PEPE_USDT",
      "m" : "4611686018430615327"
    }, {
      "d" : "1756461340436007814",
      "t" : 1756461340436,
      "tn" : 1756461340436007814,
      "q" : "120000",
      "p" : "0.000009805",
      "s" : "buy",
      "i" : "PEPE_USDT",
      "m" : "4611686018430615326"
    }, {
      "d" : "1756461339835757481",
      "t" : 1756461339835,
      "tn" : 1756461339835757481,
      "q" : "120000",
      "p" : "0.000009805",
      "s" : "buy",
      "i" : "PEPE_USDT",
      "m" : "4611686018430615325"
    }, {
      "d" : "1756461301872128519",
      "t" : 1756461301872,
      "tn" : 1756461301872128519,
      "q" : "120000",
      "p" : "0.000009805",
      "s" : "buy",
      "i" : "PEPE_USDT",
      "m" : "4611686018430615324"
    }, {
      "d" : "1756461179757995714",
      "t" : 1756461179757,
      "tn" : 1756461179757995714,
      "q" : "120000",
      "p" : "0.000009785",
      "s" : "buy",
      "i" : "PEPE_USDT",
      "m" : "4611686018430615323"
    }, {
      "d" : "1756461179751225449",
      "t" : 1756461179751,
      "tn" : 1756461179751225449,
      "q" : "120000",
      "p" : "0.000009785",
      "s" : "buy",
      "i" : "PEPE_USDT",
      "m" : "4611686018430615322"
    }, {
      "d" : "1756461148348032103",
      "t" : 1756461148348,
      "tn" : 1756461148348032103,
      "q" : "1620000",
      "p" : "0.000009789",
      "s" : "sell",
      "i" : "PEPE_USDT",
      "m" : "4611686018430615321"
    }, {
      "d" : "1756461026132122406",
      "t" : 1756461026132,
      "tn" : 1756461026132122406,
      "q" : "16160000",
      "p" : "0.000009798",
      "s" : "sell",
      "i" : "PEPE_USDT",
      "m" : "4611686018430615320"
    }, {
      "d" : "1756461026132120606",
      "t" : 1756461026132,
      "tn" : 1756461026132120606,
      "q" : "1620000",
      "p" : "0.000009799",
      "s" : "sell",
      "i" : "PEPE_USDT",
      "m" : "4611686018430615319"
    }, {
      "d" : "1756461026132118813",
      "t" : 1756461026132,
      "tn" : 1756461026132118813,
      "q" : "120000",
      "p" : "0.000009801",
      "s" : "sell",
      "i" : "PEPE_USDT",
      "m" : "4611686018430615318"
    }, {
      "d" : "1756460929156567407",
      "t" : 1756460929156,
      "tn" : 1756460929156567407,
      "q" : "1620000",
      "p" : "0.000009799",
      "s" : "sell",
      "i" : "PEPE_USDT",
      "m" : "4611686018430615317"
    }, {
      "d" : "1756460888313409351",
      "t" : 1756460888313,
      "tn" : 1756460888313409351,
      "q" : "20160000",
      "p" : "0.000009791",
      "s" : "sell",
      "i" : "PEPE_USDT",
      "m" : "4611686018430615316"
    }, {
      "d" : "1756460888313407622",
      "t" : 1756460888313,
      "tn" : 1756460888313407622,
      "q" : "120000",
      "p" : "0.000009794",
      "s" : "sell",
      "i" : "PEPE_USDT",
      "m" : "4611686018430615315"
    }, {
      "d" : "1756460790838209849",
      "t" : 1756460790838,
      "tn" : 1756460790838209849,
      "q" : "120000",
      "p" : "0.000009775",
      "s" : "buy",
      "i" : "PEPE_USDT",
      "m" : "4611686018430615314"
    }, {
      "d" : "1756460764485946673",
      "t" : 1756460764485,
      "tn" : 1756460764485946673,
      "q" : "120000",
      "p" : "0.000009775",
      "s" : "buy",
      "i" : "PEPE_USDT",
      "m" : "4611686018430615313"
    }, {
      "d" : "1756460754074997115",
      "t" : 1756460754074,
      "tn" : 1756460754074997115,
      "q" : "120000",
      "p" : "0.000009765",
      "s" : "buy",
      "i" : "PEPE_USDT",
      "m" : "4611686018430615312"
    }, {
      "d" : "1756460630343090001",
      "t" : 1756460630343,
      "tn" : 1756460630343090001,
      "q" : "120000",
      "p" : "0.000009750",
      "s" : "sell",
      "i" : "PEPE_USDT",
      "m" : "4611686018430615311"
    }, {
      "d" : "1756460620719343792",
      "t" : 1756460620719,
      "tn" : 1756460620719343792,
      "q" : "120000",
      "p" : "0.000009754",
      "s" : "sell",
      "i" : "PEPE_USDT",
      "m" : "4611686018430615310"
    }, {
      "d" : "1756460173471716117",
      "t" : 1756460173471,
      "tn" : 1756460173471716117,
      "q" : "120000",
      "p" : "0.000009733",
      "s" : "sell",
      "i" : "PEPE_USDT",
      "m" : "4611686018430615309"
    }, {
      "d" : "1756460167132975290",
      "t" : 1756460167132,
      "tn" : 1756460167132975290,
      "q" : "120000",
      "p" : "0.000009734",
      "s" : "sell",
      "i" : "PEPE_USDT",
      "m" : "4611686018430615308"
    }, {
      "d" : "1756460158142911821",
      "t" : 1756460158142,
      "tn" : 1756460158142911821,
      "q" : "7480000",
      "p" : "0.000009739",
      "s" : "buy",
      "i" : "PEPE_USDT",
      "m" : "4611686018430615307"
    }, {
      "d" : "1756460110719733732",
      "t" : 1756460110719,
      "tn" : 1756460110719733732,
      "q" : "120000",
      "p" : "0.000009744",
      "s" : "sell",
      "i" : "PEPE_USDT",
      "m" : "4611686018430615306"
    }, {
      "d" : "1756459904267189635",
      "t" : 1756459904267,
      "tn" : 1756459904267189635,
      "q" : "120000",
      "p" : "0.000009764",
      "s" : "sell",
      "i" : "PEPE_USDT",
      "m" : "4611686018430615305"
    }, {
      "d" : "1756459900329908038",
      "t" : 1756459900329,
      "tn" : 1756459900329908038,
      "q" : "120000",
      "p" : "0.000009764",
      "s" : "sell",
      "i" : "PEPE_USDT",
      "m" : "4611686018430615304"
    }, {
      "d" : "1756459822943257167",
      "t" : 1756459822943,
      "tn" : 1756459822943257167,
      "q" : "120000",
      "p" : "0.000009764",
      "s" : "sell",
      "i" : "PEPE_USDT",
      "m" : "4611686018430615303"
    }, {
      "d" : "1756459804562999280",
      "t" : 1756459804562,
      "tn" : 1756459804562999280,
      "q" : "120000",
      "p" : "0.000009774",
      "s" : "sell",
      "i" : "PEPE_USDT",
      "m" : "4611686018430615302"
    }, {
      "d" : "1756459668614893830",
      "t" : 1756459668614,
      "tn" : 1756459668614893830,
      "q" : "120000",
      "p" : "0.000009754",
      "s" : "sell",
      "i" : "PEPE_USDT",
      "m" : "4611686018430615301"
    }, {
      "d" : "1756459637482996310",
      "t" : 1756459637482,
      "tn" : 1756459637482996310,
      "q" : "120000",
      "p" : "0.000009763",
      "s" : "sell",
      "i" : "PEPE_USDT",
      "m" : "4611686018430615300"
    }, {
      "d" : "1756459619840050559",
      "t" : 1756459619840,
      "tn" : 1756459619840050559,
      "q" : "120000",
      "p" : "0.000009761",
      "s" : "sell",
      "i" : "PEPE_USDT",
      "m" : "4611686018430615299"
    }, {
      "d" : "1756459608357080250",
      "t" : 1756459608357,
      "tn" : 1756459608357080250,
      "q" : "120000",
      "p" : "0.000009755",
      "s" : "buy",
      "i" : "PEPE_USDT",
      "m" : "4611686018430615298"
    }, {
      "d" : "1756459507463700438",
      "t" : 1756459507463,
      "tn" : 1756459507463700438,
      "q" : "120000",
      "p" : "0.000009754",
      "s" : "sell",
      "i" : "PEPE_USDT",
      "m" : "4611686018430615297"
    }, {
      "d" : "1756459475177915354",
      "t" : 1756459475177,
      "tn" : 1756459475177915354,
      "q" : "120000",
      "p" : "0.000009754",
      "s" : "sell",
      "i" : "PEPE_USDT",
      "m" : "4611686018430615296"
    }, {
      "d" : "1756459468300086821",
      "t" : 1756459468300,
      "tn" : 1756459468300086821,
      "q" : "120000",
      "p" : "0.000009754",
      "s" : "sell",
      "i" : "PEPE_USDT",
      "m" : "4611686018430615295"
    }, {
      "d" : "1756459322972480373",
      "t" : 1756459322972,
      "tn" : 1756459322972480373,
      "q" : "1630000",
      "p" : "0.000009769",
      "s" : "sell",
      "i" : "PEPE_USDT",
      "m" : "4611686018430615294"
    }, {
      "d" : "1756459322968414798",
      "t" : 1756459322968,
      "tn" : 1756459322968414798,
      "q" : "51110000",
      "p" : "0.000009768",
      "s" : "sell",
      "i" : "PEPE_USDT",
      "m" : "4611686018430615293"
    }, {
      "d" : "1756459322968413229",
      "t" : 1756459322968,
      "tn" : 1756459322968413229,
      "q" : "1630000",
      "p" : "0.000009769",
      "s" : "sell",
      "i" : "PEPE_USDT",
      "m" : "4611686018430615292"
    }, {
      "d" : "1756459290599660533",
      "t" : 1756459290599,
      "tn" : 1756459290599660533,
      "q" : "2340000",
      "p" : "0.000009754",
      "s" : "sell",
      "i" : "PEPE_USDT",
      "m" : "4611686018430615291"
    }, {
      "d" : "1756459282728892086",
      "t" : 1756459282728,
      "tn" : 1756459282728892086,
      "q" : "120000",
      "p" : "0.000009755",
      "s" : "buy",
      "i" : "PEPE_USDT",
      "m" : "4611686018430615290"
    }, {
      "d" : "1756459268565037348",
      "t" : 1756459268565,
      "tn" : 1756459268565037348,
      "q" : "120000",
      "p" : "0.000009762",
      "s" : "sell",
      "i" : "PEPE_USDT",
      "m" : "4611686018430615289"
    }, {
      "d" : "1756459267941789037",
      "t" : 1756459267941,
      "tn" : 1756459267941789037,
      "q" : "120000",
      "p" : "0.000009763",
      "s" : "sell",
      "i" : "PEPE_USDT",
      "m" : "4611686018430615288"
    }, {
      "d" : "1756459262529721969",
      "t" : 1756459262529,
      "tn" : 1756459262529721969,
      "q" : "120000",
      "p" : "0.000009764",
      "s" : "sell",
      "i" : "PEPE_USDT",
      "m" : "4611686018430615287"
    }, {
      "d" : "1756459253211474925",
      "t" : 1756459253211,
      "tn" : 1756459253211474925,
      "q" : "120000",
      "p" : "0.000009764",
      "s" : "sell",
      "i" : "PEPE_USDT",
      "m" : "4611686018430615286"
    }, {
      "d" : "1756459233991491344",
      "t" : 1756459233991,
      "tn" : 1756459233991491344,
      "q" : "120000",
      "p" : "0.000009761",
      "s" : "sell",
      "i" : "PEPE_USDT",
      "m" : "4611686018430615285"
    }, {
      "d" : "1756459223732154449",
      "t" : 1756459223732,
      "tn" : 1756459223732154449,
      "q" : "120000",
      "p" : "0.000009763",
      "s" : "sell",
      "i" : "PEPE_USDT",
      "m" : "4611686018430615284"
    }, {
      "d" : "1756459205108201457",
      "t" : 1756459205108,
      "tn" : 1756459205108201457,
      "q" : "120000",
      "p" : "0.000009754",
      "s" : "sell",
      "i" : "PEPE_USDT",
      "m" : "4611686018430615283"
    }, {
      "d" : "1756459200362106262",
      "t" : 1756459200362,
      "tn" : 1756459200362106262,
      "q" : "120000",
      "p" : "0.000009754",
      "s" : "sell",
      "i" : "PEPE_USDT",
      "m" : "4611686018430615282"
    }, {
      "d" : "1756459184025137152",
      "t" : 1756459184025,
      "tn" : 1756459184025137152,
      "q" : "120000",
      "p" : "0.000009753",
      "s" : "sell",
      "i" : "PEPE_USDT",
      "m" : "4611686018430615281"
    }, {
      "d" : "1756459174737015877",
      "t" : 1756459174737,
      "tn" : 1756459174737015877,
      "q" : "120000",
      "p" : "0.000009744",
      "s" : "sell",
      "i" : "PEPE_USDT",
      "m" : "4611686018430615280"
    }, {
      "d" : "1756459130108429939",
      "t" : 1756459130108,
      "tn" : 1756459130108429939,
      "q" : "17280000",
      "p" : "0.000009728",
      "s" : "sell",
      "i" : "PEPE_USDT",
      "m" : "4611686018430615279"
    }, {
      "d" : "1756458641294506849",
      "t" : 1756458641294,
      "tn" : 1756458641294506849,
      "q" : "120000",
      "p" : "0.000009670",
      "s" : "sell",
      "i" : "PEPE_USDT",
      "m" : "4611686018430615278"
    }, {
      "d" : "1756458618436718087",
      "t" : 1756458618436,
      "tn" : 1756458618436718087,
      "q" : "120000",
      "p" : "0.000009674",
      "s" : "sell",
      "i" : "PEPE_USDT",
      "m" : "4611686018430615277"
    }, {
      "d" : "1756458600066083381",
      "t" : 1756458600066,
      "tn" : 1756458600066083381,
      "q" : "120000",
      "p" : "0.000009684",
      "s" : "sell",
      "i" : "PEPE_USDT",
      "m" : "4611686018430615276"
    }, {
      "d" : "1756458593633869248",
      "t" : 1756458593633,
      "tn" : 1756458593633869248,
      "q" : "20750000",
      "p" : "0.000009681",
      "s" : "buy",
      "i" : "PEPE_USDT",
      "m" : "4611686018430615275"
    }, {
      "d" : "1756458586125497521",
      "t" : 1756458586125,
      "tn" : 1756458586125497521,
      "q" : "120000",
      "p" : "0.000009674",
      "s" : "sell",
      "i" : "PEPE_USDT",
      "m" : "4611686018430615274"
    }, {
      "d" : "1756458582735966001",
      "t" : 1756458582735,
      "tn" : 1756458582735966001,
      "q" : "120000",
      "p" : "0.000009684",
      "s" : "sell",
      "i" : "PEPE_USDT",
      "m" : "4611686018430615273"
    }, {
      "d" : "1756458568643494813",
      "t" : 1756458568643,
      "tn" : 1756458568643494813,
      "q" : "120000",
      "p" : "0.000009684",
      "s" : "sell",
      "i" : "PEPE_USDT",
      "m" : "4611686018430615272"
    }, {
      "d" : "1756458489003768194",
      "t" : 1756458489003,
      "tn" : 1756458489003768194,
      "q" : "120000",
      "p" : "0.000009664",
      "s" : "sell",
      "i" : "PEPE_USDT",
      "m" : "4611686018430615271"
    }, {
      "d" : "1756458487851176856",
      "t" : 1756458487851,
      "tn" : 1756458487851176856,
      "q" : "18740000",
      "p" : "0.000009661",
      "s" : "sell",
      "i" : "PEPE_USDT",
      "m" : "4611686018430615270"
    }, {
      "d" : "1756458487851175042",
      "t" : 1756458487851,
      "tn" : 1756458487851175042,
      "q" : "1640000",
      "p" : "0.000009669",
      "s" : "sell",
      "i" : "PEPE_USDT",
      "m" : "4611686018430615269"
    }, {
      "d" : "1756458302790602449",
      "t" : 1756458302790,
      "tn" : 1756458302790602449,
      "q" : "120000",
      "p" : "0.000009684",
      "s" : "sell",
      "i" : "PEPE_USDT",
      "m" : "4611686018430615268"
    }, {
      "d" : "1756458302268784824",
      "t" : 1756458302268,
      "tn" : 1756458302268784824,
      "q" : "120000",
      "p" : "0.000009683",
      "s" : "sell",
      "i" : "PEPE_USDT",
      "m" : "4611686018430615267"
    }, {
      "d" : "1756458247147671973",
      "t" : 1756458247147,
      "tn" : 1756458247147671973,
      "q" : "1640000",
      "p" : "0.000009679",
      "s" : "sell",
      "i" : "PEPE_USDT",
      "m" : "4611686018430615266"
    }, {
      "d" : "1756458197787503059",
      "t" : 1756458197787,
      "tn" : 1756458197787503059,
      "q" : "20480000",
      "p" : "0.000009668",
      "s" : "sell",
      "i" : "PEPE_USDT",
      "m" : "4611686018430615265"
    }, {
      "d" : "1756458197787501375",
      "t" : 1756458197787,
      "tn" : 1756458197787501375,
      "q" : "120000",
      "p" : "0.000009670",
      "s" : "sell",
      "i" : "PEPE_USDT",
      "m" : "4611686018430615264"
    }, {
      "d" : "1756458196181000920",
      "t" : 1756458196181,
      "tn" : 1756458196181000920,
      "q" : "120000",
      "p" : "0.000009674",
      "s" : "sell",
      "i" : "PEPE_USDT",
      "m" : "4611686018430615263"
    }, {
      "d" : "1756458196177167464",
      "t" : 1756458196177,
      "tn" : 1756458196177167464,
      "q" : "18840000",
      "p" : "0.000009668",
      "s" : "sell",
      "i" : "PEPE_USDT",
      "m" : "4611686018430615262"
    }, {
      "d" : "1756458196177165772",
      "t" : 1756458196177,
      "tn" : 1756458196177165772,
      "q" : "1640000",
      "p" : "0.000009669",
      "s" : "sell",
      "i" : "PEPE_USDT",
      "m" : "4611686018430615261"
    }, {
      "d" : "1756458196177162782",
      "t" : 1756458196177,
      "tn" : 1756458196177162782,
      "q" : "120000",
      "p" : "0.000009674",
      "s" : "sell",
      "i" : "PEPE_USDT",
      "m" : "4611686018430615260"
    }, {
      "d" : "1756458179058730315",
      "t" : 1756458179058,
      "tn" : 1756458179058730315,
      "q" : "20480000",
      "p" : "0.000009668",
      "s" : "sell",
      "i" : "PEPE_USDT",
      "m" : "4611686018430615259"
    }, {
      "d" : "1756458179058728473",
      "t" : 1756458179058,
      "tn" : 1756458179058728473,
      "q" : "120000",
      "p" : "0.000009671",
      "s" : "sell",
      "i" : "PEPE_USDT",
      "m" : "4611686018430615258"
    }, {
      "d" : "1756458177494296707",
      "t" : 1756458177494,
      "tn" : 1756458177494296707,
      "q" : "120000",
      "p" : "0.000009674",
      "s" : "sell",
      "i" : "PEPE_USDT",
      "m" : "4611686018430615257"
    }, {
      "d" : "1756458175883966844",
      "t" : 1756458175883,
      "tn" : 1756458175883966844,
      "q" : "120000",
      "p" : "0.000009683",
      "s" : "sell",
      "i" : "PEPE_USDT",
      "m" : "4611686018430615256"
    }, {
      "d" : "1756458165152118654",
      "t" : 1756458165152,
      "tn" : 1756458165152118654,
      "q" : "120000",
      "p" : "0.000009684",
      "s" : "sell",
      "i" : "PEPE_USDT",
      "m" : "4611686018430615255"
    }, {
      "d" : "1756458155502914928",
      "t" : 1756458155502,
      "tn" : 1756458155502914928,
      "q" : "120000",
      "p" : "0.000009694",
      "s" : "sell",
      "i" : "PEPE_USDT",
      "m" : "4611686018430615254"
    }, {
      "d" : "1756458146341964362",
      "t" : 1756458146341,
      "tn" : 1756458146341964362,
      "q" : "120000",
      "p" : "0.000009693",
      "s" : "sell",
      "i" : "PEPE_USDT",
      "m" : "4611686018430615253"
    }, {
      "d" : "1756458140815231429",
      "t" : 1756458140815,
      "tn" : 1756458140815231429,
      "q" : "1640000",
      "p" : "0.000009689",
      "s" : "sell",
      "i" : "PEPE_USDT",
      "m" : "4611686018430615252"
    }, {
      "d" : "1756458140815229526",
      "t" : 1756458140815,
      "tn" : 1756458140815229526,
      "q" : "120000",
      "p" : "0.000009700",
      "s" : "sell",
      "i" : "PEPE_USDT",
      "m" : "4611686018430615251"
    }, {
      "d" : "1756458140809701123",
      "t" : 1756458140809,
      "tn" : 1756458140809701123,
      "q" : "120000",
      "p" : "0.000009704",
      "s" : "sell",
      "i" : "PEPE_USDT",
      "m" : "4611686018430615250"
    }, {
      "d" : "1756458138073720740",
      "t" : 1756458138073,
      "tn" : 1756458138073720740,
      "q" : "20600000",
      "p" : "0.000009688",
      "s" : "sell",
      "i" : "PEPE_USDT",
      "m" : "4611686018430615249"
    }, {
      "d" : "1756458138073718505",
      "t" : 1756458138073,
      "tn" : 1756458138073718505,
      "q" : "120000",
      "p" : "0.000009693",
      "s" : "sell",
      "i" : "PEPE_USDT",
      "m" : "4611686018430615248"
    }, {
      "d" : "1756458137345623670",
      "t" : 1756458137345,
      "tn" : 1756458137345623670,
      "q" : "120000",
      "p" : "0.000009694",
      "s" : "sell",
      "i" : "PEPE_USDT",
      "m" : "4611686018430615247"
    }, {
      "d" : "1756458133175953611",
      "t" : 1756458133175,
      "tn" : 1756458133175953611,
      "q" : "120000",
      "p" : "0.000009699",
      "s" : "sell",
      "i" : "PEPE_USDT",
      "m" : "4611686018430615246"
    }, {
      "d" : "1756458133013905757",
      "t" : 1756458133013,
      "tn" : 1756458133013905757,
      "q" : "120000",
      "p" : "0.000009703",
      "s" : "sell",
      "i" : "PEPE_USDT",
      "m" : "4611686018430615245"
    }, {
      "d" : "1756458113938563579",
      "t" : 1756458113938,
      "tn" : 1756458113938563579,
      "q" : "1520000",
      "p" : "0.000009699",
      "s" : "sell",
      "i" : "PEPE_USDT",
      "m" : "4611686018430615244"
    }, {
      "d" : "1756458113938561999",
      "t" : 1756458113938,
      "tn" : 1756458113938561999,
      "q" : "120000",
      "p" : "0.000009703",
      "s" : "sell",
      "i" : "PEPE_USDT",
      "m" : "4611686018430615243"
    }, {
      "d" : "1756458113774374130",
      "t" : 1756458113774,
      "tn" : 1756458113774374130,
      "q" : "120000",
      "p" : "0.000009704",
      "s" : "sell",
      "i" : "PEPE_USDT",
      "m" : "4611686018430615242"
    }, {
      "d" : "1756458112164708123",
      "t" : 1756458112164,
      "tn" : 1756458112164708123,
      "q" : "120000",
      "p" : "0.000009704",
      "s" : "sell",
      "i" : "PEPE_USDT",
      "m" : "4611686018430615241"
    }, {
      "d" : "1756458080342386610",
      "t" : 1756458080342,
      "tn" : 1756458080342386610,
      "q" : "6560000",
      "p" : "0.000009718",
      "s" : "buy",
      "i" : "PEPE_USDT",
      "m" : "4611686018430615240"
    }, {
      "d" : "1756458080342384507",
      "t" : 1756458080342,
      "tn" : 1756458080342384507,
      "q" : "120000",
      "p" : "0.000009715",
      "s" : "buy",
      "i" : "PEPE_USDT",
      "m" : "4611686018430615239"
    }, {
      "d" : "1756458066437466417",
      "t" : 1756458066437,
      "tn" : 1756458066437466417,
      "q" : "120000",
      "p" : "0.000009724",
      "s" : "sell",
      "i" : "PEPE_USDT",
      "m" : "4611686018430615238"
    }, {
      "d" : "1756458051996524491",
      "t" : 1756458051996,
      "tn" : 1756458051996524491,
      "q" : "18720000",
      "p" : "0.000009718",
      "s" : "sell",
      "i" : "PEPE_USDT",
      "m" : "4611686018430615237"
    }, {
      "d" : "1756458051996522746",
      "t" : 1756458051996,
      "tn" : 1756458051996522746,
      "q" : "1640000",
      "p" : "0.000009719",
      "s" : "sell",
      "i" : "PEPE_USDT",
      "m" : "4611686018430615236"
    }, {
      "d" : "1756458051996518306",
      "t" : 1756458051996,
      "tn" : 1756458051996518306,
      "q" : "120000",
      "p" : "0.000009724",
      "s" : "sell",
      "i" : "PEPE_USDT",
      "m" : "4611686018430615235"
    }, {
      "d" : "1756458031799651554",
      "t" : 1756458031799,
      "tn" : 1756458031799651554,
      "q" : "120000",
      "p" : "0.000009734",
      "s" : "sell",
      "i" : "PEPE_USDT",
      "m" : "4611686018430615234"
    }, {
      "d" : "1756458030284066587",
      "t" : 1756458030284,
      "tn" : 1756458030284066587,
      "q" : "120000",
      "p" : "0.000009734",
      "s" : "sell",
      "i" : "PEPE_USDT",
      "m" : "4611686018430615233"
    }, {
      "d" : "1756458029108295565",
      "t" : 1756458029108,
      "tn" : 1756458029108295565,
      "q" : "120000",
      "p" : "0.000009734",
      "s" : "sell",
      "i" : "PEPE_USDT",
      "m" : "4611686018430615232"
    }, {
      "d" : "1756457999257767114",
      "t" : 1756457999257,
      "tn" : 1756457999257767114,
      "q" : "120000",
      "p" : "0.000009734",
      "s" : "sell",
      "i" : "PEPE_USDT",
      "m" : "4611686018430615231"
    }, {
      "d" : "1756457998737012025",
      "t" : 1756457998737,
      "tn" : 1756457998737012025,
      "q" : "120000",
      "p" : "0.000009734",
      "s" : "sell",
      "i" : "PEPE_USDT",
      "m" : "4611686018430615230"
    }, {
      "d" : "1756457965924634309",
      "t" : 1756457965924,
      "tn" : 1756457965924634309,
      "q" : "120000",
      "p" : "0.000009732",
      "s" : "sell",
      "i" : "PEPE_USDT",
      "m" : "4611686018430615229"
    }, {
      "d" : "1756457942883206104",
      "t" : 1756457942883,
      "tn" : 1756457942883206104,
      "q" : "120000",
      "p" : "0.000009734",
      "s" : "sell",
      "i" : "PEPE_USDT",
      "m" : "4611686018430615228"
    }, {
      "d" : "1756457915292352656",
      "t" : 1756457915292,
      "tn" : 1756457915292352656,
      "q" : "120000",
      "p" : "0.000009724",
      "s" : "sell",
      "i" : "PEPE_USDT",
      "m" : "4611686018430615227"
    }, {
      "d" : "1756457886901675351",
      "t" : 1756457886901,
      "tn" : 1756457886901675351,
      "q" : "120000",
      "p" : "0.000009734",
      "s" : "sell",
      "i" : "PEPE_USDT",
      "m" : "4611686018430615226"
    }, {
      "d" : "1756457862347463657",
      "t" : 1756457862347,
      "tn" : 1756457862347463657,
      "q" : "120000",
      "p" : "0.000009724",
      "s" : "sell",
      "i" : "PEPE_USDT",
      "m" : "4611686018430615225"
    }, {
      "d" : "1756457861842037380",
      "t" : 1756457861842,
      "tn" : 1756457861842037380,
      "q" : "120000",
      "p" : "0.000009724",
      "s" : "sell",
      "i" : "PEPE_USDT",
      "m" : "4611686018430615224"
    }, {
      "d" : "1756457859129187019",
      "t" : 1756457859129,
      "tn" : 1756457859129187019,
      "q" : "120000",
      "p" : "0.000009724",
      "s" : "sell",
      "i" : "PEPE_USDT",
      "m" : "4611686018430615223"
    }, {
      "d" : "1756457840013236910",
      "t" : 1756457840013,
      "tn" : 1756457840013236910,
      "q" : "120000",
      "p" : "0.000009734",
      "s" : "sell",
      "i" : "PEPE_USDT",
      "m" : "4611686018430615222"
    }, {
      "d" : "1756457833874954892",
      "t" : 1756457833874,
      "tn" : 1756457833874954892,
      "q" : "120000",
      "p" : "0.000009734",
      "s" : "sell",
      "i" : "PEPE_USDT",
      "m" : "4611686018430615221"
    }, {
      "d" : "1756457827570473878",
      "t" : 1756457827570,
      "tn" : 1756457827570473878,
      "q" : "120000",
      "p" : "0.000009744",
      "s" : "sell",
      "i" : "PEPE_USDT",
      "m" : "4611686018430615220"
    }, {
      "d" : "1756457784383784907",
      "t" : 1756457784383,
      "tn" : 1756457784383784907,
      "q" : "120000",
      "p" : "0.000009754",
      "s" : "sell",
      "i" : "PEPE_USDT",
      "m" : "4611686018430615219"
    }, {
      "d" : "1756457783863354359",
      "t" : 1756457783863,
      "tn" : 1756457783863354359,
      "q" : "120000",
      "p" : "0.000009754",
      "s" : "sell",
      "i" : "PEPE_USDT",
      "m" : "4611686018430615218"
    }, {
      "d" : "1756457758272286021",
      "t" : 1756457758272,
      "tn" : 1756457758272286021,
      "q" : "120000",
      "p" : "0.000009744",
      "s" : "sell",
      "i" : "PEPE_USDT",
      "m" : "4611686018430615217"
    }, {
      "d" : "1756457757891624636",
      "t" : 1756457757891,
      "tn" : 1756457757891624636,
      "q" : "120000",
      "p" : "0.000009744",
      "s" : "sell",
      "i" : "PEPE_USDT",
      "m" : "4611686018430615216"
    }, {
      "d" : "1756457757380468526",
      "t" : 1756457757380,
      "tn" : 1756457757380468526,
      "q" : "120000",
      "p" : "0.000009744",
      "s" : "sell",
      "i" : "PEPE_USDT",
      "m" : "4611686018430615215"
    }, {
      "d" : "1756457756818289564",
      "t" : 1756457756818,
      "tn" : 1756457756818289564,
      "q" : "120000",
      "p" : "0.000009744",
      "s" : "sell",
      "i" : "PEPE_USDT",
      "m" : "4611686018430615214"
    }, {
      "d" : "1756457756301163551",
      "t" : 1756457756301,
      "tn" : 1756457756301163551,
      "q" : "120000",
      "p" : "0.000009744",
      "s" : "sell",
      "i" : "PEPE_USDT",
      "m" : "4611686018430615213"
    }, {
      "d" : "1756457755767832493",
      "t" : 1756457755767,
      "tn" : 1756457755767832493,
      "q" : "120000",
      "p" : "0.000009744",
      "s" : "sell",
      "i" : "PEPE_USDT",
      "m" : "4611686018430615212"
    }, {
      "d" : "1756457755216005631",
      "t" : 1756457755216,
      "tn" : 1756457755216005631,
      "q" : "120000",
      "p" : "0.000009744",
      "s" : "sell",
      "i" : "PEPE_USDT",
      "m" : "4611686018430615211"
    }, {
      "d" : "1756457754900695311",
      "t" : 1756457754900,
      "tn" : 1756457754900695311,
      "q" : "120000",
      "p" : "0.000009744",
      "s" : "sell",
      "i" : "PEPE_USDT",
      "m" : "4611686018430615210"
    }, {
      "d" : "1756457754608493052",
      "t" : 1756457754608,
      "tn" : 1756457754608493052,
      "q" : "120000",
      "p" : "0.000009744",
      "s" : "sell",
      "i" : "PEPE_USDT",
      "m" : "4611686018430615209"
    }, {
      "d" : "1756457749748282719",
      "t" : 1756457749748,
      "tn" : 1756457749748282719,
      "q" : "120000",
      "p" : "0.000009744",
      "s" : "sell",
      "i" : "PEPE_USDT",
      "m" : "4611686018430615208"
    }, {
      "d" : "1756457749246800462",
      "t" : 1756457749246,
      "tn" : 1756457749246800462,
      "q" : "120000",
      "p" : "0.000009744",
      "s" : "sell",
      "i" : "PEPE_USDT",
      "m" : "4611686018430615207"
    }, {
      "d" : "1756457748680726259",
      "t" : 1756457748680,
      "tn" : 1756457748680726259,
      "q" : "120000",
      "p" : "0.000009744",
      "s" : "sell",
      "i" : "PEPE_USDT",
      "m" : "4611686018430615206"
    }, {
      "d" : "1756457748176678264",
      "t" : 1756457748176,
      "tn" : 1756457748176678264,
      "q" : "120000",
      "p" : "0.000009744",
      "s" : "sell",
      "i" : "PEPE_USDT",
      "m" : "4611686018430615205"
    }, {
      "d" : "1756457747925783567",
      "t" : 1756457747925,
      "tn" : 1756457747925783567,
      "q" : "120000",
      "p" : "0.000009744",
      "s" : "sell",
      "i" : "PEPE_USDT",
      "m" : "4611686018430615204"
    }, {
      "d" : "1756457744381107440",
      "t" : 1756457744381,
      "tn" : 1756457744381107440,
      "q" : "120000",
      "p" : "0.000009744",
      "s" : "sell",
      "i" : "PEPE_USDT",
      "m" : "4611686018430615203"
    }, {
      "d" : "1756457743859574709",
      "t" : 1756457743859,
      "tn" : 1756457743859574709,
      "q" : "120000",
      "p" : "0.000009742",
      "s" : "sell",
      "i" : "PEPE_USDT",
      "m" : "4611686018430615202"
    }, {
      "d" : "1756457735828324414",
      "t" : 1756457735828,
      "tn" : 1756457735828324414,
      "q" : "1630000",
      "p" : "0.000009739",
      "s" : "sell",
      "i" : "PEPE_USDT",
      "m" : "4611686018430615201"
    }, {
      "d" : "1756457735826248636",
      "t" : 1756457735826,
      "tn" : 1756457735826248636,
      "q" : "1630000",
      "p" : "0.000009739",
      "s" : "sell",
      "i" : "PEPE_USDT",
      "m" : "4611686018430615200"
    }, {
      "d" : "1756457735330860267",
      "t" : 1756457735330,
      "tn" : 1756457735330860267,
      "q" : "120000",
      "p" : "0.000009744",
      "s" : "sell",
      "i" : "PEPE_USDT",
      "m" : "4611686018430615199"
    }, {
      "d" : "1756457734351208464",
      "t" : 1756457734351,
      "tn" : 1756457734351208464,
      "q" : "120000",
      "p" : "0.000009744",
      "s" : "sell",
      "i" : "PEPE_USDT",
      "m" : "4611686018430615198"
    }, {
      "d" : "1756457733806153986",
      "t" : 1756457733806,
      "tn" : 1756457733806153986,
      "q" : "120000",
      "p" : "0.000009744",
      "s" : "sell",
      "i" : "PEPE_USDT",
      "m" : "4611686018430615197"
    }, {
      "d" : "1756457733297114273",
      "t" : 1756457733297,
      "tn" : 1756457733297114273,
      "q" : "120000",
      "p" : "0.000009744",
      "s" : "sell",
      "i" : "PEPE_USDT",
      "m" : "4611686018430615196"
    }, {
      "d" : "1756457733195867975",
      "t" : 1756457733195,
      "tn" : 1756457733195867975,
      "q" : "120000",
      "p" : "0.000009744",
      "s" : "sell",
      "i" : "PEPE_USDT",
      "m" : "4611686018430615195"
    }, {
      "d" : "1756457719247317606",
      "t" : 1756457719247,
      "tn" : 1756457719247317606,
      "q" : "120000",
      "p" : "0.000009753",
      "s" : "sell",
      "i" : "PEPE_USDT",
      "m" : "4611686018430615194"
    }, {
      "d" : "1756457718561383001",
      "t" : 1756457718561,
      "tn" : 1756457718561383001,
      "q" : "120000",
      "p" : "0.000009753",
      "s" : "sell",
      "i" : "PEPE_USDT",
      "m" : "4611686018430615193"
    }, {
      "d" : "1756457718054657044",
      "t" : 1756457718054,
      "tn" : 1756457718054657044,
      "q" : "120000",
      "p" : "0.000009753",
      "s" : "sell",
      "i" : "PEPE_USDT",
      "m" : "4611686018430615192"
    }, {
      "d" : "1756457717553671911",
      "t" : 1756457717553,
      "tn" : 1756457717553671911,
      "q" : "120000",
      "p" : "0.000009753",
      "s" : "sell",
      "i" : "PEPE_USDT",
      "m" : "4611686018430615191"
    }, {
      "d" : "1756457717052112568",
      "t" : 1756457717052,
      "tn" : 1756457717052112568,
      "q" : "120000",
      "p" : "0.000009753",
      "s" : "sell",
      "i" : "PEPE_USDT",
      "m" : "4611686018430615190"
    }, {
      "d" : "1756457716551201081",
      "t" : 1756457716551,
      "tn" : 1756457716551201081,
      "q" : "120000",
      "p" : "0.000009754",
      "s" : "sell",
      "i" : "PEPE_USDT",
      "m" : "4611686018430615189"
    }, {
      "d" : "1756457716044682176",
      "t" : 1756457716044,
      "tn" : 1756457716044682176,
      "q" : "120000",
      "p" : "0.000009754",
      "s" : "sell",
      "i" : "PEPE_USDT",
      "m" : "4611686018430615188"
    }, {
      "d" : "1756457715533917925",
      "t" : 1756457715533,
      "tn" : 1756457715533917925,
      "q" : "120000",
      "p" : "0.000009754",
      "s" : "sell",
      "i" : "PEPE_USDT",
      "m" : "4611686018430615187"
    }, {
      "d" : "1756457715032131597",
      "t" : 1756457715032,
      "tn" : 1756457715032131597,
      "q" : "120000",
      "p" : "0.000009754",
      "s" : "sell",
      "i" : "PEPE_USDT",
      "m" : "4611686018430615186"
    }, {
      "d" : "1756457714526402756",
      "t" : 1756457714526,
      "tn" : 1756457714526402756,
      "q" : "120000",
      "p" : "0.000009754",
      "s" : "sell",
      "i" : "PEPE_USDT",
      "m" : "4611686018430615185"
    } ]
  }
}