{
  "id" : -1,
  "method" : "public/get-trades",
  "code" : 0,
  "result" : {
    "data" : [ {
      "d" : "1756459765327386156",
      "t" : 1756459765327,
      "tn" : 1756459765327386156,
      "q" : "100.0",
      "p" : "0.26672",
      "s" : "buy",
      "i" : "PERP_USD",
      "m" : "4611686018430055366"
    }, {
      "d" : "1756458008886684935",
      "t" : 1756458008886,
      "tn" : 1756458008886684935,
      "q" : "753.0",
      "p" : "0.26655",
      "s" : "sell",
      "i" : "PERP_USD",
      "m" : "4611686018430055365"
    }, {
      "d" : "1756458006536538881",
      "t" : 1756458006536,
      "tn" : 1756458006536538881,
      "q" : "246.0",
      "p" : "0.26655",
      "s" : "sell",
      "i" : "PERP_USD",
      "m" : "4611686018430055364"
    }, {
      "d" : "1756458006492333985",
      "t" : 1756458006492,
      "tn" : 1756458006492333985,
      "q" : "278.0",
      "p" : "0.26655",
      "s" : "sell",
      "i" : "PERP_USD",
      "m" : "4611686018430055363"
    }, {
      "d" : "1756449607493326813",
      "t" : 1756449607493,
      "tn" : 1756449607493326813,
      "q" : "29.1",
      "p" : "0.27676",
      "s" : "sell",
      "i" : "PERP_USD",
      "m" : "4611686018430055362"
    }, {
      "d" : "1756449607493324383",
      "t" : 1756449607493,
      "tn" : 1756449607493324383,
      "q" : "53.2",
      "p" : "0.27678",
      "s" : "sell",
      "i" : "PERP_USD",
      "m" : "4611686018430055361"
    }, {
      "d" : "1756449607082422503",
      "t" : 1756449607082,
      "tn" : 1756449607082422503,
      "q" : "541.9",
      "p" : "0.27678",
      "s" : "sell",
      "i" : "PERP_USD",
      "m" : "4611686018430055360"
    }, {
      "d" : "1756449607036000292",
      "t" : 1756449607036,
      "tn" : 1756449607036000292,
      "q" : "249.0",
      "p" : "0.27676",
      "s" : "sell",
      "i" : "PERP_USD",
      "m" : "4611686018430055359"
    }, {
      "d" : "1756449607035707072",
      "t" : 1756449607035,
      "tn" : 1756449607035707072,
      "q" : "125.0",
      "p" : "0.27676",
      "s" : "sell",
      "i" : "PERP_USD",
      "m" : "4611686018430055358"
    }, {
      "d" : "1756449607033419881",
      "t" : 1756449607033,
      "tn" : 1756449607033419881,
      "q" : "183.2",
      "p" : "0.27676",
      "s" : "sell",
      "i" : "PERP_USD",
      "m" : "4611686018430055357"
    }, {
      "d" : "1756449607033417850",
      "t" : 1756449607033,
      "tn" : 1756449607033417850,
      "q" : "148.8",
      "p" : "0.27678",
      "s" : "sell",
      "i" : "PERP_USD",
      "m" : "4611686018430055356"
    }, {
      "d" : "1756443445382801336",
      "t" : 1756443445382,
      "tn" : 1756443445382801336,
      "q" : "124.2",
      "p" : "0.28026",
      "s" : "buy",
      "i" : "PERP_USD",
      "m" : "4611686018430055355"
    }, {
      "d" : "1756440231268471375",
      "t" : 1756440231268,
      "tn" : 1756440231268471375,
      "q" : "100.0",
      "p" : "0.28218",
      "s" : "buy",
      "i" : "PERP_USD",
      "m" : "4611686018430055354"
    }, {
      "d" : "1756432818229903265",
      "t" : 1756432818229,
      "tn" : 1756432818229903265,
      "q" : "76.9",
      "p" : "0.27979",
      "s" : "buy",
      "i" : "PERP_USD",
      "m" : "4611686018430055353"
    }, {
      "d" : "1756414682706003908",
      "t" : 1756414682706,
      "tn" : 1756414682706003908,
      "q" : "445.5",
      "p" : "0.27544",
      "s" : "buy",
      "i" : "PERP_USD",
      "m" : "4611686018430055352"
    }, {
      "d" : "1756414679435142821",
      "t" : 1756414679435,
      "tn" : 1756414679435142821,
      "q" : "597.2",
      "p" : "0.27544",
      "s" : "buy",
      "i" : "PERP_USD",
      "m" : "4611686018430055351"
    }, {
      "d" : "1756410729134070314",
      "t" : 1756410729134,
      "tn" : 1756410729134070314,
      "q" : "733.0",
      "p" : "0.27354",
      "s" : "sell",
      "i" : "PERP_USD",
      "m" : "4611686018430055350"
    }, {
      "d" : "1756401691316907548",
      "t" : 1756401691316,
      "tn" : 1756401691316907548,
      "q" : "185.6",
      "p" : "0.27587",
      "s" : "buy",
      "i" : "PERP_USD",
      "m" : "4611686018430055349"
    }, {
      "d" : "1756400146872438836",
      "t" : 1756400146872,
      "tn" : 1756400146872438836,
      "q" : "724.0",
      "p" : "0.27671",
      "s" : "sell",
      "i" : "PERP_USD",
      "m" : "4611686018430055348"
    }, {
      "d" : "1756394031236002872",
      "t" : 1756394031236,
      "tn" : 1756394031236002872,
      "q" : "22.7",
      "p" : "0.28106",
      "s" : "buy",
      "i" : "PERP_USD",
      "m" : "4611686018430055347"
    }, {
      "d" : "1756394026401436013",
      "t" : 1756394026401,
      "tn" : 1756394026401436013,
      "q" : "34.0",
      "p" : "0.28105",
      "s" : "sell",
      "i" : "PERP_USD",
      "m" : "4611686018430055346"
    }, {
      "d" : "1756394026396715328",
      "t" : 1756394026396,
      "tn" : 1756394026396715328,
      "q" : "157.4",
      "p" : "0.28105",
      "s" : "buy",
      "i" : "PERP_USD",
      "m" : "4611686018430055345"
    }, {
      "d" : "1756394023312747590",
      "t" : 1756394023312,
      "tn" : 1756394023312747590,
      "q" : "2464.6",
      "p" : "0.28093",
      "s" : "sell",
      "i" : "PERP_USD",
      "m" : "4611686018430055344"
    }, {
      "d" : "1756394023303153666",
      "t" : 1756394023303,
      "tn" : 1756394023303153666,
      "q" : "667.4",
      "p" : "0.28093",
      "s" : "buy",
      "i" : "PERP_USD",
      "m" : "4611686018430055343"
    }, {
      "d" : "1756388827364251154",
      "t" : 1756388827364,
      "tn" : 1756388827364251154,
      "q" : "461.6",
      "p" : "0.27859",
      "s" : "buy",
      "i" : "PERP_USD",
      "m" : "4611686018430055342"
    }, {
      "d" : "1756388827358449098",
      "t" : 1756388827358,
      "tn" : 1756388827358449098,
      "q" : "538.4",
      "p" : "0.27859",
      "s" : "sell",
      "i" : "PERP_USD",
      "m" : "4611686018430055341"
    }, {
      "d" : "1756388404576030541",
      "t" : 1756388404576,
      "tn" : 1756388404576030541,
      "q" : "63.6",
      "p" : "0.27993",
      "s" : "buy",
      "i" : "PERP_USD",
      "m" : "4611686018430055340"
    }, {
      "d" : "1756388049760778772",
      "t" : 1756388049760,
      "tn" : 1756388049760778772,
      "q" : "82.9",
      "p" : "0.27969",
      "s" : "sell",
      "i" : "PERP_USD",
      "m" : "4611686018430055339"
    }, {
      "d" : "1756385233223610759",
      "t" : 1756385233223,
      "tn" : 1756385233223610759,
      "q" : "27.0",
      "p" : "0.27978",
      "s" : "sell",
      "i" : "PERP_USD",
      "m" : "4611686018430055338"
    }, {
      "d" : "1756383324312426653",
      "t" : 1756383324312,
      "tn" : 1756383324312426653,
      "q" : "25.0",
      "p" : "0.27929",
      "s" : "sell",
      "i" : "PERP_USD",
      "m" : "4611686018430055337"
    } ]
  }
}