{
  "id" : -1,
  "method" : "public/get-trades",
  "code" : 0,
  "result" : {
    "data" : [ {
      "d" : "1756460758636257250",
      "t" : 1756460758636,
      "tn" : 1756460758636257250,
      "q" : "19724",
      "p" : "0.03435",
      "s" : "buy",
      "i" : "PIRATE_USD",
      "m" : "4611686018427986566"
    }, {
      "d" : "1756460758634815428",
      "t" : 1756460758634,
      "tn" : 1756460758634815428,
      "q" : "19354",
      "p" : "0.03432",
      "s" : "buy",
      "i" : "PIRATE_USD",
      "m" : "4611686018427986565"
    }, {
      "d" : "1756458220695817260",
      "t" : 1756458220695,
      "tn" : 1756458220695817260,
      "q" : "434",
      "p" : "0.03484",
      "s" : "sell",
      "i" : "PIRATE_USD",
      "m" : "4611686018427986564"
    }, {
      "d" : "1756458220679627837",
      "t" : 1756458220679,
      "tn" : 1756458220679627837,
      "q" : "390",
      "p" : "0.03484",
      "s" : "sell",
      "i" : "PIRATE_USD",
      "m" : "4611686018427986563"
    }, {
      "d" : "1756458220679625950",
      "t" : 1756458220679,
      "tn" : 1756458220679625950,
      "q" : "400",
      "p" : "0.03500",
      "s" : "sell",
      "i" : "PIRATE_USD",
      "m" : "4611686018427986562"
    }, {
      "d" : "1756422308298831906",
      "t" : 1756422308298,
      "tn" : 1756422308298831906,
      "q" : "33",
      "p" : "0.03632",
      "s" : "buy",
      "i" : "PIRATE_USD",
      "m" : "4611686018427986561"
    }, {
      "d" : "1756421828342395524",
      "t" : 1756421828342,
      "tn" : 1756421828342395524,
      "q" : "11085",
      "p" : "0.03639",
      "s" : "sell",
      "i" : "PIRATE_USD",
      "m" : "4611686018427986560"
    }, {
      "d" : "1756421828314416983",
      "t" : 1756421828314,
      "tn" : 1756421828314416983,
      "q" : "16855",
      "p" : "0.03623",
      "s" : "sell",
      "i" : "PIRATE_USD",
      "m" : "4611686018427986559"
    }, {
      "d" : "1756419012346045728",
      "t" : 1756419012346,
      "tn" : 1756419012346045728,
      "q" : "9548",
      "p" : "0.03634",
      "s" : "sell",
      "i" : "PIRATE_USD",
      "m" : "4611686018427986558"
    }, {
      "d" : "1756419012346043632",
      "t" : 1756419012346,
      "tn" : 1756419012346043632,
      "q" : "276",
      "p" : "0.03635",
      "s" : "sell",
      "i" : "PIRATE_USD",
      "m" : "4611686018427986557"
    }, {
      "d" : "1756400388653850374",
      "t" : 1756400388653,
      "tn" : 1756400388653850374,
      "q" : "9258",
      "p" : "0.03663",
      "s" : "buy",
      "i" : "PIRATE_USD",
      "m" : "4611686018427986556"
    }, {
      "d" : "1756397876572515352",
      "t" : 1756397876572,
      "tn" : 1756397876572515351,
      "q" : "2486",
      "p" : "0.03608",
      "s" : "sell",
      "i" : "PIRATE_USD",
      "m" : "4611686018427986555"
    }, {
      "d" : "1756397876572515351",
      "t" : 1756397876572,
      "tn" : 1756397876572515351,
      "q" : "9530",
      "p" : "0.03608",
      "s" : "sell",
      "i" : "PIRATE_USD",
      "m" : "4611686018427986555"
    } ]
  }
}