{
  "id" : -1,
  "method" : "public/get-trades",
  "code" : 0,
  "result" : {
    "data" : [ {
      "d" : "1756455449134215513",
      "t" : 1756455449134,
      "tn" : 1756455449134215513,
      "q" : "381",
      "p" : "0.03195",
      "s" : "buy",
      "i" : "PIXEL_USD",
      "m" : "4611686018428445170"
    }, {
      "d" : "1756455448519269194",
      "t" : 1756455448519,
      "tn" : 1756455448519269194,
      "q" : "380",
      "p" : "0.03193",
      "s" : "buy",
      "i" : "PIXEL_USD",
      "m" : "4611686018428445169"
    }, {
      "d" : "1756455446143805695",
      "t" : 1756455446143,
      "tn" : 1756455446143805695,
      "q" : "387",
      "p" : "0.03191",
      "s" : "buy",
      "i" : "PIXEL_USD",
      "m" : "4611686018428445168"
    }, {
      "d" : "1756455443829870946",
      "t" : 1756455443829,
      "tn" : 1756455443829870946,
      "q" : "398",
      "p" : "0.03190",
      "s" : "buy",
      "i" : "PIXEL_USD",
      "m" : "4611686018428445167"
    }, {
      "d" : "1756455442810542503",
      "t" : 1756455442810,
      "tn" : 1756455442810542503,
      "q" : "387",
      "p" : "0.03189",
      "s" : "buy",
      "i" : "PIXEL_USD",
      "m" : "4611686018428445166"
    }, {
      "d" : "1756455442799827193",
      "t" : 1756455442799,
      "tn" : 1756455442799827193,
      "q" : "392",
      "p" : "0.03189",
      "s" : "buy",
      "i" : "PIXEL_USD",
      "m" : "4611686018428445165"
    }, {
      "d" : "1756455440738988784",
      "t" : 1756455440738,
      "tn" : 1756455440738988784,
      "q" : "387",
      "p" : "0.03190",
      "s" : "buy",
      "i" : "PIXEL_USD",
      "m" : "4611686018428445164"
    }, {
      "d" : "1756455440028132059",
      "t" : 1756455440028,
      "tn" : 1756455440028132059,
      "q" : "394",
      "p" : "0.03190",
      "s" : "buy",
      "i" : "PIXEL_USD",
      "m" : "4611686018428445163"
    }, {
      "d" : "1756455439095226635",
      "t" : 1756455439095,
      "tn" : 1756455439095226635,
      "q" : "381",
      "p" : "0.03190",
      "s" : "buy",
      "i" : "PIXEL_USD",
      "m" : "4611686018428445162"
    }, {
      "d" : "1756455438203353652",
      "t" : 1756455438203,
      "tn" : 1756455438203353652,
      "q" : "2505",
      "p" : "0.03193",
      "s" : "sell",
      "i" : "PIXEL_USD",
      "m" : "4611686018428445161"
    }, {
      "d" : "1756455437464555501",
      "t" : 1756455437464,
      "tn" : 1756455437464555501,
      "q" : "2050",
      "p" : "0.03194",
      "s" : "sell",
      "i" : "PIXEL_USD",
      "m" : "4611686018428445160"
    }, {
      "d" : "1756455437464553737",
      "t" : 1756455437464,
      "tn" : 1756455437464553737,
      "q" : "431",
      "p" : "0.03200",
      "s" : "sell",
      "i" : "PIXEL_USD",
      "m" : "4611686018428445159"
    }, {
      "d" : "1756455379325271503",
      "t" : 1756455379325,
      "tn" : 1756455379325271503,
      "q" : "384",
      "p" : "0.03201",
      "s" : "buy",
      "i" : "PIXEL_USD",
      "m" : "4611686018428445158"
    }, {
      "d" : "1756455046914773892",
      "t" : 1756455046914,
      "tn" : 1756455046914773892,
      "q" : "781",
      "p" : "0.03200",
      "s" : "sell",
      "i" : "PIXEL_USD",
      "m" : "4611686018428445157"
    }, {
      "d" : "1756454974868235927",
      "t" : 1756454974868,
      "tn" : 1756454974868235927,
      "q" : "1648",
      "p" : "0.03200",
      "s" : "sell",
      "i" : "PIXEL_USD",
      "m" : "4611686018428445156"
    }, {
      "d" : "1756451577032413187",
      "t" : 1756451577032,
      "tn" : 1756451577032413187,
      "q" : "393",
      "p" : "0.03237",
      "s" : "sell",
      "i" : "PIXEL_USD",
      "m" : "4611686018428445155"
    }, {
      "d" : "1756449643036895658",
      "t" : 1756449643036,
      "tn" : 1756449643036895658,
      "q" : "71",
      "p" : "0.03269",
      "s" : "sell",
      "i" : "PIXEL_USD",
      "m" : "4611686018428445154"
    }, {
      "d" : "1756437102602817804",
      "t" : 1756437102602,
      "tn" : 1756437102602817804,
      "q" : "390",
      "p" : "0.03353",
      "s" : "buy",
      "i" : "PIXEL_USD",
      "m" : "4611686018428445153"
    }, {
      "d" : "1756437102552015669",
      "t" : 1756437102552,
      "tn" : 1756437102552015669,
      "q" : "381",
      "p" : "0.03355",
      "s" : "sell",
      "i" : "PIXEL_USD",
      "m" : "4611686018428445152"
    }, {
      "d" : "1756427317494406299",
      "t" : 1756427317494,
      "tn" : 1756427317494406299,
      "q" : "72",
      "p" : "0.03422",
      "s" : "buy",
      "i" : "PIXEL_USD",
      "m" : "4611686018428445151"
    }, {
      "d" : "1756426987098742027",
      "t" : 1756426987098,
      "tn" : 1756426987098742027,
      "q" : "385",
      "p" : "0.03408",
      "s" : "sell",
      "i" : "PIXEL_USD",
      "m" : "4611686018428445150"
    }, {
      "d" : "1756426987083217904",
      "t" : 1756426987083,
      "tn" : 1756426987083217904,
      "q" : "380",
      "p" : "0.03406",
      "s" : "buy",
      "i" : "PIXEL_USD",
      "m" : "4611686018428445149"
    }, {
      "d" : "1756418065289084987",
      "t" : 1756418065289,
      "tn" : 1756418065289084987,
      "q" : "388",
      "p" : "0.03348",
      "s" : "buy",
      "i" : "PIXEL_USD",
      "m" : "4611686018428445148"
    }, {
      "d" : "1756379145710780538",
      "t" : 1756379145710,
      "tn" : 1756379145710780538,
      "q" : "382",
      "p" : "0.03347",
      "s" : "buy",
      "i" : "PIXEL_USD",
      "m" : "4611686018428445147"
    }, {
      "d" : "1756376551685819883",
      "t" : 1756376551685,
      "tn" : 1756376551685819883,
      "q" : "392",
      "p" : "0.03321",
      "s" : "buy",
      "i" : "PIXEL_USD",
      "m" : "4611686018428445146"
    } ]
  }
}