{
  "id" : -1,
  "method" : "public/get-trades",
  "code" : 0,
  "result" : {
    "data" : [ {
      "d" : "1756460121899902294",
      "t" : 1756460121899,
      "tn" : 1756460121899902294,
      "q" : "3268",
      "p" : "0.07953",
      "s" : "sell",
      "i" : "PLUME_USD",
      "m" : "4611686018427440553"
    }, {
      "d" : "1756459530859728293",
      "t" : 1756459530859,
      "tn" : 1756459530859728293,
      "q" : "2639",
      "p" : "0.07958",
      "s" : "sell",
      "i" : "PLUME_USD",
      "m" : "4611686018427440552"
    }, {
      "d" : "1756459212585799311",
      "t" : 1756459212585,
      "tn" : 1756459212585799311,
      "q" : "3001",
      "p" : "0.07989",
      "s" : "sell",
      "i" : "PLUME_USD",
      "m" : "4611686018427440551"
    }, {
      "d" : "1756458179307608863",
      "t" : 1756458179307,
      "tn" : 1756458179307608863,
      "q" : "190",
      "p" : "0.07959",
      "s" : "sell",
      "i" : "PLUME_USD",
      "m" : "4611686018427440550"
    }, {
      "d" : "1756458179196913838",
      "t" : 1756458179196,
      "tn" : 1756458179196913838,
      "q" : "190",
      "p" : "0.07959",
      "s" : "sell",
      "i" : "PLUME_USD",
      "m" : "4611686018427440549"
    }, {
      "d" : "1756458179095170376",
      "t" : 1756458179095,
      "tn" : 1756458179095170376,
      "q" : "260",
      "p" : "0.07959",
      "s" : "sell",
      "i" : "PLUME_USD",
      "m" : "4611686018427440548"
    }, {
      "d" : "1756458178370821923",
      "t" : 1756458178370,
      "tn" : 1756458178370821923,
      "q" : "400",
      "p" : "0.07959",
      "s" : "sell",
      "i" : "PLUME_USD",
      "m" : "4611686018427440547"
    }, {
      "d" : "1756458178247809733",
      "t" : 1756458178247,
      "tn" : 1756458178247809733,
      "q" : "500",
      "p" : "0.07959",
      "s" : "sell",
      "i" : "PLUME_USD",
      "m" : "4611686018427440546"
    }, {
      "d" : "1756458178146004540",
      "t" : 1756458178146,
      "tn" : 1756458178146004540,
      "q" : "800",
      "p" : "0.07959",
      "s" : "sell",
      "i" : "PLUME_USD",
      "m" : "4611686018427440545"
    }, {
      "d" : "1756458177998743333",
      "t" : 1756458177998,
      "tn" : 1756458177998743333,
      "q" : "1200",
      "p" : "0.07959",
      "s" : "sell",
      "i" : "PLUME_USD",
      "m" : "4611686018427440544"
    }, {
      "d" : "1756458177846125592",
      "t" : 1756458177846,
      "tn" : 1756458177846125592,
      "q" : "300",
      "p" : "0.07959",
      "s" : "sell",
      "i" : "PLUME_USD",
      "m" : "4611686018427440543"
    }, {
      "d" : "1756458169684177168",
      "t" : 1756458169684,
      "tn" : 1756458169684177168,
      "q" : "1200",
      "p" : "0.07959",
      "s" : "sell",
      "i" : "PLUME_USD",
      "m" : "4611686018427440542"
    }, {
      "d" : "1756458168380089509",
      "t" : 1756458168380,
      "tn" : 1756458168380089509,
      "q" : "2500",
      "p" : "0.07959",
      "s" : "sell",
      "i" : "PLUME_USD",
      "m" : "4611686018427440541"
    }, {
      "d" : "1756458168280764692",
      "t" : 1756458168280,
      "tn" : 1756458168280764692,
      "q" : "3881",
      "p" : "0.07959",
      "s" : "sell",
      "i" : "PLUME_USD",
      "m" : "4611686018427440540"
    }, {
      "d" : "1756458168260254429",
      "t" : 1756458168260,
      "tn" : 1756458168260254429,
      "q" : "190",
      "p" : "0.07959",
      "s" : "sell",
      "i" : "PLUME_USD",
      "m" : "4611686018427440539"
    }, {
      "d" : "1756458168260242224",
      "t" : 1756458168260,
      "tn" : 1756458168260242224,
      "q" : "6872",
      "p" : "0.07959",
      "s" : "sell",
      "i" : "PLUME_USD",
      "m" : "4611686018427440538"
    }, {
      "d" : "1756458168260239691",
      "t" : 1756458168260,
      "tn" : 1756458168260239691,
      "q" : "128",
      "p" : "0.07960",
      "s" : "sell",
      "i" : "PLUME_USD",
      "m" : "4611686018427440537"
    }, {
      "d" : "1756458168256661212",
      "t" : 1756458168256,
      "tn" : 1756458168256661212,
      "q" : "1572",
      "p" : "0.07959",
      "s" : "sell",
      "i" : "PLUME_USD",
      "m" : "4611686018427440536"
    }, {
      "d" : "1756458168256659663",
      "t" : 1756458168256,
      "tn" : 1756458168256659663,
      "q" : "128",
      "p" : "0.07960",
      "s" : "sell",
      "i" : "PLUME_USD",
      "m" : "4611686018427440535"
    }, {
      "d" : "1756458168246211177",
      "t" : 1756458168246,
      "tn" : 1756458168246211177,
      "q" : "1972",
      "p" : "0.07959",
      "s" : "sell",
      "i" : "PLUME_USD",
      "m" : "4611686018427440534"
    }, {
      "d" : "1756458168246209173",
      "t" : 1756458168246,
      "tn" : 1756458168246209173,
      "q" : "128",
      "p" : "0.07960",
      "s" : "sell",
      "i" : "PLUME_USD",
      "m" : "4611686018427440533"
    }, {
      "d" : "1756458168241526150",
      "t" : 1756458168241,
      "tn" : 1756458168241526150,
      "q" : "2100",
      "p" : "0.07959",
      "s" : "sell",
      "i" : "PLUME_USD",
      "m" : "4611686018427440532"
    }, {
      "d" : "1756458168241450355",
      "t" : 1756458168241,
      "tn" : 1756458168241450355,
      "q" : "1300",
      "p" : "0.07959",
      "s" : "sell",
      "i" : "PLUME_USD",
      "m" : "4611686018427440531"
    }, {
      "d" : "1756458168241439764",
      "t" : 1756458168241,
      "tn" : 1756458168241439764,
      "q" : "1300",
      "p" : "0.07959",
      "s" : "sell",
      "i" : "PLUME_USD",
      "m" : "4611686018427440530"
    }, {
      "d" : "1756458168241437444",
      "t" : 1756458168241,
      "tn" : 1756458168241437444,
      "q" : "800",
      "p" : "0.07959",
      "s" : "sell",
      "i" : "PLUME_USD",
      "m" : "4611686018427440529"
    }, {
      "d" : "1756458168241436220",
      "t" : 1756458168241,
      "tn" : 1756458168241436220,
      "q" : "1500",
      "p" : "0.07959",
      "s" : "sell",
      "i" : "PLUME_USD",
      "m" : "4611686018427440528"
    }, {
      "d" : "1756458168241433327",
      "t" : 1756458168241,
      "tn" : 1756458168241433327,
      "q" : "440",
      "p" : "0.07959",
      "s" : "sell",
      "i" : "PLUME_USD",
      "m" : "4611686018427440527"
    }, {
      "d" : "1756458168241431018",
      "t" : 1756458168241,
      "tn" : 1756458168241431018,
      "q" : "1400",
      "p" : "0.07959",
      "s" : "sell",
      "i" : "PLUME_USD",
      "m" : "4611686018427440526"
    }, {
      "d" : "1756458168241429100",
      "t" : 1756458168241,
      "tn" : 1756458168241429100,
      "q" : "1600",
      "p" : "0.07959",
      "s" : "sell",
      "i" : "PLUME_USD",
      "m" : "4611686018427440525"
    }, {
      "d" : "1756458168241428090",
      "t" : 1756458168241,
      "tn" : 1756458168241428090,
      "q" : "390",
      "p" : "0.07959",
      "s" : "sell",
      "i" : "PLUME_USD",
      "m" : "4611686018427440524"
    }, {
      "d" : "1756458168241364129",
      "t" : 1756458168241,
      "tn" : 1756458168241364129,
      "q" : "1900",
      "p" : "0.07959",
      "s" : "sell",
      "i" : "PLUME_USD",
      "m" : "4611686018427440523"
    }, {
      "d" : "1756458168241361082",
      "t" : 1756458168241,
      "tn" : 1756458168241361082,
      "q" : "1072",
      "p" : "0.07959",
      "s" : "sell",
      "i" : "PLUME_USD",
      "m" : "4611686018427440522"
    }, {
      "d" : "1756458168241358902",
      "t" : 1756458168241,
      "tn" : 1756458168241358902,
      "q" : "128",
      "p" : "0.07960",
      "s" : "sell",
      "i" : "PLUME_USD",
      "m" : "4611686018427440521"
    }, {
      "d" : "1756458167156848849",
      "t" : 1756458167156,
      "tn" : 1756458167156848849,
      "q" : "125",
      "p" : "0.08000",
      "s" : "sell",
      "i" : "PLUME_USD",
      "m" : "4611686018427440520"
    }, {
      "d" : "1756458063037073446",
      "t" : 1756458063037,
      "tn" : 1756458063037073446,
      "q" : "74",
      "p" : "0.08100",
      "s" : "sell",
      "i" : "PLUME_USD",
      "m" : "4611686018427440519"
    }, {
      "d" : "1756451767961866230",
      "t" : 1756451767961,
      "tn" : 1756451767961866230,
      "q" : "244",
      "p" : "0.08104",
      "s" : "buy",
      "i" : "PLUME_USD",
      "m" : "4611686018427440518"
    }, {
      "d" : "1756451767914967161",
      "t" : 1756451767914,
      "tn" : 1756451767914967161,
      "q" : "247",
      "p" : "0.08104",
      "s" : "buy",
      "i" : "PLUME_USD",
      "m" : "4611686018427440517"
    }, {
      "d" : "1756451767900922608",
      "t" : 1756451767900,
      "tn" : 1756451767900922608,
      "q" : "247",
      "p" : "0.08104",
      "s" : "buy",
      "i" : "PLUME_USD",
      "m" : "4611686018427440516"
    }, {
      "d" : "1756451662117013430",
      "t" : 1756451662117,
      "tn" : 1756451662117013430,
      "q" : "240",
      "p" : "0.08100",
      "s" : "sell",
      "i" : "PLUME_USD",
      "m" : "4611686018427440515"
    }, {
      "d" : "1756451660602759189",
      "t" : 1756451660602,
      "tn" : 1756451660602759189,
      "q" : "494",
      "p" : "0.08100",
      "s" : "sell",
      "i" : "PLUME_USD",
      "m" : "4611686018427440514"
    }, {
      "d" : "1756451653637092440",
      "t" : 1756451653637,
      "tn" : 1756451653637092440,
      "q" : "240",
      "p" : "0.08100",
      "s" : "sell",
      "i" : "PLUME_USD",
      "m" : "4611686018427440513"
    }, {
      "d" : "1756451644678113972",
      "t" : 1756451644678,
      "tn" : 1756451644678113972,
      "q" : "186",
      "p" : "0.08100",
      "s" : "sell",
      "i" : "PLUME_USD",
      "m" : "4611686018427440512"
    }, {
      "d" : "1756451644677151608",
      "t" : 1756451644677,
      "tn" : 1756451644677151608,
      "q" : "44",
      "p" : "0.08200",
      "s" : "sell",
      "i" : "PLUME_USD",
      "m" : "4611686018427440511"
    }, {
      "d" : "1756451556292948147",
      "t" : 1756451556292,
      "tn" : 1756451556292948147,
      "q" : "244",
      "p" : "0.08200",
      "s" : "sell",
      "i" : "PLUME_USD",
      "m" : "4611686018427440510"
    }, {
      "d" : "1756448709251188578",
      "t" : 1756448709251,
      "tn" : 1756448709251188578,
      "q" : "3137",
      "p" : "0.08228",
      "s" : "sell",
      "i" : "PLUME_USD",
      "m" : "4611686018427440509"
    }, {
      "d" : "1756448709251186662",
      "t" : 1756448709251,
      "tn" : 1756448709251186662,
      "q" : "394",
      "p" : "0.08229",
      "s" : "sell",
      "i" : "PLUME_USD",
      "m" : "4611686018427440508"
    }, {
      "d" : "1756448709251184298",
      "t" : 1756448709251,
      "tn" : 1756448709251184298,
      "q" : "36",
      "p" : "0.08250",
      "s" : "sell",
      "i" : "PLUME_USD",
      "m" : "4611686018427440507"
    }, {
      "d" : "1756448709251181396",
      "t" : 1756448709251,
      "tn" : 1756448709251181396,
      "q" : "42",
      "p" : "0.08300",
      "s" : "sell",
      "i" : "PLUME_USD",
      "m" : "4611686018427440506"
    }, {
      "d" : "1756438572300501826",
      "t" : 1756438572300,
      "tn" : 1756438572300501826,
      "q" : "57",
      "p" : "0.08349",
      "s" : "sell",
      "i" : "PLUME_USD",
      "m" : "4611686018427440505"
    }, {
      "d" : "1756396896246375354",
      "t" : 1756396896246,
      "tn" : 1756396896246375354,
      "q" : "27",
      "p" : "0.08438",
      "s" : "buy",
      "i" : "PLUME_USD",
      "m" : "4611686018427440504"
    }, {
      "d" : "1756385529694923084",
      "t" : 1756385529694,
      "tn" : 1756385529694923084,
      "q" : "380",
      "p" : "0.08537",
      "s" : "buy",
      "i" : "PLUME_USD",
      "m" : "4611686018427440503"
    }, {
      "d" : "1756375992811159371",
      "t" : 1756375992811,
      "tn" : 1756375992811159371,
      "q" : "6187",
      "p" : "0.08433",
      "s" : "sell",
      "i" : "PLUME_USD",
      "m" : "4611686018427440502"
    }, {
      "d" : "1756375992811157984",
      "t" : 1756375992811,
      "tn" : 1756375992811157984,
      "q" : "8404",
      "p" : "0.08438",
      "s" : "sell",
      "i" : "PLUME_USD",
      "m" : "4611686018427440501"
    }, {
      "d" : "1756375992811154405",
      "t" : 1756375992811,
      "tn" : 1756375992811154405,
      "q" : "384",
      "p" : "0.08439",
      "s" : "sell",
      "i" : "PLUME_USD",
      "m" : "4611686018427440500"
    } ]
  }
}