{
  "id" : -1,
  "method" : "public/get-trades",
  "code" : 0,
  "result" : {
    "data" : [ {
      "d" : "1756458167155886686",
      "t" : 1756458167155,
      "tn" : 1756458167155886686,
      "q" : "120",
      "p" : "0.07959",
      "s" : "sell",
      "i" : "PLUMEUSD-PERP",
      "m" : "4611686018427401884"
    }, {
      "d" : "1756458063035700280",
      "t" : 1756458063035,
      "tn" : 1756458063035700280,
      "q" : "740",
      "p" : "0.07974",
      "s" : "sell",
      "i" : "PLUMEUSD-PERP",
      "m" : "4611686018427401883"
    }, {
      "d" : "1756458063035698534",
      "t" : 1756458063035,
      "tn" : 1756458063035698534,
      "q" : "10",
      "p" : "0.07987",
      "s" : "sell",
      "i" : "PLUMEUSD-PERP",
      "m" : "4611686018427401882"
    }, {
      "d" : "1756458063035695775",
      "t" : 1756458063035,
      "tn" : 1756458063035695775,
      "q" : "120",
      "p" : "0.07995",
      "s" : "sell",
      "i" : "PLUMEUSD-PERP",
      "m" : "4611686018427401881"
    }, {
      "d" : "1756453025618887470",
      "t" : 1756453025618,
      "tn" : 1756453025618887470,
      "q" : "500",
      "p" : "0.08084",
      "s" : "buy",
      "i" : "PLUMEUSD-PERP",
      "m" : "4611686018427401880"
    }, {
      "d" : "1756452994722476266",
      "t" : 1756452994722,
      "tn" : 1756452994722476266,
      "q" : "360",
      "p" : "0.08092",
      "s" : "buy",
      "i" : "PLUMEUSD-PERP",
      "m" : "4611686018427401879"
    }, {
      "d" : "1756452994722474594",
      "t" : 1756452994722,
      "tn" : 1756452994722474594,
      "q" : "10",
      "p" : "0.08087",
      "s" : "buy",
      "i" : "PLUMEUSD-PERP",
      "m" : "4611686018427401878"
    }, {
      "d" : "1756451662115942210",
      "t" : 1756451662115,
      "tn" : 1756451662115942210,
      "q" : "120",
      "p" : "0.08087",
      "s" : "sell",
      "i" : "PLUMEUSD-PERP",
      "m" : "4611686018427401877"
    }, {
      "d" : "1756451660106008736",
      "t" : 1756451660106,
      "tn" : 1756451660106008736,
      "q" : "120",
      "p" : "0.08084",
      "s" : "sell",
      "i" : "PLUMEUSD-PERP",
      "m" : "4611686018427401876"
    }, {
      "d" : "1756451653635913866",
      "t" : 1756451653635,
      "tn" : 1756451653635913866,
      "q" : "120",
      "p" : "0.08101",
      "s" : "sell",
      "i" : "PLUMEUSD-PERP",
      "m" : "4611686018427401875"
    }, {
      "d" : "1756451650065888837",
      "t" : 1756451650065,
      "tn" : 1756451650065888837,
      "q" : "120",
      "p" : "0.08097",
      "s" : "sell",
      "i" : "PLUMEUSD-PERP",
      "m" : "4611686018427401874"
    }, {
      "d" : "1756451644676110771",
      "t" : 1756451644676,
      "tn" : 1756451644676110771,
      "q" : "120",
      "p" : "0.08103",
      "s" : "sell",
      "i" : "PLUMEUSD-PERP",
      "m" : "4611686018427401873"
    } ]
  }
}