{
  "id" : -1,
  "method" : "public/get-trades",
  "code" : 0,
  "result" : {
    "data" : [ {
      "d" : "1756462062468713749",
      "t" : 1756462062468,
      "tn" : 1756462062468713749,
      "q" : "59",
      "p" : "0.20996",
      "s" : "buy",
      "i" : "PNUT_USD",
      "m" : "4611686018427608827"
    }, {
      "d" : "1756461163391812649",
      "t" : 1756461163391,
      "tn" : 1756461163391812649,
      "q" : "4",
      "p" : "0.20919",
      "s" : "buy",
      "i" : "PNUT_USD",
      "m" : "4611686018427608826"
    }, {
      "d" : "1756461103435548048",
      "t" : 1756461103435,
      "tn" : 1756461103435548048,
      "q" : "6",
      "p" : "0.20918",
      "s" : "sell",
      "i" : "PNUT_USD",
      "m" : "4611686018427608825"
    }, {
      "d" : "1756460873079262093",
      "t" : 1756460873079,
      "tn" : 1756460873079262092,
      "q" : "59",
      "p" : "0.20968",
      "s" : "buy",
      "i" : "PNUT_USD",
      "m" : "4611686018427608824"
    }, {
      "d" : "1756460873079262092",
      "t" : 1756460873079,
      "tn" : 1756460873079262092,
      "q" : "59",
      "p" : "0.20968",
      "s" : "buy",
      "i" : "PNUT_USD",
      "m" : "4611686018427608824"
    }, {
      "d" : "1756460706020126861",
      "t" : 1756460706020,
      "tn" : 1756460706020126861,
      "q" : "6",
      "p" : "0.20858",
      "s" : "sell",
      "i" : "PNUT_USD",
      "m" : "4611686018427608823"
    }, {
      "d" : "1756459409264132433",
      "t" : 1756459409264,
      "tn" : 1756459409264132433,
      "q" : "6",
      "p" : "0.20839",
      "s" : "buy",
      "i" : "PNUT_USD",
      "m" : "4611686018427608822"
    }, {
      "d" : "1756459187306013866",
      "t" : 1756459187306,
      "tn" : 1756459187306013866,
      "q" : "6",
      "p" : "0.20818",
      "s" : "sell",
      "i" : "PNUT_USD",
      "m" : "4611686018427608821"
    }, {
      "d" : "1756458724811325816",
      "t" : 1756458724811,
      "tn" : 1756458724811325816,
      "q" : "6",
      "p" : "0.20693",
      "s" : "sell",
      "i" : "PNUT_USD",
      "m" : "4611686018427608820"
    }, {
      "d" : "1756458724744634654",
      "t" : 1756458724744,
      "tn" : 1756458724744634654,
      "q" : "6",
      "p" : "0.20708",
      "s" : "sell",
      "i" : "PNUT_USD",
      "m" : "4611686018427608819"
    }, {
      "d" : "1756458392319678160",
      "t" : 1756458392319,
      "tn" : 1756458392319678160,
      "q" : "6",
      "p" : "0.20659",
      "s" : "buy",
      "i" : "PNUT_USD",
      "m" : "4611686018427608818"
    }, {
      "d" : "1756458183371427944",
      "t" : 1756458183371,
      "tn" : 1756458183371427944,
      "q" : "6",
      "p" : "0.20537",
      "s" : "sell",
      "i" : "PNUT_USD",
      "m" : "4611686018427608817"
    }, {
      "d" : "1756458180800280771",
      "t" : 1756458180800,
      "tn" : 1756458180800280771,
      "q" : "6",
      "p" : "0.20578",
      "s" : "sell",
      "i" : "PNUT_USD",
      "m" : "4611686018427608816"
    }, {
      "d" : "1756457637131097883",
      "t" : 1756457637131,
      "tn" : 1756457637131097883,
      "q" : "6",
      "p" : "0.20858",
      "s" : "sell",
      "i" : "PNUT_USD",
      "m" : "4611686018427608815"
    }, {
      "d" : "1756457591047316381",
      "t" : 1756457591047,
      "tn" : 1756457591047316381,
      "q" : "6",
      "p" : "0.20818",
      "s" : "sell",
      "i" : "PNUT_USD",
      "m" : "4611686018427608814"
    }, {
      "d" : "1756455771110955927",
      "t" : 1756455771110,
      "tn" : 1756455771110955927,
      "q" : "6",
      "p" : "0.20951",
      "s" : "buy",
      "i" : "PNUT_USD",
      "m" : "4611686018427608813"
    }, {
      "d" : "1756455437041220888",
      "t" : 1756455437041,
      "tn" : 1756455437041220888,
      "q" : "6",
      "p" : "0.20990",
      "s" : "sell",
      "i" : "PNUT_USD",
      "m" : "4611686018427608812"
    }, {
      "d" : "1756455363088374604",
      "t" : 1756455363088,
      "tn" : 1756455363088374604,
      "q" : "6",
      "p" : "0.21010",
      "s" : "sell",
      "i" : "PNUT_USD",
      "m" : "4611686018427608811"
    }, {
      "d" : "1756455312911825150",
      "t" : 1756455312911,
      "tn" : 1756455312911825150,
      "q" : "6",
      "p" : "0.21070",
      "s" : "sell",
      "i" : "PNUT_USD",
      "m" : "4611686018427608810"
    }, {
      "d" : "1756455078780144131",
      "t" : 1756455078780,
      "tn" : 1756455078780144131,
      "q" : "6",
      "p" : "0.21060",
      "s" : "sell",
      "i" : "PNUT_USD",
      "m" : "4611686018427608809"
    }, {
      "d" : "1756454915630886533",
      "t" : 1756454915630,
      "tn" : 1756454915630886533,
      "q" : "6",
      "p" : "0.21121",
      "s" : "buy",
      "i" : "PNUT_USD",
      "m" : "4611686018427608808"
    }, {
      "d" : "1756454886317224467",
      "t" : 1756454886317,
      "tn" : 1756454886317224467,
      "q" : "6",
      "p" : "0.21160",
      "s" : "sell",
      "i" : "PNUT_USD",
      "m" : "4611686018427608807"
    }, {
      "d" : "1756454797433989266",
      "t" : 1756454797433,
      "tn" : 1756454797433989266,
      "q" : "6",
      "p" : "0.21170",
      "s" : "sell",
      "i" : "PNUT_USD",
      "m" : "4611686018427608806"
    }, {
      "d" : "1756454322029613974",
      "t" : 1756454322029,
      "tn" : 1756454322029613974,
      "q" : "6",
      "p" : "0.21120",
      "s" : "sell",
      "i" : "PNUT_USD",
      "m" : "4611686018427608805"
    }, {
      "d" : "1756453482523800841",
      "t" : 1756453482523,
      "tn" : 1756453482523800841,
      "q" : "6",
      "p" : "0.21220",
      "s" : "sell",
      "i" : "PNUT_USD",
      "m" : "4611686018427608804"
    }, {
      "d" : "1756452532714766949",
      "t" : 1756452532714,
      "tn" : 1756452532714766949,
      "q" : "6",
      "p" : "0.21241",
      "s" : "buy",
      "i" : "PNUT_USD",
      "m" : "4611686018427608803"
    }, {
      "d" : "1756452397878140171",
      "t" : 1756452397878,
      "tn" : 1756452397878140171,
      "q" : "6",
      "p" : "0.21210",
      "s" : "sell",
      "i" : "PNUT_USD",
      "m" : "4611686018427608802"
    }, {
      "d" : "1756452392763585352",
      "t" : 1756452392763,
      "tn" : 1756452392763585352,
      "q" : "1320",
      "p" : "0.21220",
      "s" : "sell",
      "i" : "PNUT_USD",
      "m" : "4611686018427608801"
    }, {
      "d" : "1756452384069489649",
      "t" : 1756452384069,
      "tn" : 1756452384069489649,
      "q" : "2385",
      "p" : "0.21216",
      "s" : "sell",
      "i" : "PNUT_USD",
      "m" : "4611686018427608800"
    }, {
      "d" : "1756452384063002108",
      "t" : 1756452384063,
      "tn" : 1756452384063002108,
      "q" : "6",
      "p" : "0.21240",
      "s" : "sell",
      "i" : "PNUT_USD",
      "m" : "4611686018427608799"
    }, {
      "d" : "1756452138038537224",
      "t" : 1756452138038,
      "tn" : 1756452138038537224,
      "q" : "6",
      "p" : "0.21300",
      "s" : "sell",
      "i" : "PNUT_USD",
      "m" : "4611686018427608798"
    }, {
      "d" : "1756452013833650096",
      "t" : 1756452013833,
      "tn" : 1756452013833650096,
      "q" : "6",
      "p" : "0.21393",
      "s" : "buy",
      "i" : "PNUT_USD",
      "m" : "4611686018427608797"
    }, {
      "d" : "1756451944711420306",
      "t" : 1756451944711,
      "tn" : 1756451944711420306,
      "q" : "6",
      "p" : "0.21392",
      "s" : "sell",
      "i" : "PNUT_USD",
      "m" : "4611686018427608796"
    }, {
      "d" : "1756451926429129906",
      "t" : 1756451926429,
      "tn" : 1756451926429129906,
      "q" : "6",
      "p" : "0.21373",
      "s" : "buy",
      "i" : "PNUT_USD",
      "m" : "4611686018427608795"
    }, {
      "d" : "1756451796547935494",
      "t" : 1756451796547,
      "tn" : 1756451796547935494,
      "q" : "1400",
      "p" : "0.21363",
      "s" : "buy",
      "i" : "PNUT_USD",
      "m" : "4611686018427608794"
    }, {
      "d" : "1756451664755890426",
      "t" : 1756451664755,
      "tn" : 1756451664755890426,
      "q" : "6",
      "p" : "0.21332",
      "s" : "sell",
      "i" : "PNUT_USD",
      "m" : "4611686018427608793"
    }, {
      "d" : "1756451369440331175",
      "t" : 1756451369440,
      "tn" : 1756451369440331175,
      "q" : "56",
      "p" : "0.21512",
      "s" : "sell",
      "i" : "PNUT_USD",
      "m" : "4611686018427608792"
    }, {
      "d" : "1756451294267855358",
      "t" : 1756451294267,
      "tn" : 1756451294267855358,
      "q" : "900",
      "p" : "0.21482",
      "s" : "buy",
      "i" : "PNUT_USD",
      "m" : "4611686018427608791"
    }, {
      "d" : "1756451095019139651",
      "t" : 1756451095019,
      "tn" : 1756451095019139651,
      "q" : "6",
      "p" : "0.21663",
      "s" : "buy",
      "i" : "PNUT_USD",
      "m" : "4611686018427608790"
    }, {
      "d" : "1756450997639589544",
      "t" : 1756450997639,
      "tn" : 1756450997639589544,
      "q" : "6",
      "p" : "0.21583",
      "s" : "buy",
      "i" : "PNUT_USD",
      "m" : "4611686018427608789"
    }, {
      "d" : "1756450981230263940",
      "t" : 1756450981230,
      "tn" : 1756450981230263940,
      "q" : "6",
      "p" : "0.21553",
      "s" : "buy",
      "i" : "PNUT_USD",
      "m" : "4611686018427608788"
    }, {
      "d" : "1756450974031375640",
      "t" : 1756450974031,
      "tn" : 1756450974031375640,
      "q" : "6",
      "p" : "0.21542",
      "s" : "sell",
      "i" : "PNUT_USD",
      "m" : "4611686018427608787"
    }, {
      "d" : "1756450948616935676",
      "t" : 1756450948616,
      "tn" : 1756450948616935676,
      "q" : "6",
      "p" : "0.21612",
      "s" : "sell",
      "i" : "PNUT_USD",
      "m" : "4611686018427608786"
    }, {
      "d" : "1756450483701134126",
      "t" : 1756450483701,
      "tn" : 1756450483701134126,
      "q" : "6",
      "p" : "0.21910",
      "s" : "sell",
      "i" : "PNUT_USD",
      "m" : "4611686018427608785"
    }, {
      "d" : "1756450222337829902",
      "t" : 1756450222337,
      "tn" : 1756450222337829902,
      "q" : "6",
      "p" : "0.21861",
      "s" : "buy",
      "i" : "PNUT_USD",
      "m" : "4611686018427608784"
    }, {
      "d" : "1756450026309440856",
      "t" : 1756450026309,
      "tn" : 1756450026309440856,
      "q" : "6",
      "p" : "0.21851",
      "s" : "buy",
      "i" : "PNUT_USD",
      "m" : "4611686018427608783"
    }, {
      "d" : "1756449910630383561",
      "t" : 1756449910630,
      "tn" : 1756449910630383561,
      "q" : "6",
      "p" : "0.21840",
      "s" : "sell",
      "i" : "PNUT_USD",
      "m" : "4611686018427608782"
    }, {
      "d" : "1756449910476113103",
      "t" : 1756449910476,
      "tn" : 1756449910476113103,
      "q" : "6",
      "p" : "0.21840",
      "s" : "sell",
      "i" : "PNUT_USD",
      "m" : "4611686018427608781"
    }, {
      "d" : "1756449869447648100",
      "t" : 1756449869447,
      "tn" : 1756449869447648100,
      "q" : "6",
      "p" : "0.21841",
      "s" : "buy",
      "i" : "PNUT_USD",
      "m" : "4611686018427608780"
    }, {
      "d" : "1756449568982918870",
      "t" : 1756449568982,
      "tn" : 1756449568982918870,
      "q" : "6",
      "p" : "0.21691",
      "s" : "buy",
      "i" : "PNUT_USD",
      "m" : "4611686018427608779"
    }, {
      "d" : "1756449560403204607",
      "t" : 1756449560403,
      "tn" : 1756449560403204607,
      "q" : "6",
      "p" : "0.21700",
      "s" : "sell",
      "i" : "PNUT_USD",
      "m" : "4611686018427608778"
    }, {
      "d" : "1756449546462644718",
      "t" : 1756449546462,
      "tn" : 1756449546462644718,
      "q" : "6",
      "p" : "0.21748",
      "s" : "sell",
      "i" : "PNUT_USD",
      "m" : "4611686018427608777"
    }, {
      "d" : "1756449528604715065",
      "t" : 1756449528604,
      "tn" : 1756449528604715065,
      "q" : "6",
      "p" : "0.21770",
      "s" : "sell",
      "i" : "PNUT_USD",
      "m" : "4611686018427608776"
    }, {
      "d" : "1756449480345999556",
      "t" : 1756449480345,
      "tn" : 1756449480345999556,
      "q" : "6",
      "p" : "0.21840",
      "s" : "sell",
      "i" : "PNUT_USD",
      "m" : "4611686018427608775"
    }, {
      "d" : "1756449454777952766",
      "t" : 1756449454777,
      "tn" : 1756449454777952766,
      "q" : "6",
      "p" : "0.21840",
      "s" : "sell",
      "i" : "PNUT_USD",
      "m" : "4611686018427608774"
    }, {
      "d" : "1756449454622650392",
      "t" : 1756449454622,
      "tn" : 1756449454622650392,
      "q" : "6",
      "p" : "0.21840",
      "s" : "sell",
      "i" : "PNUT_USD",
      "m" : "4611686018427608773"
    }, {
      "d" : "1756448636641640294",
      "t" : 1756448636641,
      "tn" : 1756448636641640294,
      "q" : "6",
      "p" : "0.21850",
      "s" : "sell",
      "i" : "PNUT_USD",
      "m" : "4611686018427608772"
    }, {
      "d" : "1756448597643486136",
      "t" : 1756448597643,
      "tn" : 1756448597643486136,
      "q" : "6",
      "p" : "0.21850",
      "s" : "sell",
      "i" : "PNUT_USD",
      "m" : "4611686018427608771"
    }, {
      "d" : "1756448226429902921",
      "t" : 1756448226429,
      "tn" : 1756448226429902921,
      "q" : "6",
      "p" : "0.21878",
      "s" : "sell",
      "i" : "PNUT_USD",
      "m" : "4611686018427608770"
    }, {
      "d" : "1756448143942148074",
      "t" : 1756448143942,
      "tn" : 1756448143942148074,
      "q" : "1824",
      "p" : "0.21925",
      "s" : "buy",
      "i" : "PNUT_USD",
      "m" : "4611686018427608769"
    }, {
      "d" : "1756448143941046918",
      "t" : 1756448143941,
      "tn" : 1756448143941046918,
      "q" : "6",
      "p" : "0.21919",
      "s" : "buy",
      "i" : "PNUT_USD",
      "m" : "4611686018427608768"
    }, {
      "d" : "1756446749390638047",
      "t" : 1756446749390,
      "tn" : 1756446749390638047,
      "q" : "6",
      "p" : "0.22059",
      "s" : "buy",
      "i" : "PNUT_USD",
      "m" : "4611686018427608767"
    }, {
      "d" : "1756439730697617758",
      "t" : 1756439730697,
      "tn" : 1756439730697617758,
      "q" : "6",
      "p" : "0.22330",
      "s" : "sell",
      "i" : "PNUT_USD",
      "m" : "4611686018427608766"
    }, {
      "d" : "1756439723579976151",
      "t" : 1756439723579,
      "tn" : 1756439723579976151,
      "q" : "6",
      "p" : "0.22340",
      "s" : "sell",
      "i" : "PNUT_USD",
      "m" : "4611686018427608765"
    }, {
      "d" : "1756439720783033485",
      "t" : 1756439720783,
      "tn" : 1756439720783033485,
      "q" : "6",
      "p" : "0.22350",
      "s" : "sell",
      "i" : "PNUT_USD",
      "m" : "4611686018427608764"
    }, {
      "d" : "1756439713630412165",
      "t" : 1756439713630,
      "tn" : 1756439713630412165,
      "q" : "6",
      "p" : "0.22360",
      "s" : "sell",
      "i" : "PNUT_USD",
      "m" : "4611686018427608763"
    }, {
      "d" : "1756439711498399510",
      "t" : 1756439711498,
      "tn" : 1756439711498399510,
      "q" : "6",
      "p" : "0.22370",
      "s" : "sell",
      "i" : "PNUT_USD",
      "m" : "4611686018427608762"
    }, {
      "d" : "1756439705274670064",
      "t" : 1756439705274,
      "tn" : 1756439705274670064,
      "q" : "6",
      "p" : "0.22380",
      "s" : "sell",
      "i" : "PNUT_USD",
      "m" : "4611686018427608761"
    }, {
      "d" : "1756439674203430838",
      "t" : 1756439674203,
      "tn" : 1756439674203430838,
      "q" : "6",
      "p" : "0.22360",
      "s" : "sell",
      "i" : "PNUT_USD",
      "m" : "4611686018427608760"
    }, {
      "d" : "1756439645356971867",
      "t" : 1756439645356,
      "tn" : 1756439645356971867,
      "q" : "6",
      "p" : "0.22370",
      "s" : "sell",
      "i" : "PNUT_USD",
      "m" : "4611686018427608759"
    }, {
      "d" : "1756439625316119423",
      "t" : 1756439625316,
      "tn" : 1756439625316119423,
      "q" : "6",
      "p" : "0.22350",
      "s" : "sell",
      "i" : "PNUT_USD",
      "m" : "4611686018427608758"
    }, {
      "d" : "1756439582506353500",
      "t" : 1756439582506,
      "tn" : 1756439582506353500,
      "q" : "53",
      "p" : "0.22311",
      "s" : "buy",
      "i" : "PNUT_USD",
      "m" : "4611686018427608757"
    }, {
      "d" : "1756439182055065089",
      "t" : 1756439182055,
      "tn" : 1756439182055065089,
      "q" : "6",
      "p" : "0.22151",
      "s" : "buy",
      "i" : "PNUT_USD",
      "m" : "4611686018427608756"
    }, {
      "d" : "1756436730107279820",
      "t" : 1756436730107,
      "tn" : 1756436730107279820,
      "q" : "6",
      "p" : "0.22060",
      "s" : "sell",
      "i" : "PNUT_USD",
      "m" : "4611686018427608755"
    }, {
      "d" : "1756436363498505801",
      "t" : 1756436363498,
      "tn" : 1756436363498505801,
      "q" : "6",
      "p" : "0.22141",
      "s" : "buy",
      "i" : "PNUT_USD",
      "m" : "4611686018427608754"
    }, {
      "d" : "1756433573763184004",
      "t" : 1756433573763,
      "tn" : 1756433573763184004,
      "q" : "6",
      "p" : "0.22060",
      "s" : "sell",
      "i" : "PNUT_USD",
      "m" : "4611686018427608753"
    }, {
      "d" : "1756433557314990544",
      "t" : 1756433557314,
      "tn" : 1756433557314990544,
      "q" : "6",
      "p" : "0.22031",
      "s" : "buy",
      "i" : "PNUT_USD",
      "m" : "4611686018427608752"
    }, {
      "d" : "1756433553981786033",
      "t" : 1756433553981,
      "tn" : 1756433553981786033,
      "q" : "6",
      "p" : "0.22011",
      "s" : "buy",
      "i" : "PNUT_USD",
      "m" : "4611686018427608751"
    }, {
      "d" : "1756433083865696541",
      "t" : 1756433083865,
      "tn" : 1756433083865696541,
      "q" : "6",
      "p" : "0.21941",
      "s" : "buy",
      "i" : "PNUT_USD",
      "m" : "4611686018427608750"
    }, {
      "d" : "1756431589252479712",
      "t" : 1756431589252,
      "tn" : 1756431589252479712,
      "q" : "6",
      "p" : "0.21888",
      "s" : "sell",
      "i" : "PNUT_USD",
      "m" : "4611686018427608749"
    }, {
      "d" : "1756430718743966518",
      "t" : 1756430718743,
      "tn" : 1756430718743966518,
      "q" : "6",
      "p" : "0.21828",
      "s" : "sell",
      "i" : "PNUT_USD",
      "m" : "4611686018427608748"
    }, {
      "d" : "1756430494835007139",
      "t" : 1756430494835,
      "tn" : 1756430494835007139,
      "q" : "60",
      "p" : "0.21829",
      "s" : "sell",
      "i" : "PNUT_USD",
      "m" : "4611686018427608747"
    }, {
      "d" : "1756429549814261692",
      "t" : 1756429549814,
      "tn" : 1756429549814261692,
      "q" : "6",
      "p" : "0.22018",
      "s" : "sell",
      "i" : "PNUT_USD",
      "m" : "4611686018427608746"
    }, {
      "d" : "1756429106792658461",
      "t" : 1756429106792,
      "tn" : 1756429106792658461,
      "q" : "6",
      "p" : "0.22158",
      "s" : "sell",
      "i" : "PNUT_USD",
      "m" : "4611686018427608745"
    }, {
      "d" : "1756428945328011376",
      "t" : 1756428945328,
      "tn" : 1756428945328011376,
      "q" : "6",
      "p" : "0.22089",
      "s" : "buy",
      "i" : "PNUT_USD",
      "m" : "4611686018427608744"
    }, {
      "d" : "1756428914410695994",
      "t" : 1756428914410,
      "tn" : 1756428914410695994,
      "q" : "6",
      "p" : "0.22128",
      "s" : "sell",
      "i" : "PNUT_USD",
      "m" : "4611686018427608743"
    }, {
      "d" : "1756428877531154267",
      "t" : 1756428877531,
      "tn" : 1756428877531154267,
      "q" : "6",
      "p" : "0.22118",
      "s" : "sell",
      "i" : "PNUT_USD",
      "m" : "4611686018427608742"
    }, {
      "d" : "1756428720668631643",
      "t" : 1756428720668,
      "tn" : 1756428720668631643,
      "q" : "6",
      "p" : "0.22129",
      "s" : "buy",
      "i" : "PNUT_USD",
      "m" : "4611686018427608741"
    }, {
      "d" : "1756427676259767347",
      "t" : 1756427676259,
      "tn" : 1756427676259767347,
      "q" : "6",
      "p" : "0.22178",
      "s" : "sell",
      "i" : "PNUT_USD",
      "m" : "4611686018427608740"
    }, {
      "d" : "1756427206165414793",
      "t" : 1756427206165,
      "tn" : 1756427206165414793,
      "q" : "6",
      "p" : "0.22179",
      "s" : "buy",
      "i" : "PNUT_USD",
      "m" : "4611686018427608739"
    }, {
      "d" : "1756425577758299858",
      "t" : 1756425577758,
      "tn" : 1756425577758299858,
      "q" : "6",
      "p" : "0.22288",
      "s" : "sell",
      "i" : "PNUT_USD",
      "m" : "4611686018427608738"
    }, {
      "d" : "1756425553749906723",
      "t" : 1756425553749,
      "tn" : 1756425553749906723,
      "q" : "6",
      "p" : "0.22288",
      "s" : "sell",
      "i" : "PNUT_USD",
      "m" : "4611686018427608737"
    }, {
      "d" : "1756425480469808896",
      "t" : 1756425480469,
      "tn" : 1756425480469808896,
      "q" : "6",
      "p" : "0.22249",
      "s" : "buy",
      "i" : "PNUT_USD",
      "m" : "4611686018427608736"
    }, {
      "d" : "1756425451832153841",
      "t" : 1756425451832,
      "tn" : 1756425451832153840,
      "q" : "2243",
      "p" : "0.22252",
      "s" : "sell",
      "i" : "PNUT_USD",
      "m" : "4611686018427608735"
    }, {
      "d" : "1756425451832153840",
      "t" : 1756425451832,
      "tn" : 1756425451832153840,
      "q" : "2048",
      "p" : "0.22252",
      "s" : "sell",
      "i" : "PNUT_USD",
      "m" : "4611686018427608735"
    }, {
      "d" : "1756425451831736038",
      "t" : 1756425451831,
      "tn" : 1756425451831736038,
      "q" : "219",
      "p" : "0.22252",
      "s" : "sell",
      "i" : "PNUT_USD",
      "m" : "4611686018427608734"
    }, {
      "d" : "1756425451824396302",
      "t" : 1756425451824,
      "tn" : 1756425451824396302,
      "q" : "6",
      "p" : "0.22298",
      "s" : "sell",
      "i" : "PNUT_USD",
      "m" : "4611686018427608733"
    }, {
      "d" : "1756425337404201748",
      "t" : 1756425337404,
      "tn" : 1756425337404201748,
      "q" : "6",
      "p" : "0.22358",
      "s" : "sell",
      "i" : "PNUT_USD",
      "m" : "4611686018427608732"
    }, {
      "d" : "1756424928952046248",
      "t" : 1756424928952,
      "tn" : 1756424928952046248,
      "q" : "6",
      "p" : "0.22308",
      "s" : "sell",
      "i" : "PNUT_USD",
      "m" : "4611686018427608731"
    }, {
      "d" : "1756424928895085122",
      "t" : 1756424928895,
      "tn" : 1756424928895085122,
      "q" : "6",
      "p" : "0.22308",
      "s" : "sell",
      "i" : "PNUT_USD",
      "m" : "4611686018427608730"
    }, {
      "d" : "1756424928870749073",
      "t" : 1756424928870,
      "tn" : 1756424928870749073,
      "q" : "6",
      "p" : "0.22308",
      "s" : "sell",
      "i" : "PNUT_USD",
      "m" : "4611686018427608729"
    }, {
      "d" : "1756424928351896324",
      "t" : 1756424928351,
      "tn" : 1756424928351896324,
      "q" : "6",
      "p" : "0.22308",
      "s" : "sell",
      "i" : "PNUT_USD",
      "m" : "4611686018427608728"
    }, {
      "d" : "1756424928287830435",
      "t" : 1756424928287,
      "tn" : 1756424928287830435,
      "q" : "6",
      "p" : "0.22308",
      "s" : "sell",
      "i" : "PNUT_USD",
      "m" : "4611686018427608727"
    }, {
      "d" : "1756424927893485805",
      "t" : 1756424927893,
      "tn" : 1756424927893485805,
      "q" : "6",
      "p" : "0.22308",
      "s" : "sell",
      "i" : "PNUT_USD",
      "m" : "4611686018427608726"
    }, {
      "d" : "1756424927260317315",
      "t" : 1756424927260,
      "tn" : 1756424927260317315,
      "q" : "6",
      "p" : "0.22308",
      "s" : "sell",
      "i" : "PNUT_USD",
      "m" : "4611686018427608725"
    }, {
      "d" : "1756424920402528400",
      "t" : 1756424920402,
      "tn" : 1756424920402528400,
      "q" : "6",
      "p" : "0.22308",
      "s" : "sell",
      "i" : "PNUT_USD",
      "m" : "4611686018427608724"
    }, {
      "d" : "1756424899890181168",
      "t" : 1756424899890,
      "tn" : 1756424899890181168,
      "q" : "6",
      "p" : "0.22308",
      "s" : "sell",
      "i" : "PNUT_USD",
      "m" : "4611686018427608723"
    }, {
      "d" : "1756424899732664496",
      "t" : 1756424899732,
      "tn" : 1756424899732664496,
      "q" : "6",
      "p" : "0.22308",
      "s" : "sell",
      "i" : "PNUT_USD",
      "m" : "4611686018427608722"
    }, {
      "d" : "1756424899574966431",
      "t" : 1756424899574,
      "tn" : 1756424899574966431,
      "q" : "6",
      "p" : "0.22308",
      "s" : "sell",
      "i" : "PNUT_USD",
      "m" : "4611686018427608721"
    }, {
      "d" : "1756424899414861496",
      "t" : 1756424899414,
      "tn" : 1756424899414861496,
      "q" : "6",
      "p" : "0.22308",
      "s" : "sell",
      "i" : "PNUT_USD",
      "m" : "4611686018427608720"
    }, {
      "d" : "1756424899249680885",
      "t" : 1756424899249,
      "tn" : 1756424899249680885,
      "q" : "6",
      "p" : "0.22308",
      "s" : "sell",
      "i" : "PNUT_USD",
      "m" : "4611686018427608719"
    }, {
      "d" : "1756424899007863981",
      "t" : 1756424899007,
      "tn" : 1756424899007863981,
      "q" : "6",
      "p" : "0.22308",
      "s" : "sell",
      "i" : "PNUT_USD",
      "m" : "4611686018427608718"
    }, {
      "d" : "1756424898848673819",
      "t" : 1756424898848,
      "tn" : 1756424898848673819,
      "q" : "6",
      "p" : "0.22308",
      "s" : "sell",
      "i" : "PNUT_USD",
      "m" : "4611686018427608717"
    }, {
      "d" : "1756424898199895356",
      "t" : 1756424898199,
      "tn" : 1756424898199895356,
      "q" : "6",
      "p" : "0.22308",
      "s" : "sell",
      "i" : "PNUT_USD",
      "m" : "4611686018427608716"
    }, {
      "d" : "1756424898042729543",
      "t" : 1756424898042,
      "tn" : 1756424898042729543,
      "q" : "6",
      "p" : "0.22308",
      "s" : "sell",
      "i" : "PNUT_USD",
      "m" : "4611686018427608715"
    }, {
      "d" : "1756424473345049290",
      "t" : 1756424473345,
      "tn" : 1756424473345049290,
      "q" : "6",
      "p" : "0.22278",
      "s" : "sell",
      "i" : "PNUT_USD",
      "m" : "4611686018427608714"
    }, {
      "d" : "1756424471587449297",
      "t" : 1756424471587,
      "tn" : 1756424471587449297,
      "q" : "6",
      "p" : "0.22288",
      "s" : "sell",
      "i" : "PNUT_USD",
      "m" : "4611686018427608713"
    }, {
      "d" : "1756424403725351146",
      "t" : 1756424403725,
      "tn" : 1756424403725351146,
      "q" : "6",
      "p" : "0.22298",
      "s" : "sell",
      "i" : "PNUT_USD",
      "m" : "4611686018427608712"
    }, {
      "d" : "1756424384406446372",
      "t" : 1756424384406,
      "tn" : 1756424384406446372,
      "q" : "6",
      "p" : "0.22308",
      "s" : "sell",
      "i" : "PNUT_USD",
      "m" : "4611686018427608711"
    }, {
      "d" : "1756424382201869009",
      "t" : 1756424382201,
      "tn" : 1756424382201869009,
      "q" : "59",
      "p" : "0.22286",
      "s" : "buy",
      "i" : "PNUT_USD",
      "m" : "4611686018427608710"
    }, {
      "d" : "1756424336693554397",
      "t" : 1756424336693,
      "tn" : 1756424336693554397,
      "q" : "6",
      "p" : "0.22278",
      "s" : "sell",
      "i" : "PNUT_USD",
      "m" : "4611686018427608709"
    }, {
      "d" : "1756424230177163281",
      "t" : 1756424230177,
      "tn" : 1756424230177163281,
      "q" : "6",
      "p" : "0.22268",
      "s" : "sell",
      "i" : "PNUT_USD",
      "m" : "4611686018427608708"
    }, {
      "d" : "1756424223406277678",
      "t" : 1756424223406,
      "tn" : 1756424223406277678,
      "q" : "6",
      "p" : "0.22258",
      "s" : "sell",
      "i" : "PNUT_USD",
      "m" : "4611686018427608707"
    }, {
      "d" : "1756424221550137150",
      "t" : 1756424221550,
      "tn" : 1756424221550137150,
      "q" : "6",
      "p" : "0.22268",
      "s" : "sell",
      "i" : "PNUT_USD",
      "m" : "4611686018427608706"
    }, {
      "d" : "1756424122614240079",
      "t" : 1756424122614,
      "tn" : 1756424122614240079,
      "q" : "6",
      "p" : "0.22228",
      "s" : "sell",
      "i" : "PNUT_USD",
      "m" : "4611686018427608705"
    }, {
      "d" : "1756424119606161301",
      "t" : 1756424119606,
      "tn" : 1756424119606161301,
      "q" : "6",
      "p" : "0.22238",
      "s" : "sell",
      "i" : "PNUT_USD",
      "m" : "4611686018427608704"
    }, {
      "d" : "1756424076482308610",
      "t" : 1756424076482,
      "tn" : 1756424076482308610,
      "q" : "6",
      "p" : "0.22228",
      "s" : "sell",
      "i" : "PNUT_USD",
      "m" : "4611686018427608703"
    }, {
      "d" : "1756424042540042035",
      "t" : 1756424042540,
      "tn" : 1756424042540042035,
      "q" : "6",
      "p" : "0.22198",
      "s" : "sell",
      "i" : "PNUT_USD",
      "m" : "4611686018427608702"
    }, {
      "d" : "1756424035807935170",
      "t" : 1756424035807,
      "tn" : 1756424035807935170,
      "q" : "6",
      "p" : "0.22208",
      "s" : "sell",
      "i" : "PNUT_USD",
      "m" : "4611686018427608701"
    }, {
      "d" : "1756424019993906928",
      "t" : 1756424019993,
      "tn" : 1756424019993906928,
      "q" : "6",
      "p" : "0.22218",
      "s" : "sell",
      "i" : "PNUT_USD",
      "m" : "4611686018427608700"
    }, {
      "d" : "1756424019690669412",
      "t" : 1756424019690,
      "tn" : 1756424019690669412,
      "q" : "6",
      "p" : "0.22228",
      "s" : "sell",
      "i" : "PNUT_USD",
      "m" : "4611686018427608699"
    }, {
      "d" : "1756424010158061199",
      "t" : 1756424010158,
      "tn" : 1756424010158061199,
      "q" : "6",
      "p" : "0.22228",
      "s" : "sell",
      "i" : "PNUT_USD",
      "m" : "4611686018427608698"
    }, {
      "d" : "1756424005944084672",
      "t" : 1756424005944,
      "tn" : 1756424005944084672,
      "q" : "6",
      "p" : "0.22238",
      "s" : "sell",
      "i" : "PNUT_USD",
      "m" : "4611686018427608697"
    }, {
      "d" : "1756424002281906819",
      "t" : 1756424002281,
      "tn" : 1756424002281906819,
      "q" : "6",
      "p" : "0.22248",
      "s" : "sell",
      "i" : "PNUT_USD",
      "m" : "4611686018427608696"
    }, {
      "d" : "1756423999708966340",
      "t" : 1756423999708,
      "tn" : 1756423999708966340,
      "q" : "6",
      "p" : "0.22258",
      "s" : "sell",
      "i" : "PNUT_USD",
      "m" : "4611686018427608695"
    }, {
      "d" : "1756423925907425944",
      "t" : 1756423925907,
      "tn" : 1756423925907425944,
      "q" : "6",
      "p" : "0.22238",
      "s" : "sell",
      "i" : "PNUT_USD",
      "m" : "4611686018427608694"
    }, {
      "d" : "1756423923462074608",
      "t" : 1756423923462,
      "tn" : 1756423923462074608,
      "q" : "6",
      "p" : "0.22248",
      "s" : "sell",
      "i" : "PNUT_USD",
      "m" : "4611686018427608693"
    }, {
      "d" : "1756423901791954529",
      "t" : 1756423901791,
      "tn" : 1756423901791954529,
      "q" : "6",
      "p" : "0.22238",
      "s" : "sell",
      "i" : "PNUT_USD",
      "m" : "4611686018427608692"
    }, {
      "d" : "1756423876955473080",
      "t" : 1756423876955,
      "tn" : 1756423876955473080,
      "q" : "6",
      "p" : "0.22228",
      "s" : "sell",
      "i" : "PNUT_USD",
      "m" : "4611686018427608691"
    }, {
      "d" : "1756423825105913405",
      "t" : 1756423825105,
      "tn" : 1756423825105913405,
      "q" : "6",
      "p" : "0.22238",
      "s" : "sell",
      "i" : "PNUT_USD",
      "m" : "4611686018427608690"
    }, {
      "d" : "1756423808346319662",
      "t" : 1756423808346,
      "tn" : 1756423808346319662,
      "q" : "6",
      "p" : "0.22248",
      "s" : "sell",
      "i" : "PNUT_USD",
      "m" : "4611686018427608689"
    }, {
      "d" : "1756423664581219186",
      "t" : 1756423664581,
      "tn" : 1756423664581219186,
      "q" : "6",
      "p" : "0.22198",
      "s" : "sell",
      "i" : "PNUT_USD",
      "m" : "4611686018427608688"
    }, {
      "d" : "1756423609440141734",
      "t" : 1756423609440,
      "tn" : 1756423609440141734,
      "q" : "6",
      "p" : "0.22218",
      "s" : "sell",
      "i" : "PNUT_USD",
      "m" : "4611686018427608687"
    }, {
      "d" : "1756423577150476762",
      "t" : 1756423577150,
      "tn" : 1756423577150476762,
      "q" : "6",
      "p" : "0.22238",
      "s" : "sell",
      "i" : "PNUT_USD",
      "m" : "4611686018427608686"
    }, {
      "d" : "1756423563707216431",
      "t" : 1756423563707,
      "tn" : 1756423563707216431,
      "q" : "6",
      "p" : "0.22248",
      "s" : "sell",
      "i" : "PNUT_USD",
      "m" : "4611686018427608685"
    }, {
      "d" : "1756423479922101534",
      "t" : 1756423479922,
      "tn" : 1756423479922101534,
      "q" : "6",
      "p" : "0.22228",
      "s" : "sell",
      "i" : "PNUT_USD",
      "m" : "4611686018427608684"
    }, {
      "d" : "1756423440533636217",
      "t" : 1756423440533,
      "tn" : 1756423440533636217,
      "q" : "6",
      "p" : "0.22238",
      "s" : "sell",
      "i" : "PNUT_USD",
      "m" : "4611686018427608683"
    }, {
      "d" : "1756423438261178415",
      "t" : 1756423438261,
      "tn" : 1756423438261178415,
      "q" : "6",
      "p" : "0.22248",
      "s" : "sell",
      "i" : "PNUT_USD",
      "m" : "4611686018427608682"
    }, {
      "d" : "1756423341807074187",
      "t" : 1756423341807,
      "tn" : 1756423341807074187,
      "q" : "6",
      "p" : "0.22218",
      "s" : "sell",
      "i" : "PNUT_USD",
      "m" : "4611686018427608681"
    }, {
      "d" : "1756423283718091131",
      "t" : 1756423283718,
      "tn" : 1756423283718091131,
      "q" : "6",
      "p" : "0.22198",
      "s" : "sell",
      "i" : "PNUT_USD",
      "m" : "4611686018427608680"
    } ]
  }
}