{
  "id" : -1,
  "method" : "public/get-trades",
  "code" : 0,
  "result" : {
    "data" : [ {
      "d" : "1756460706020061579",
      "t" : 1756460706020,
      "tn" : 1756460706020061579,
      "q" : "6",
      "p" : "0.20854",
      "s" : "sell",
      "i" : "PNUT_USDT",
      "m" : "4611686018427514822"
    }, {
      "d" : "1756459182320354055",
      "t" : 1756459182320,
      "tn" : 1756459182320354055,
      "q" : "52",
      "p" : "0.20799",
      "s" : "buy",
      "i" : "PNUT_USDT",
      "m" : "4611686018427514821"
    }, {
      "d" : "1756458724797592810",
      "t" : 1756458724797,
      "tn" : 1756458724797592810,
      "q" : "6",
      "p" : "0.20694",
      "s" : "sell",
      "i" : "PNUT_USDT",
      "m" : "4611686018427514820"
    }, {
      "d" : "1756458724767173197",
      "t" : 1756458724767,
      "tn" : 1756458724767173197,
      "q" : "6",
      "p" : "0.20694",
      "s" : "sell",
      "i" : "PNUT_USDT",
      "m" : "4611686018427514819"
    }, {
      "d" : "1756458183371524243",
      "t" : 1756458183371,
      "tn" : 1756458183371524243,
      "q" : "6",
      "p" : "0.20534",
      "s" : "sell",
      "i" : "PNUT_USDT",
      "m" : "4611686018427514818"
    }, {
      "d" : "1756458180800391821",
      "t" : 1756458180800,
      "tn" : 1756458180800391821,
      "q" : "57",
      "p" : "0.20592",
      "s" : "sell",
      "i" : "PNUT_USDT",
      "m" : "4611686018427514817"
    }, {
      "d" : "1756457637130995379",
      "t" : 1756457637130,
      "tn" : 1756457637130995379,
      "q" : "6",
      "p" : "0.20854",
      "s" : "sell",
      "i" : "PNUT_USDT",
      "m" : "4611686018427514816"
    }, {
      "d" : "1756457125817632063",
      "t" : 1756457125817,
      "tn" : 1756457125817632063,
      "q" : "6",
      "p" : "0.20935",
      "s" : "buy",
      "i" : "PNUT_USDT",
      "m" : "4611686018427514815"
    }, {
      "d" : "1756454797436332651",
      "t" : 1756454797436,
      "tn" : 1756454797436332651,
      "q" : "3094",
      "p" : "0.21154",
      "s" : "sell",
      "i" : "PNUT_USDT",
      "m" : "4611686018427514814"
    }, {
      "d" : "1756454797436331025",
      "t" : 1756454797436,
      "tn" : 1756454797436331025,
      "q" : "6",
      "p" : "0.21155",
      "s" : "sell",
      "i" : "PNUT_USDT",
      "m" : "4611686018427514813"
    }, {
      "d" : "1756454592395905429",
      "t" : 1756454592395,
      "tn" : 1756454592395905429,
      "q" : "2838",
      "p" : "0.21243",
      "s" : "sell",
      "i" : "PNUT_USDT",
      "m" : "4611686018427514812"
    }, {
      "d" : "1756454288378539107",
      "t" : 1756454288378,
      "tn" : 1756454288378539107,
      "q" : "1568",
      "p" : "0.21149",
      "s" : "sell",
      "i" : "PNUT_USDT",
      "m" : "4611686018427514811"
    }, {
      "d" : "1756453482516200598",
      "t" : 1756453482516,
      "tn" : 1756453482516200598,
      "q" : "6",
      "p" : "0.21214",
      "s" : "sell",
      "i" : "PNUT_USDT",
      "m" : "4611686018427514810"
    }, {
      "d" : "1756452532723870649",
      "t" : 1756452532723,
      "tn" : 1756452532723870649,
      "q" : "6",
      "p" : "0.21235",
      "s" : "buy",
      "i" : "PNUT_USDT",
      "m" : "4611686018427514809"
    }, {
      "d" : "1756452397879174603",
      "t" : 1756452397879,
      "tn" : 1756452397879174603,
      "q" : "6",
      "p" : "0.21204",
      "s" : "sell",
      "i" : "PNUT_USDT",
      "m" : "4611686018427514808"
    }, {
      "d" : "1756452384062990535",
      "t" : 1756452384062,
      "tn" : 1756452384062990535,
      "q" : "3094",
      "p" : "0.21225",
      "s" : "sell",
      "i" : "PNUT_USDT",
      "m" : "4611686018427514807"
    }, {
      "d" : "1756452384062989045",
      "t" : 1756452384062,
      "tn" : 1756452384062989045,
      "q" : "6",
      "p" : "0.21234",
      "s" : "sell",
      "i" : "PNUT_USDT",
      "m" : "4611686018427514806"
    }, {
      "d" : "1756452013833688377",
      "t" : 1756452013833,
      "tn" : 1756452013833688377,
      "q" : "6",
      "p" : "0.21385",
      "s" : "buy",
      "i" : "PNUT_USDT",
      "m" : "4611686018427514805"
    }, {
      "d" : "1756451926429137588",
      "t" : 1756451926429,
      "tn" : 1756451926429137588,
      "q" : "6",
      "p" : "0.21365",
      "s" : "buy",
      "i" : "PNUT_USDT",
      "m" : "4611686018427514804"
    }, {
      "d" : "1756451376175824054",
      "t" : 1756451376175,
      "tn" : 1756451376175824054,
      "q" : "6",
      "p" : "0.21485",
      "s" : "buy",
      "i" : "PNUT_USDT",
      "m" : "4611686018427514803"
    }, {
      "d" : "1756451095019190045",
      "t" : 1756451095019,
      "tn" : 1756451095019190045,
      "q" : "6",
      "p" : "0.21655",
      "s" : "buy",
      "i" : "PNUT_USDT",
      "m" : "4611686018427514802"
    }, {
      "d" : "1756450997639584254",
      "t" : 1756450997639,
      "tn" : 1756450997639584254,
      "q" : "6",
      "p" : "0.21575",
      "s" : "buy",
      "i" : "PNUT_USDT",
      "m" : "4611686018427514801"
    }, {
      "d" : "1756450974031401053",
      "t" : 1756450974031,
      "tn" : 1756450974031401053,
      "q" : "6",
      "p" : "0.21534",
      "s" : "sell",
      "i" : "PNUT_USDT",
      "m" : "4611686018427514800"
    }, {
      "d" : "1756450964536838687",
      "t" : 1756450964536,
      "tn" : 1756450964536838687,
      "q" : "6",
      "p" : "0.21594",
      "s" : "sell",
      "i" : "PNUT_USDT",
      "m" : "4611686018427514799"
    }, {
      "d" : "1756450948616839728",
      "t" : 1756450948616,
      "tn" : 1756450948616839728,
      "q" : "6",
      "p" : "0.21604",
      "s" : "sell",
      "i" : "PNUT_USDT",
      "m" : "4611686018427514798"
    }, {
      "d" : "1756450483701022944",
      "t" : 1756450483701,
      "tn" : 1756450483701022944,
      "q" : "6",
      "p" : "0.21904",
      "s" : "sell",
      "i" : "PNUT_USDT",
      "m" : "4611686018427514797"
    }, {
      "d" : "1756450207037142416",
      "t" : 1756450207037,
      "tn" : 1756450207037142416,
      "q" : "5",
      "p" : "0.21855",
      "s" : "buy",
      "i" : "PNUT_USDT",
      "m" : "4611686018427514796"
    }, {
      "d" : "1756450140320834972",
      "t" : 1756450140320,
      "tn" : 1756450140320834972,
      "q" : "6",
      "p" : "0.21854",
      "s" : "sell",
      "i" : "PNUT_USDT",
      "m" : "4611686018427514795"
    }, {
      "d" : "1756449910630526288",
      "t" : 1756449910630,
      "tn" : 1756449910630526288,
      "q" : "6",
      "p" : "0.21834",
      "s" : "sell",
      "i" : "PNUT_USDT",
      "m" : "4611686018427514794"
    }, {
      "d" : "1756449910476013903",
      "t" : 1756449910476,
      "tn" : 1756449910476013903,
      "q" : "6",
      "p" : "0.21834",
      "s" : "sell",
      "i" : "PNUT_USDT",
      "m" : "4611686018427514793"
    }, {
      "d" : "1756449869447731405",
      "t" : 1756449869447,
      "tn" : 1756449869447731405,
      "q" : "6",
      "p" : "0.21835",
      "s" : "buy",
      "i" : "PNUT_USDT",
      "m" : "4611686018427514792"
    }, {
      "d" : "1756449567107271830",
      "t" : 1756449567107,
      "tn" : 1756449567107271830,
      "q" : "3000",
      "p" : "0.21678",
      "s" : "sell",
      "i" : "PNUT_USDT",
      "m" : "4611686018427514791"
    }, {
      "d" : "1756449560401481964",
      "t" : 1756449560401,
      "tn" : 1756449560401481964,
      "q" : "54",
      "p" : "0.21708",
      "s" : "sell",
      "i" : "PNUT_USDT",
      "m" : "4611686018427514790"
    }, {
      "d" : "1756449546462624039",
      "t" : 1756449546462,
      "tn" : 1756449546462624039,
      "q" : "6",
      "p" : "0.21743",
      "s" : "sell",
      "i" : "PNUT_USDT",
      "m" : "4611686018427514789"
    }, {
      "d" : "1756449528604751241",
      "t" : 1756449528604,
      "tn" : 1756449528604751241,
      "q" : "6",
      "p" : "0.21764",
      "s" : "sell",
      "i" : "PNUT_USDT",
      "m" : "4611686018427514788"
    }, {
      "d" : "1756449454778057500",
      "t" : 1756449454778,
      "tn" : 1756449454778057500,
      "q" : "6",
      "p" : "0.21834",
      "s" : "sell",
      "i" : "PNUT_USDT",
      "m" : "4611686018427514787"
    }, {
      "d" : "1756449454622553129",
      "t" : 1756449454622,
      "tn" : 1756449454622553129,
      "q" : "6",
      "p" : "0.21834",
      "s" : "sell",
      "i" : "PNUT_USDT",
      "m" : "4611686018427514786"
    }, {
      "d" : "1756448636641541401",
      "t" : 1756448636641,
      "tn" : 1756448636641541401,
      "q" : "6",
      "p" : "0.21844",
      "s" : "sell",
      "i" : "PNUT_USDT",
      "m" : "4611686018427514785"
    }, {
      "d" : "1756448597643421217",
      "t" : 1756448597643,
      "tn" : 1756448597643421217,
      "q" : "6",
      "p" : "0.21844",
      "s" : "sell",
      "i" : "PNUT_USDT",
      "m" : "4611686018427514784"
    }, {
      "d" : "1756448226429991582",
      "t" : 1756448226429,
      "tn" : 1756448226429991582,
      "q" : "6",
      "p" : "0.21874",
      "s" : "sell",
      "i" : "PNUT_USDT",
      "m" : "4611686018427514783"
    }, {
      "d" : "1756448143941079508",
      "t" : 1756448143941,
      "tn" : 1756448143941079508,
      "q" : "6",
      "p" : "0.21915",
      "s" : "buy",
      "i" : "PNUT_USDT",
      "m" : "4611686018427514782"
    }, {
      "d" : "1756438672177085386",
      "t" : 1756438672177,
      "tn" : 1756438672177085386,
      "q" : "6",
      "p" : "0.22150",
      "s" : "buy",
      "i" : "PNUT_USDT",
      "m" : "4611686018427514781"
    }, {
      "d" : "1756438635297546577",
      "t" : 1756438635297,
      "tn" : 1756438635297546577,
      "q" : "4519",
      "p" : "0.22126",
      "s" : "sell",
      "i" : "PNUT_USDT",
      "m" : "4611686018427514780"
    }, {
      "d" : "1756438417563135639",
      "t" : 1756438417563,
      "tn" : 1756438417563135639,
      "q" : "6",
      "p" : "0.22095",
      "s" : "sell",
      "i" : "PNUT_USDT",
      "m" : "4611686018427514779"
    }, {
      "d" : "1756438417562304246",
      "t" : 1756438417562,
      "tn" : 1756438417562304246,
      "q" : "6",
      "p" : "0.22095",
      "s" : "sell",
      "i" : "PNUT_USDT",
      "m" : "4611686018427514778"
    }, {
      "d" : "1756436363497474867",
      "t" : 1756436363497,
      "tn" : 1756436363497474867,
      "q" : "6",
      "p" : "0.22135",
      "s" : "buy",
      "i" : "PNUT_USDT",
      "m" : "4611686018427514777"
    }, {
      "d" : "1756434746140677436",
      "t" : 1756434746140,
      "tn" : 1756434746140677436,
      "q" : "6",
      "p" : "0.22035",
      "s" : "sell",
      "i" : "PNUT_USDT",
      "m" : "4611686018427514776"
    }, {
      "d" : "1756433557313209433",
      "t" : 1756433557313,
      "tn" : 1756433557313209433,
      "q" : "6",
      "p" : "0.22025",
      "s" : "buy",
      "i" : "PNUT_USDT",
      "m" : "4611686018427514775"
    }, {
      "d" : "1756433553981599149",
      "t" : 1756433553981,
      "tn" : 1756433553981599149,
      "q" : "6",
      "p" : "0.22005",
      "s" : "buy",
      "i" : "PNUT_USDT",
      "m" : "4611686018427514774"
    }, {
      "d" : "1756433083865685849",
      "t" : 1756433083865,
      "tn" : 1756433083865685849,
      "q" : "6",
      "p" : "0.21935",
      "s" : "buy",
      "i" : "PNUT_USDT",
      "m" : "4611686018427514773"
    }, {
      "d" : "1756431589252600534",
      "t" : 1756431589252,
      "tn" : 1756431589252600534,
      "q" : "6",
      "p" : "0.21884",
      "s" : "sell",
      "i" : "PNUT_USDT",
      "m" : "4611686018427514772"
    }, {
      "d" : "1756431502514984041",
      "t" : 1756431502514,
      "tn" : 1756431502514984041,
      "q" : "3052",
      "p" : "0.21879",
      "s" : "sell",
      "i" : "PNUT_USDT",
      "m" : "4611686018427514771"
    }, {
      "d" : "1756431203840474349",
      "t" : 1756431203840,
      "tn" : 1756431203840474349,
      "q" : "1410",
      "p" : "0.21846",
      "s" : "sell",
      "i" : "PNUT_USDT",
      "m" : "4611686018427514770"
    }, {
      "d" : "1756431031479180046",
      "t" : 1756431031479,
      "tn" : 1756431031479180046,
      "q" : "6",
      "p" : "0.21865",
      "s" : "sell",
      "i" : "PNUT_USDT",
      "m" : "4611686018427514769"
    }, {
      "d" : "1756431008502972849",
      "t" : 1756431008502,
      "tn" : 1756431008502972849,
      "q" : "6",
      "p" : "0.21844",
      "s" : "sell",
      "i" : "PNUT_USDT",
      "m" : "4611686018427514768"
    }, {
      "d" : "1756430555207741004",
      "t" : 1756430555207,
      "tn" : 1756430555207741004,
      "q" : "4172",
      "p" : "0.21815",
      "s" : "buy",
      "i" : "PNUT_USDT",
      "m" : "4611686018427514767"
    }, {
      "d" : "1756430523493712331",
      "t" : 1756430523493,
      "tn" : 1756430523493712331,
      "q" : "2736",
      "p" : "0.21816",
      "s" : "buy",
      "i" : "PNUT_USDT",
      "m" : "4611686018427514766"
    }, {
      "d" : "1756430523492756670",
      "t" : 1756430523492,
      "tn" : 1756430523492756670,
      "q" : "1847",
      "p" : "0.21816",
      "s" : "buy",
      "i" : "PNUT_USDT",
      "m" : "4611686018427514765"
    }, {
      "d" : "1756430520962615626",
      "t" : 1756430520962,
      "tn" : 1756430520962615626,
      "q" : "1333",
      "p" : "0.21796",
      "s" : "buy",
      "i" : "PNUT_USDT",
      "m" : "4611686018427514764"
    }, {
      "d" : "1756430520197843294",
      "t" : 1756430520197,
      "tn" : 1756430520197843294,
      "q" : "1921",
      "p" : "0.21796",
      "s" : "buy",
      "i" : "PNUT_USDT",
      "m" : "4611686018427514763"
    }, {
      "d" : "1756430520197701530",
      "t" : 1756430520197,
      "tn" : 1756430520197701530,
      "q" : "1333",
      "p" : "0.21796",
      "s" : "buy",
      "i" : "PNUT_USDT",
      "m" : "4611686018427514762"
    }, {
      "d" : "1756429549814210071",
      "t" : 1756429549814,
      "tn" : 1756429549814210071,
      "q" : "6",
      "p" : "0.22014",
      "s" : "sell",
      "i" : "PNUT_USDT",
      "m" : "4611686018427514761"
    }, {
      "d" : "1756428914410778776",
      "t" : 1756428914410,
      "tn" : 1756428914410778776,
      "q" : "6",
      "p" : "0.22117",
      "s" : "sell",
      "i" : "PNUT_USDT",
      "m" : "4611686018427514760"
    }, {
      "d" : "1756428877531033684",
      "t" : 1756428877531,
      "tn" : 1756428877531033684,
      "q" : "6",
      "p" : "0.22114",
      "s" : "sell",
      "i" : "PNUT_USDT",
      "m" : "4611686018427514759"
    }, {
      "d" : "1756427206165531839",
      "t" : 1756427206165,
      "tn" : 1756427206165531839,
      "q" : "6",
      "p" : "0.22175",
      "s" : "buy",
      "i" : "PNUT_USDT",
      "m" : "4611686018427514758"
    }, {
      "d" : "1756425577758398223",
      "t" : 1756425577758,
      "tn" : 1756425577758398223,
      "q" : "6",
      "p" : "0.22284",
      "s" : "sell",
      "i" : "PNUT_USDT",
      "m" : "4611686018427514757"
    }, {
      "d" : "1756425553750004513",
      "t" : 1756425553750,
      "tn" : 1756425553750004513,
      "q" : "6",
      "p" : "0.22284",
      "s" : "sell",
      "i" : "PNUT_USDT",
      "m" : "4611686018427514756"
    }, {
      "d" : "1756425451826532295",
      "t" : 1756425451826,
      "tn" : 1756425451826532295,
      "q" : "3000",
      "p" : "0.22253",
      "s" : "sell",
      "i" : "PNUT_USDT",
      "m" : "4611686018427514755"
    }, {
      "d" : "1756425337404070433",
      "t" : 1756425337404,
      "tn" : 1756425337404070433,
      "q" : "6",
      "p" : "0.22354",
      "s" : "sell",
      "i" : "PNUT_USDT",
      "m" : "4611686018427514754"
    }, {
      "d" : "1756424929178666082",
      "t" : 1756424929178,
      "tn" : 1756424929178666082,
      "q" : "1001",
      "p" : "0.22313",
      "s" : "buy",
      "i" : "PNUT_USDT",
      "m" : "4611686018427514753"
    }, {
      "d" : "1756424929074695613",
      "t" : 1756424929074,
      "tn" : 1756424929074695613,
      "q" : "1740",
      "p" : "0.22313",
      "s" : "buy",
      "i" : "PNUT_USDT",
      "m" : "4611686018427514752"
    }, {
      "d" : "1756424928952167328",
      "t" : 1756424928952,
      "tn" : 1756424928952167328,
      "q" : "1",
      "p" : "0.22304",
      "s" : "sell",
      "i" : "PNUT_USDT",
      "m" : "4611686018427514751"
    }, {
      "d" : "1756424928891080158",
      "t" : 1756424928891,
      "tn" : 1756424928891080158,
      "q" : "5",
      "p" : "0.22304",
      "s" : "sell",
      "i" : "PNUT_USDT",
      "m" : "4611686018427514750"
    }, {
      "d" : "1756424928877615841",
      "t" : 1756424928877,
      "tn" : 1756424928877615841,
      "q" : "6",
      "p" : "0.22304",
      "s" : "sell",
      "i" : "PNUT_USDT",
      "m" : "4611686018427514749"
    }, {
      "d" : "1756424927899727150",
      "t" : 1756424927899,
      "tn" : 1756424927899727150,
      "q" : "1",
      "p" : "0.22304",
      "s" : "sell",
      "i" : "PNUT_USDT",
      "m" : "4611686018427514748"
    }, {
      "d" : "1756424927893570090",
      "t" : 1756424927893,
      "tn" : 1756424927893570090,
      "q" : "5",
      "p" : "0.22304",
      "s" : "sell",
      "i" : "PNUT_USDT",
      "m" : "4611686018427514747"
    }, {
      "d" : "1756424927263563670",
      "t" : 1756424927263,
      "tn" : 1756424927263563670,
      "q" : "6",
      "p" : "0.22304",
      "s" : "sell",
      "i" : "PNUT_USDT",
      "m" : "4611686018427514746"
    }, {
      "d" : "1756424920402612809",
      "t" : 1756424920402,
      "tn" : 1756424920402612809,
      "q" : "5",
      "p" : "0.22304",
      "s" : "sell",
      "i" : "PNUT_USDT",
      "m" : "4611686018427514745"
    }, {
      "d" : "1756424899732610284",
      "t" : 1756424899732,
      "tn" : 1756424899732610284,
      "q" : "5",
      "p" : "0.22304",
      "s" : "sell",
      "i" : "PNUT_USDT",
      "m" : "4611686018427514744"
    }, {
      "d" : "1756424899414777052",
      "t" : 1756424899414,
      "tn" : 1756424899414777052,
      "q" : "5",
      "p" : "0.22304",
      "s" : "sell",
      "i" : "PNUT_USDT",
      "m" : "4611686018427514743"
    }, {
      "d" : "1756422268030947980",
      "t" : 1756422268030,
      "tn" : 1756422268030947980,
      "q" : "6",
      "p" : "0.22201",
      "s" : "sell",
      "i" : "PNUT_USDT",
      "m" : "4611686018427514742"
    }, {
      "d" : "1756422255165246023",
      "t" : 1756422255165,
      "tn" : 1756422255165246023,
      "q" : "6",
      "p" : "0.22204",
      "s" : "sell",
      "i" : "PNUT_USDT",
      "m" : "4611686018427514741"
    }, {
      "d" : "1756421661918084276",
      "t" : 1756421661918,
      "tn" : 1756421661918084276,
      "q" : "6",
      "p" : "0.22203",
      "s" : "sell",
      "i" : "PNUT_USDT",
      "m" : "4611686018427514740"
    }, {
      "d" : "1756420002830906881",
      "t" : 1756420002830,
      "tn" : 1756420002830906881,
      "q" : "6",
      "p" : "0.22264",
      "s" : "sell",
      "i" : "PNUT_USDT",
      "m" : "4611686018427514739"
    }, {
      "d" : "1756419811611098795",
      "t" : 1756419811611,
      "tn" : 1756419811611098795,
      "q" : "6",
      "p" : "0.22244",
      "s" : "sell",
      "i" : "PNUT_USDT",
      "m" : "4611686018427514738"
    }, {
      "d" : "1756419811541530889",
      "t" : 1756419811541,
      "tn" : 1756419811541530889,
      "q" : "6",
      "p" : "0.22244",
      "s" : "sell",
      "i" : "PNUT_USDT",
      "m" : "4611686018427514737"
    }, {
      "d" : "1756419572264996859",
      "t" : 1756419572264,
      "tn" : 1756419572264996859,
      "q" : "6",
      "p" : "0.22162",
      "s" : "sell",
      "i" : "PNUT_USDT",
      "m" : "4611686018427514736"
    }, {
      "d" : "1756419572040902731",
      "t" : 1756419572040,
      "tn" : 1756419572040902731,
      "q" : "4505",
      "p" : "0.22195",
      "s" : "sell",
      "i" : "PNUT_USDT",
      "m" : "4611686018427514735"
    }, {
      "d" : "1756419572040700697",
      "t" : 1756419572040,
      "tn" : 1756419572040700697,
      "q" : "6",
      "p" : "0.22203",
      "s" : "sell",
      "i" : "PNUT_USDT",
      "m" : "4611686018427514734"
    }, {
      "d" : "1756418121506259116",
      "t" : 1756418121506,
      "tn" : 1756418121506259116,
      "q" : "56",
      "p" : "0.22017",
      "s" : "buy",
      "i" : "PNUT_USDT",
      "m" : "4611686018427514733"
    }, {
      "d" : "1756416706036321760",
      "t" : 1756416706036,
      "tn" : 1756416706036321760,
      "q" : "1896",
      "p" : "0.21863",
      "s" : "sell",
      "i" : "PNUT_USDT",
      "m" : "4611686018427514732"
    }, {
      "d" : "1756416706036318733",
      "t" : 1756416706036,
      "tn" : 1756416706036318733,
      "q" : "6",
      "p" : "0.21864",
      "s" : "sell",
      "i" : "PNUT_USDT",
      "m" : "4611686018427514731"
    }, {
      "d" : "1756416604951619277",
      "t" : 1756416604951,
      "tn" : 1756416604951619277,
      "q" : "6",
      "p" : "0.21864",
      "s" : "sell",
      "i" : "PNUT_USDT",
      "m" : "4611686018427514730"
    }, {
      "d" : "1756416081991528721",
      "t" : 1756416081991,
      "tn" : 1756416081991528721,
      "q" : "2022",
      "p" : "0.21904",
      "s" : "sell",
      "i" : "PNUT_USDT",
      "m" : "4611686018427514729"
    }, {
      "d" : "1756416081991525830",
      "t" : 1756416081991,
      "tn" : 1756416081991525830,
      "q" : "6",
      "p" : "0.21914",
      "s" : "sell",
      "i" : "PNUT_USDT",
      "m" : "4611686018427514728"
    }, {
      "d" : "1756416081885704973",
      "t" : 1756416081885,
      "tn" : 1756416081885704973,
      "q" : "6",
      "p" : "0.21914",
      "s" : "sell",
      "i" : "PNUT_USDT",
      "m" : "4611686018427514727"
    }, {
      "d" : "1756415357216552733",
      "t" : 1756415357216,
      "tn" : 1756415357216552733,
      "q" : "6",
      "p" : "0.21795",
      "s" : "sell",
      "i" : "PNUT_USDT",
      "m" : "4611686018427514726"
    }, {
      "d" : "1756415357216550961",
      "t" : 1756415357216,
      "tn" : 1756415357216550961,
      "q" : "4587",
      "p" : "0.21797",
      "s" : "sell",
      "i" : "PNUT_USDT",
      "m" : "4611686018427514725"
    }, {
      "d" : "1756414590194252485",
      "t" : 1756414590194,
      "tn" : 1756414590194252485,
      "q" : "6",
      "p" : "0.21775",
      "s" : "buy",
      "i" : "PNUT_USDT",
      "m" : "4611686018427514724"
    }, {
      "d" : "1756414163234903314",
      "t" : 1756414163234,
      "tn" : 1756414163234903314,
      "q" : "6",
      "p" : "0.21704",
      "s" : "sell",
      "i" : "PNUT_USDT",
      "m" : "4611686018427514723"
    }, {
      "d" : "1756411507142799995",
      "t" : 1756411507142,
      "tn" : 1756411507142799995,
      "q" : "6",
      "p" : "0.21564",
      "s" : "sell",
      "i" : "PNUT_USDT",
      "m" : "4611686018427514722"
    }, {
      "d" : "1756411060459778801",
      "t" : 1756411060459,
      "tn" : 1756411060459778801,
      "q" : "6",
      "p" : "0.21524",
      "s" : "sell",
      "i" : "PNUT_USDT",
      "m" : "4611686018427514721"
    }, {
      "d" : "1756410407470237296",
      "t" : 1756410407470,
      "tn" : 1756410407470237296,
      "q" : "1187",
      "p" : "0.21606",
      "s" : "buy",
      "i" : "PNUT_USDT",
      "m" : "4611686018427514720"
    }, {
      "d" : "1756410216493106738",
      "t" : 1756410216493,
      "tn" : 1756410216493106738,
      "q" : "6",
      "p" : "0.21544",
      "s" : "sell",
      "i" : "PNUT_USDT",
      "m" : "4611686018427514719"
    }, {
      "d" : "1756410063154720660",
      "t" : 1756410063154,
      "tn" : 1756410063154720660,
      "q" : "6",
      "p" : "0.21624",
      "s" : "sell",
      "i" : "PNUT_USDT",
      "m" : "4611686018427514718"
    }, {
      "d" : "1756409961075648359",
      "t" : 1756409961075,
      "tn" : 1756409961075648359,
      "q" : "6",
      "p" : "0.21634",
      "s" : "sell",
      "i" : "PNUT_USDT",
      "m" : "4611686018427514717"
    }, {
      "d" : "1756408089622067776",
      "t" : 1756408089622,
      "tn" : 1756408089622067775,
      "q" : "6",
      "p" : "0.21805",
      "s" : "buy",
      "i" : "PNUT_USDT",
      "m" : "4611686018427514716"
    }, {
      "d" : "1756408089622067775",
      "t" : 1756408089622,
      "tn" : 1756408089622067775,
      "q" : "4586",
      "p" : "0.21805",
      "s" : "buy",
      "i" : "PNUT_USDT",
      "m" : "4611686018427514716"
    }, {
      "d" : "1756406704066677499",
      "t" : 1756406704066,
      "tn" : 1756406704066677499,
      "q" : "6",
      "p" : "0.21784",
      "s" : "sell",
      "i" : "PNUT_USDT",
      "m" : "4611686018427514715"
    }, {
      "d" : "1756406526083213191",
      "t" : 1756406526083,
      "tn" : 1756406526083213191,
      "q" : "6",
      "p" : "0.21844",
      "s" : "sell",
      "i" : "PNUT_USDT",
      "m" : "4611686018427514714"
    }, {
      "d" : "1756406162556389958",
      "t" : 1756406162556,
      "tn" : 1756406162556389958,
      "q" : "181",
      "p" : "0.21793",
      "s" : "buy",
      "i" : "PNUT_USDT",
      "m" : "4611686018427514713"
    }, {
      "d" : "1756406161737121064",
      "t" : 1756406161737,
      "tn" : 1756406161737121064,
      "q" : "6",
      "p" : "0.21804",
      "s" : "sell",
      "i" : "PNUT_USDT",
      "m" : "4611686018427514712"
    }, {
      "d" : "1756406155352960946",
      "t" : 1756406155352,
      "tn" : 1756406155352960946,
      "q" : "6",
      "p" : "0.21804",
      "s" : "sell",
      "i" : "PNUT_USDT",
      "m" : "4611686018427514711"
    }, {
      "d" : "1756403864180138215",
      "t" : 1756403864180,
      "tn" : 1756403864180138215,
      "q" : "52",
      "p" : "0.21671",
      "s" : "buy",
      "i" : "PNUT_USDT",
      "m" : "4611686018427514710"
    }, {
      "d" : "1756402046696293692",
      "t" : 1756402046696,
      "tn" : 1756402046696293692,
      "q" : "6",
      "p" : "0.21634",
      "s" : "sell",
      "i" : "PNUT_USDT",
      "m" : "4611686018427514709"
    }, {
      "d" : "1756402045046712057",
      "t" : 1756402045046,
      "tn" : 1756402045046712057,
      "q" : "6",
      "p" : "0.21644",
      "s" : "sell",
      "i" : "PNUT_USDT",
      "m" : "4611686018427514708"
    }, {
      "d" : "1756402044679702744",
      "t" : 1756402044679,
      "tn" : 1756402044679702744,
      "q" : "6",
      "p" : "0.21644",
      "s" : "sell",
      "i" : "PNUT_USDT",
      "m" : "4611686018427514707"
    }, {
      "d" : "1756402039941303597",
      "t" : 1756402039941,
      "tn" : 1756402039941303597,
      "q" : "6",
      "p" : "0.21631",
      "s" : "sell",
      "i" : "PNUT_USDT",
      "m" : "4611686018427514706"
    }, {
      "d" : "1756402036303978352",
      "t" : 1756402036303,
      "tn" : 1756402036303978352,
      "q" : "6",
      "p" : "0.21631",
      "s" : "sell",
      "i" : "PNUT_USDT",
      "m" : "4611686018427514705"
    }, {
      "d" : "1756402035504944110",
      "t" : 1756402035504,
      "tn" : 1756402035504944110,
      "q" : "6",
      "p" : "0.21631",
      "s" : "sell",
      "i" : "PNUT_USDT",
      "m" : "4611686018427514704"
    }, {
      "d" : "1756400853990078053",
      "t" : 1756400853990,
      "tn" : 1756400853990078053,
      "q" : "6",
      "p" : "0.21475",
      "s" : "buy",
      "i" : "PNUT_USDT",
      "m" : "4611686018427514703"
    }, {
      "d" : "1756400733007207094",
      "t" : 1756400733007,
      "tn" : 1756400733007207094,
      "q" : "6",
      "p" : "0.21405",
      "s" : "buy",
      "i" : "PNUT_USDT",
      "m" : "4611686018427514702"
    }, {
      "d" : "1756400431313831216",
      "t" : 1756400431313,
      "tn" : 1756400431313831216,
      "q" : "6",
      "p" : "0.21395",
      "s" : "buy",
      "i" : "PNUT_USDT",
      "m" : "4611686018427514701"
    }, {
      "d" : "1756400373846222336",
      "t" : 1756400373846,
      "tn" : 1756400373846222336,
      "q" : "51",
      "p" : "0.21407",
      "s" : "sell",
      "i" : "PNUT_USDT",
      "m" : "4611686018427514700"
    }, {
      "d" : "1756400364110795874",
      "t" : 1756400364110,
      "tn" : 1756400364110795874,
      "q" : "6",
      "p" : "0.21453",
      "s" : "sell",
      "i" : "PNUT_USDT",
      "m" : "4611686018427514699"
    }, {
      "d" : "1756400364105456527",
      "t" : 1756400364105,
      "tn" : 1756400364105456527,
      "q" : "6",
      "p" : "0.21453",
      "s" : "sell",
      "i" : "PNUT_USDT",
      "m" : "4611686018427514698"
    }, {
      "d" : "1756400231479478940",
      "t" : 1756400231479,
      "tn" : 1756400231479478940,
      "q" : "6",
      "p" : "0.21634",
      "s" : "sell",
      "i" : "PNUT_USDT",
      "m" : "4611686018427514697"
    }, {
      "d" : "1756400231064729935",
      "t" : 1756400231064,
      "tn" : 1756400231064729935,
      "q" : "6",
      "p" : "0.21629",
      "s" : "sell",
      "i" : "PNUT_USDT",
      "m" : "4611686018427514696"
    }, {
      "d" : "1756400115051707617",
      "t" : 1756400115051,
      "tn" : 1756400115051707617,
      "q" : "6",
      "p" : "0.21674",
      "s" : "sell",
      "i" : "PNUT_USDT",
      "m" : "4611686018427514695"
    }, {
      "d" : "1756400111549768495",
      "t" : 1756400111549,
      "tn" : 1756400111549768495,
      "q" : "6",
      "p" : "0.21674",
      "s" : "sell",
      "i" : "PNUT_USDT",
      "m" : "4611686018427514694"
    }, {
      "d" : "1756399766276334208",
      "t" : 1756399766276,
      "tn" : 1756399766276334208,
      "q" : "6",
      "p" : "0.21764",
      "s" : "sell",
      "i" : "PNUT_USDT",
      "m" : "4611686018427514693"
    }, {
      "d" : "1756398653125722382",
      "t" : 1756398653125,
      "tn" : 1756398653125722382,
      "q" : "6",
      "p" : "0.21814",
      "s" : "sell",
      "i" : "PNUT_USDT",
      "m" : "4611686018427514692"
    }, {
      "d" : "1756398283648283740",
      "t" : 1756398283648,
      "tn" : 1756398283648283740,
      "q" : "6",
      "p" : "0.21914",
      "s" : "sell",
      "i" : "PNUT_USDT",
      "m" : "4611686018427514691"
    }, {
      "d" : "1756397230531671724",
      "t" : 1756397230531,
      "tn" : 1756397230531671724,
      "q" : "1951",
      "p" : "0.21851",
      "s" : "buy",
      "i" : "PNUT_USDT",
      "m" : "4611686018427514690"
    }, {
      "d" : "1756397149919450372",
      "t" : 1756397149919,
      "tn" : 1756397149919450372,
      "q" : "6",
      "p" : "0.21835",
      "s" : "buy",
      "i" : "PNUT_USDT",
      "m" : "4611686018427514689"
    }, {
      "d" : "1756397147338645022",
      "t" : 1756397147338,
      "tn" : 1756397147338645022,
      "q" : "1577",
      "p" : "0.21822",
      "s" : "buy",
      "i" : "PNUT_USDT",
      "m" : "4611686018427514688"
    }, {
      "d" : "1756397050547075496",
      "t" : 1756397050547,
      "tn" : 1756397050547075496,
      "q" : "4474",
      "p" : "0.21728",
      "s" : "buy",
      "i" : "PNUT_USDT",
      "m" : "4611686018427514687"
    }, {
      "d" : "1756397002741580127",
      "t" : 1756397002741,
      "tn" : 1756397002741580127,
      "q" : "6",
      "p" : "0.21714",
      "s" : "sell",
      "i" : "PNUT_USDT",
      "m" : "4611686018427514686"
    }, {
      "d" : "1756396980028176808",
      "t" : 1756396980028,
      "tn" : 1756396980028176808,
      "q" : "6",
      "p" : "0.21704",
      "s" : "sell",
      "i" : "PNUT_USDT",
      "m" : "4611686018427514685"
    }, {
      "d" : "1756396156273454232",
      "t" : 1756396156273,
      "tn" : 1756396156273454232,
      "q" : "6",
      "p" : "0.21804",
      "s" : "sell",
      "i" : "PNUT_USDT",
      "m" : "4611686018427514684"
    }, {
      "d" : "1756396154689235562",
      "t" : 1756396154689,
      "tn" : 1756396154689235562,
      "q" : "50",
      "p" : "0.21835",
      "s" : "sell",
      "i" : "PNUT_USDT",
      "m" : "4611686018427514683"
    }, {
      "d" : "1756396014691465977",
      "t" : 1756396014691,
      "tn" : 1756396014691465977,
      "q" : "6",
      "p" : "0.21904",
      "s" : "sell",
      "i" : "PNUT_USDT",
      "m" : "4611686018427514682"
    }, {
      "d" : "1756394907058445812",
      "t" : 1756394907058,
      "tn" : 1756394907058445812,
      "q" : "6",
      "p" : "0.22064",
      "s" : "sell",
      "i" : "PNUT_USDT",
      "m" : "4611686018427514681"
    }, {
      "d" : "1756394906987420088",
      "t" : 1756394906987,
      "tn" : 1756394906987420088,
      "q" : "6",
      "p" : "0.22064",
      "s" : "sell",
      "i" : "PNUT_USDT",
      "m" : "4611686018427514680"
    }, {
      "d" : "1756394901792806200",
      "t" : 1756394901792,
      "tn" : 1756394901792806200,
      "q" : "6",
      "p" : "0.22074",
      "s" : "sell",
      "i" : "PNUT_USDT",
      "m" : "4611686018427514679"
    }, {
      "d" : "1756394899108200202",
      "t" : 1756394899108,
      "tn" : 1756394899108200202,
      "q" : "6",
      "p" : "0.22064",
      "s" : "sell",
      "i" : "PNUT_USDT",
      "m" : "4611686018427514678"
    }, {
      "d" : "1756394897580172754",
      "t" : 1756394897580,
      "tn" : 1756394897580172754,
      "q" : "6",
      "p" : "0.22064",
      "s" : "sell",
      "i" : "PNUT_USDT",
      "m" : "4611686018427514677"
    }, {
      "d" : "1756394893045894578",
      "t" : 1756394893045,
      "tn" : 1756394893045894578,
      "q" : "6",
      "p" : "0.22062",
      "s" : "sell",
      "i" : "PNUT_USDT",
      "m" : "4611686018427514676"
    }, {
      "d" : "1756394892205193449",
      "t" : 1756394892205,
      "tn" : 1756394892205193449,
      "q" : "6",
      "p" : "0.22062",
      "s" : "sell",
      "i" : "PNUT_USDT",
      "m" : "4611686018427514675"
    }, {
      "d" : "1756394885803676063",
      "t" : 1756394885803,
      "tn" : 1756394885803676063,
      "q" : "6",
      "p" : "0.22054",
      "s" : "sell",
      "i" : "PNUT_USDT",
      "m" : "4611686018427514674"
    } ]
  }
}