{
  "id" : -1,
  "method" : "public/get-trades",
  "code" : 0,
  "result" : {
    "data" : [ {
      "d" : "1756461723457441257",
      "t" : 1756461723457,
      "tn" : 1756461723457441257,
      "q" : "10",
      "p" : "0.20965",
      "s" : "buy",
      "i" : "PNUTUSD-PERP",
      "m" : "4611686018428455881"
    }, {
      "d" : "1756461723435052604",
      "t" : 1756461723435,
      "tn" : 1756461723435052604,
      "q" : "990",
      "p" : "0.20965",
      "s" : "buy",
      "i" : "PNUTUSD-PERP",
      "m" : "4611686018428455880"
    }, {
      "d" : "1756461723435050699",
      "t" : 1756461723435,
      "tn" : 1756461723435050699,
      "q" : "10",
      "p" : "0.20962",
      "s" : "buy",
      "i" : "PNUTUSD-PERP",
      "m" : "4611686018428455879"
    }, {
      "d" : "1756461601325975456",
      "t" : 1756461601325,
      "tn" : 1756461601325975456,
      "q" : "10",
      "p" : "0.20943",
      "s" : "sell",
      "i" : "PNUTUSD-PERP",
      "m" : "4611686018428455878"
    }, {
      "d" : "1756461363254104875",
      "t" : 1756461363254,
      "tn" : 1756461363254104875,
      "q" : "10",
      "p" : "0.20970",
      "s" : "buy",
      "i" : "PNUTUSD-PERP",
      "m" : "4611686018428455877"
    }, {
      "d" : "1756461103286294576",
      "t" : 1756461103286,
      "tn" : 1756461103286294576,
      "q" : "10",
      "p" : "0.20920",
      "s" : "sell",
      "i" : "PNUTUSD-PERP",
      "m" : "4611686018428455876"
    }, {
      "d" : "1756461103286291047",
      "t" : 1756461103286,
      "tn" : 1756461103286291047,
      "q" : "10",
      "p" : "0.20933",
      "s" : "sell",
      "i" : "PNUTUSD-PERP",
      "m" : "4611686018428455875"
    }, {
      "d" : "1756460946387954586",
      "t" : 1756460946387,
      "tn" : 1756460946387954586,
      "q" : "10",
      "p" : "0.20969",
      "s" : "sell",
      "i" : "PNUTUSD-PERP",
      "m" : "4611686018428455874"
    }, {
      "d" : "1756460840054778215",
      "t" : 1756460840054,
      "tn" : 1756460840054778215,
      "q" : "3500",
      "p" : "0.20951",
      "s" : "buy",
      "i" : "PNUTUSD-PERP",
      "m" : "4611686018428455873"
    }, {
      "d" : "1756460791404057805",
      "t" : 1756460791404,
      "tn" : 1756460791404057805,
      "q" : "10",
      "p" : "0.20933",
      "s" : "sell",
      "i" : "PNUTUSD-PERP",
      "m" : "4611686018428455872"
    }, {
      "d" : "1756460781339461083",
      "t" : 1756460781339,
      "tn" : 1756460781339461083,
      "q" : "290",
      "p" : "0.20929",
      "s" : "buy",
      "i" : "PNUTUSD-PERP",
      "m" : "4611686018428455871"
    }, {
      "d" : "1756460781301924804",
      "t" : 1756460781301,
      "tn" : 1756460781301924804,
      "q" : "960",
      "p" : "0.20929",
      "s" : "buy",
      "i" : "PNUTUSD-PERP",
      "m" : "4611686018428455870"
    }, {
      "d" : "1756460781301922096",
      "t" : 1756460781301,
      "tn" : 1756460781301922096,
      "q" : "2250",
      "p" : "0.20929",
      "s" : "buy",
      "i" : "PNUTUSD-PERP",
      "m" : "4611686018428455869"
    }, {
      "d" : "1756460778280361388",
      "t" : 1756460778280,
      "tn" : 1756460778280361388,
      "q" : "10",
      "p" : "0.20931",
      "s" : "buy",
      "i" : "PNUTUSD-PERP",
      "m" : "4611686018428455868"
    }, {
      "d" : "1756460778150190489",
      "t" : 1756460778150,
      "tn" : 1756460778150190489,
      "q" : "10",
      "p" : "0.20928",
      "s" : "buy",
      "i" : "PNUTUSD-PERP",
      "m" : "4611686018428455867"
    }, {
      "d" : "1756460778020014400",
      "t" : 1756460778020,
      "tn" : 1756460778020014400,
      "q" : "10",
      "p" : "0.20926",
      "s" : "buy",
      "i" : "PNUTUSD-PERP",
      "m" : "4611686018428455866"
    }, {
      "d" : "1756460777911425601",
      "t" : 1756460777911,
      "tn" : 1756460777911425601,
      "q" : "10",
      "p" : "0.20927",
      "s" : "buy",
      "i" : "PNUTUSD-PERP",
      "m" : "4611686018428455865"
    }, {
      "d" : "1756460777856353930",
      "t" : 1756460777856,
      "tn" : 1756460777856353930,
      "q" : "10",
      "p" : "0.20924",
      "s" : "buy",
      "i" : "PNUTUSD-PERP",
      "m" : "4611686018428455864"
    }, {
      "d" : "1756460777800973767",
      "t" : 1756460777800,
      "tn" : 1756460777800973767,
      "q" : "10",
      "p" : "0.20923",
      "s" : "buy",
      "i" : "PNUTUSD-PERP",
      "m" : "4611686018428455863"
    }, {
      "d" : "1756460777791428041",
      "t" : 1756460777791,
      "tn" : 1756460777791428041,
      "q" : "1570",
      "p" : "0.20924",
      "s" : "buy",
      "i" : "PNUTUSD-PERP",
      "m" : "4611686018428455862"
    }, {
      "d" : "1756460777790864384",
      "t" : 1756460777790,
      "tn" : 1756460777790864384,
      "q" : "10",
      "p" : "0.20920",
      "s" : "buy",
      "i" : "PNUTUSD-PERP",
      "m" : "4611686018428455861"
    }, {
      "d" : "1756460777730929417",
      "t" : 1756460777730,
      "tn" : 1756460777730929417,
      "q" : "10",
      "p" : "0.20908",
      "s" : "buy",
      "i" : "PNUTUSD-PERP",
      "m" : "4611686018428455860"
    }, {
      "d" : "1756460750245293922",
      "t" : 1756460750245,
      "tn" : 1756460750245293922,
      "q" : "10",
      "p" : "0.20916",
      "s" : "buy",
      "i" : "PNUTUSD-PERP",
      "m" : "4611686018428455859"
    }, {
      "d" : "1756460706905212383",
      "t" : 1756460706905,
      "tn" : 1756460706905212383,
      "q" : "420",
      "p" : "0.20862",
      "s" : "buy",
      "i" : "PNUTUSD-PERP",
      "m" : "4611686018428455858"
    }, {
      "d" : "1756460606638611859",
      "t" : 1756460606638,
      "tn" : 1756460606638611859,
      "q" : "10",
      "p" : "0.20886",
      "s" : "buy",
      "i" : "PNUTUSD-PERP",
      "m" : "4611686018428455857"
    }, {
      "d" : "1756460606638607528",
      "t" : 1756460606638,
      "tn" : 1756460606638607528,
      "q" : "10",
      "p" : "0.20882",
      "s" : "buy",
      "i" : "PNUTUSD-PERP",
      "m" : "4611686018428455856"
    }, {
      "d" : "1756460581846163985",
      "t" : 1756460581846,
      "tn" : 1756460581846163985,
      "q" : "10",
      "p" : "0.20842",
      "s" : "buy",
      "i" : "PNUTUSD-PERP",
      "m" : "4611686018428455855"
    }, {
      "d" : "1756460532541645601",
      "t" : 1756460532541,
      "tn" : 1756460532541645601,
      "q" : "10",
      "p" : "0.20875",
      "s" : "buy",
      "i" : "PNUTUSD-PERP",
      "m" : "4611686018428455854"
    }, {
      "d" : "1756460525759734112",
      "t" : 1756460525759,
      "tn" : 1756460525759734112,
      "q" : "10",
      "p" : "0.20881",
      "s" : "buy",
      "i" : "PNUTUSD-PERP",
      "m" : "4611686018428455853"
    }, {
      "d" : "1756460525650632766",
      "t" : 1756460525650,
      "tn" : 1756460525650632766,
      "q" : "10",
      "p" : "0.20879",
      "s" : "buy",
      "i" : "PNUTUSD-PERP",
      "m" : "4611686018428455852"
    }, {
      "d" : "1756460525551996067",
      "t" : 1756460525551,
      "tn" : 1756460525551996067,
      "q" : "10",
      "p" : "0.20884",
      "s" : "buy",
      "i" : "PNUTUSD-PERP",
      "m" : "4611686018428455851"
    }, {
      "d" : "1756460525540295214",
      "t" : 1756460525540,
      "tn" : 1756460525540295214,
      "q" : "10",
      "p" : "0.20874",
      "s" : "buy",
      "i" : "PNUTUSD-PERP",
      "m" : "4611686018428455850"
    }, {
      "d" : "1756460525489769656",
      "t" : 1756460525489,
      "tn" : 1756460525489769656,
      "q" : "10",
      "p" : "0.20872",
      "s" : "buy",
      "i" : "PNUTUSD-PERP",
      "m" : "4611686018428455849"
    }, {
      "d" : "1756460525444380665",
      "t" : 1756460525444,
      "tn" : 1756460525444380665,
      "q" : "2390",
      "p" : "0.20874",
      "s" : "buy",
      "i" : "PNUTUSD-PERP",
      "m" : "4611686018428455848"
    }, {
      "d" : "1756460525431147901",
      "t" : 1756460525431,
      "tn" : 1756460525431147901,
      "q" : "500",
      "p" : "0.20866",
      "s" : "buy",
      "i" : "PNUTUSD-PERP",
      "m" : "4611686018428455847"
    }, {
      "d" : "1756460525431143919",
      "t" : 1756460525431,
      "tn" : 1756460525431143918,
      "q" : "10",
      "p" : "0.20862",
      "s" : "buy",
      "i" : "PNUTUSD-PERP",
      "m" : "4611686018428455846"
    }, {
      "d" : "1756460525431143918",
      "t" : 1756460525431,
      "tn" : 1756460525431143918,
      "q" : "10",
      "p" : "0.20862",
      "s" : "buy",
      "i" : "PNUTUSD-PERP",
      "m" : "4611686018428455846"
    }, {
      "d" : "1756460282504704259",
      "t" : 1756460282504,
      "tn" : 1756460282504704259,
      "q" : "10",
      "p" : "0.20853",
      "s" : "buy",
      "i" : "PNUTUSD-PERP",
      "m" : "4611686018428455845"
    }, {
      "d" : "1756460185531774873",
      "t" : 1756460185531,
      "tn" : 1756460185531774873,
      "q" : "10",
      "p" : "0.20838",
      "s" : "buy",
      "i" : "PNUTUSD-PERP",
      "m" : "4611686018428455844"
    }, {
      "d" : "1756460185423229213",
      "t" : 1756460185423,
      "tn" : 1756460185423229213,
      "q" : "10",
      "p" : "0.20830",
      "s" : "buy",
      "i" : "PNUTUSD-PERP",
      "m" : "4611686018428455843"
    }, {
      "d" : "1756460184279905209",
      "t" : 1756460184279,
      "tn" : 1756460184279905208,
      "q" : "1150",
      "p" : "0.20817",
      "s" : "buy",
      "i" : "PNUTUSD-PERP",
      "m" : "4611686018428455842"
    }, {
      "d" : "1756460184279905208",
      "t" : 1756460184279,
      "tn" : 1756460184279905208,
      "q" : "10",
      "p" : "0.20817",
      "s" : "buy",
      "i" : "PNUTUSD-PERP",
      "m" : "4611686018428455842"
    }, {
      "d" : "1756459875806858168",
      "t" : 1756459875806,
      "tn" : 1756459875806858168,
      "q" : "2250",
      "p" : "0.20837",
      "s" : "sell",
      "i" : "PNUTUSD-PERP",
      "m" : "4611686018428455841"
    }, {
      "d" : "1756459875678800352",
      "t" : 1756459875678,
      "tn" : 1756459875678800352,
      "q" : "1070",
      "p" : "0.20839",
      "s" : "sell",
      "i" : "PNUTUSD-PERP",
      "m" : "4611686018428455840"
    }, {
      "d" : "1756459875677775319",
      "t" : 1756459875677,
      "tn" : 1756459875677775319,
      "q" : "2250",
      "p" : "0.20839",
      "s" : "sell",
      "i" : "PNUTUSD-PERP",
      "m" : "4611686018428455839"
    }, {
      "d" : "1756459875677327707",
      "t" : 1756459875677,
      "tn" : 1756459875677327707,
      "q" : "180",
      "p" : "0.20839",
      "s" : "sell",
      "i" : "PNUTUSD-PERP",
      "m" : "4611686018428455838"
    }, {
      "d" : "1756459873873755733",
      "t" : 1756459873873,
      "tn" : 1756459873873755733,
      "q" : "430",
      "p" : "0.20857",
      "s" : "sell",
      "i" : "PNUTUSD-PERP",
      "m" : "4611686018428455837"
    }, {
      "d" : "1756459446832273868",
      "t" : 1756459446832,
      "tn" : 1756459446832273868,
      "q" : "890",
      "p" : "0.20822",
      "s" : "sell",
      "i" : "PNUTUSD-PERP",
      "m" : "4611686018428455836"
    }, {
      "d" : "1756459446831148750",
      "t" : 1756459446831,
      "tn" : 1756459446831148750,
      "q" : "1820",
      "p" : "0.20822",
      "s" : "sell",
      "i" : "PNUTUSD-PERP",
      "m" : "4611686018428455835"
    }, {
      "d" : "1756459446830633526",
      "t" : 1756459446830,
      "tn" : 1756459446830633526,
      "q" : "890",
      "p" : "0.20822",
      "s" : "sell",
      "i" : "PNUTUSD-PERP",
      "m" : "4611686018428455834"
    }, {
      "d" : "1756459409264124988",
      "t" : 1756459409264,
      "tn" : 1756459409264124988,
      "q" : "10",
      "p" : "0.20837",
      "s" : "buy",
      "i" : "PNUTUSD-PERP",
      "m" : "4611686018428455833"
    }, {
      "d" : "1756459380405518807",
      "t" : 1756459380405,
      "tn" : 1756459380405518807,
      "q" : "10",
      "p" : "0.20854",
      "s" : "sell",
      "i" : "PNUTUSD-PERP",
      "m" : "4611686018428455832"
    }, {
      "d" : "1756459380405057611",
      "t" : 1756459380405,
      "tn" : 1756459380405057611,
      "q" : "10",
      "p" : "0.20855",
      "s" : "sell",
      "i" : "PNUTUSD-PERP",
      "m" : "4611686018428455831"
    }, {
      "d" : "1756459364801400610",
      "t" : 1756459364801,
      "tn" : 1756459364801400610,
      "q" : "10",
      "p" : "0.20858",
      "s" : "sell",
      "i" : "PNUTUSD-PERP",
      "m" : "4611686018428455830"
    }, {
      "d" : "1756459364778475948",
      "t" : 1756459364778,
      "tn" : 1756459364778475948,
      "q" : "10",
      "p" : "0.20860",
      "s" : "sell",
      "i" : "PNUTUSD-PERP",
      "m" : "4611686018428455829"
    }, {
      "d" : "1756459187307344052",
      "t" : 1756459187307,
      "tn" : 1756459187307344052,
      "q" : "10",
      "p" : "0.20814",
      "s" : "sell",
      "i" : "PNUTUSD-PERP",
      "m" : "4611686018428455828"
    }, {
      "d" : "1756459187304906210",
      "t" : 1756459187304,
      "tn" : 1756459187304906210,
      "q" : "10",
      "p" : "0.20818",
      "s" : "sell",
      "i" : "PNUTUSD-PERP",
      "m" : "4611686018428455827"
    }, {
      "d" : "1756458977347159119",
      "t" : 1756458977347,
      "tn" : 1756458977347159119,
      "q" : "1110",
      "p" : "0.20690",
      "s" : "sell",
      "i" : "PNUTUSD-PERP",
      "m" : "4611686018428455826"
    }, {
      "d" : "1756458830624726812",
      "t" : 1756458830624,
      "tn" : 1756458830624726812,
      "q" : "3600",
      "p" : "0.20665",
      "s" : "sell",
      "i" : "PNUTUSD-PERP",
      "m" : "4611686018428455825"
    }, {
      "d" : "1756458830624722642",
      "t" : 1756458830624,
      "tn" : 1756458830624722642,
      "q" : "10",
      "p" : "0.20666",
      "s" : "sell",
      "i" : "PNUTUSD-PERP",
      "m" : "4611686018428455824"
    }, {
      "d" : "1756458724745453680",
      "t" : 1756458724745,
      "tn" : 1756458724745453680,
      "q" : "10",
      "p" : "0.20698",
      "s" : "sell",
      "i" : "PNUTUSD-PERP",
      "m" : "4611686018428455823"
    }, {
      "d" : "1756458724744988121",
      "t" : 1756458724744,
      "tn" : 1756458724744988121,
      "q" : "10",
      "p" : "0.20702",
      "s" : "sell",
      "i" : "PNUTUSD-PERP",
      "m" : "4611686018428455822"
    }, {
      "d" : "1756458201815591616",
      "t" : 1756458201815,
      "tn" : 1756458201815591616,
      "q" : "10",
      "p" : "0.20586",
      "s" : "buy",
      "i" : "PNUTUSD-PERP",
      "m" : "4611686018428455821"
    }, {
      "d" : "1756458183296081896",
      "t" : 1756458183296,
      "tn" : 1756458183296081896,
      "q" : "10",
      "p" : "0.20543",
      "s" : "sell",
      "i" : "PNUTUSD-PERP",
      "m" : "4611686018428455820"
    }, {
      "d" : "1756458182268943561",
      "t" : 1756458182268,
      "tn" : 1756458182268943561,
      "q" : "10",
      "p" : "0.20552",
      "s" : "sell",
      "i" : "PNUTUSD-PERP",
      "m" : "4611686018428455819"
    }, {
      "d" : "1756458182268940138",
      "t" : 1756458182268,
      "tn" : 1756458182268940138,
      "q" : "10",
      "p" : "0.20560",
      "s" : "sell",
      "i" : "PNUTUSD-PERP",
      "m" : "4611686018428455818"
    }, {
      "d" : "1756458181376839473",
      "t" : 1756458181376,
      "tn" : 1756458181376839473,
      "q" : "10",
      "p" : "0.20573",
      "s" : "sell",
      "i" : "PNUTUSD-PERP",
      "m" : "4611686018428455817"
    }, {
      "d" : "1756458176370722701",
      "t" : 1756458176370,
      "tn" : 1756458176370722701,
      "q" : "10",
      "p" : "0.20642",
      "s" : "sell",
      "i" : "PNUTUSD-PERP",
      "m" : "4611686018428455816"
    }, {
      "d" : "1756458133218582369",
      "t" : 1756458133218,
      "tn" : 1756458133218582369,
      "q" : "10",
      "p" : "0.20715",
      "s" : "sell",
      "i" : "PNUTUSD-PERP",
      "m" : "4611686018428455815"
    }, {
      "d" : "1756458105126933466",
      "t" : 1756458105126,
      "tn" : 1756458105126933466,
      "q" : "10",
      "p" : "0.20745",
      "s" : "sell",
      "i" : "PNUTUSD-PERP",
      "m" : "4611686018428455814"
    }, {
      "d" : "1756457882325787092",
      "t" : 1756457882325,
      "tn" : 1756457882325787092,
      "q" : "2120",
      "p" : "0.20793",
      "s" : "buy",
      "i" : "PNUTUSD-PERP",
      "m" : "4611686018428455813"
    }, {
      "d" : "1756457882321132217",
      "t" : 1756457882321,
      "tn" : 1756457882321132217,
      "q" : "1020",
      "p" : "0.20793",
      "s" : "buy",
      "i" : "PNUTUSD-PERP",
      "m" : "4611686018428455812"
    }, {
      "d" : "1756457880800857273",
      "t" : 1756457880800,
      "tn" : 1756457880800857273,
      "q" : "10",
      "p" : "0.20785",
      "s" : "buy",
      "i" : "PNUTUSD-PERP",
      "m" : "4611686018428455811"
    }, {
      "d" : "1756457880795603424",
      "t" : 1756457880795,
      "tn" : 1756457880795603424,
      "q" : "10",
      "p" : "0.20784",
      "s" : "buy",
      "i" : "PNUTUSD-PERP",
      "m" : "4611686018428455810"
    }, {
      "d" : "1756457764306839379",
      "t" : 1756457764306,
      "tn" : 1756457764306839379,
      "q" : "10",
      "p" : "0.20849",
      "s" : "buy",
      "i" : "PNUTUSD-PERP",
      "m" : "4611686018428455809"
    }, {
      "d" : "1756457764190496975",
      "t" : 1756457764190,
      "tn" : 1756457764190496975,
      "q" : "10",
      "p" : "0.20848",
      "s" : "buy",
      "i" : "PNUTUSD-PERP",
      "m" : "4611686018428455808"
    }, {
      "d" : "1756457764180573663",
      "t" : 1756457764180,
      "tn" : 1756457764180573663,
      "q" : "10",
      "p" : "0.20848",
      "s" : "buy",
      "i" : "PNUTUSD-PERP",
      "m" : "4611686018428455807"
    }, {
      "d" : "1756457763349635227",
      "t" : 1756457763349,
      "tn" : 1756457763349635227,
      "q" : "10",
      "p" : "0.20840",
      "s" : "buy",
      "i" : "PNUTUSD-PERP",
      "m" : "4611686018428455806"
    }, {
      "d" : "1756457763289681426",
      "t" : 1756457763289,
      "tn" : 1756457763289681425,
      "q" : "10",
      "p" : "0.20838",
      "s" : "buy",
      "i" : "PNUTUSD-PERP",
      "m" : "4611686018428455805"
    }, {
      "d" : "1756457763289681425",
      "t" : 1756457763289,
      "tn" : 1756457763289681425,
      "q" : "10",
      "p" : "0.20838",
      "s" : "buy",
      "i" : "PNUTUSD-PERP",
      "m" : "4611686018428455805"
    }, {
      "d" : "1756457763156159000",
      "t" : 1756457763156,
      "tn" : 1756457763156159000,
      "q" : "10",
      "p" : "0.20832",
      "s" : "buy",
      "i" : "PNUTUSD-PERP",
      "m" : "4611686018428455804"
    }, {
      "d" : "1756457591046696733",
      "t" : 1756457591046,
      "tn" : 1756457591046696733,
      "q" : "10",
      "p" : "0.20820",
      "s" : "sell",
      "i" : "PNUTUSD-PERP",
      "m" : "4611686018428455803"
    }, {
      "d" : "1756457583757145934",
      "t" : 1756457583757,
      "tn" : 1756457583757145934,
      "q" : "1110",
      "p" : "0.20838",
      "s" : "buy",
      "i" : "PNUTUSD-PERP",
      "m" : "4611686018428455802"
    }, {
      "d" : "1756457574393315925",
      "t" : 1756457574393,
      "tn" : 1756457574393315925,
      "q" : "10",
      "p" : "0.20871",
      "s" : "sell",
      "i" : "PNUTUSD-PERP",
      "m" : "4611686018428455801"
    }, {
      "d" : "1756457484800588202",
      "t" : 1756457484800,
      "tn" : 1756457484800588202,
      "q" : "10",
      "p" : "0.20933",
      "s" : "sell",
      "i" : "PNUTUSD-PERP",
      "m" : "4611686018428455800"
    }, {
      "d" : "1756457325639642911",
      "t" : 1756457325639,
      "tn" : 1756457325639642911,
      "q" : "1100",
      "p" : "0.20935",
      "s" : "buy",
      "i" : "PNUTUSD-PERP",
      "m" : "4611686018428455799"
    }, {
      "d" : "1756457188986106768",
      "t" : 1756457188986,
      "tn" : 1756457188986106768,
      "q" : "1100",
      "p" : "0.20921",
      "s" : "buy",
      "i" : "PNUTUSD-PERP",
      "m" : "4611686018428455798"
    }, {
      "d" : "1756456766526307495",
      "t" : 1756456766526,
      "tn" : 1756456766526307495,
      "q" : "10",
      "p" : "0.20957",
      "s" : "sell",
      "i" : "PNUTUSD-PERP",
      "m" : "4611686018428455797"
    }, {
      "d" : "1756456668986790785",
      "t" : 1756456668986,
      "tn" : 1756456668986790785,
      "q" : "10",
      "p" : "0.20913",
      "s" : "sell",
      "i" : "PNUTUSD-PERP",
      "m" : "4611686018428455796"
    }, {
      "d" : "1756456457064117362",
      "t" : 1756456457064,
      "tn" : 1756456457064117362,
      "q" : "2380",
      "p" : "0.20962",
      "s" : "buy",
      "i" : "PNUTUSD-PERP",
      "m" : "4611686018428455795"
    }, {
      "d" : "1756456457054925209",
      "t" : 1756456457054,
      "tn" : 1756456457054925209,
      "q" : "10",
      "p" : "0.20952",
      "s" : "buy",
      "i" : "PNUTUSD-PERP",
      "m" : "4611686018428455794"
    }, {
      "d" : "1756455771110807296",
      "t" : 1756455771110,
      "tn" : 1756455771110807296,
      "q" : "10",
      "p" : "0.20955",
      "s" : "buy",
      "i" : "PNUTUSD-PERP",
      "m" : "4611686018428455793"
    }, {
      "d" : "1756455720386395974",
      "t" : 1756455720386,
      "tn" : 1756455720386395974,
      "q" : "2250",
      "p" : "0.20951",
      "s" : "buy",
      "i" : "PNUTUSD-PERP",
      "m" : "4611686018428455792"
    }, {
      "d" : "1756455720386032906",
      "t" : 1756455720386,
      "tn" : 1756455720386032906,
      "q" : "250",
      "p" : "0.20951",
      "s" : "buy",
      "i" : "PNUTUSD-PERP",
      "m" : "4611686018428455791"
    }, {
      "d" : "1756455720370559177",
      "t" : 1756455720370,
      "tn" : 1756455720370559177,
      "q" : "2850",
      "p" : "0.20950",
      "s" : "buy",
      "i" : "PNUTUSD-PERP",
      "m" : "4611686018428455790"
    }, {
      "d" : "1756455720370555959",
      "t" : 1756455720370,
      "tn" : 1756455720370555959,
      "q" : "1050",
      "p" : "0.20950",
      "s" : "buy",
      "i" : "PNUTUSD-PERP",
      "m" : "4611686018428455789"
    }, {
      "d" : "1756455720370085497",
      "t" : 1756455720370,
      "tn" : 1756455720370085497,
      "q" : "10",
      "p" : "0.20948",
      "s" : "buy",
      "i" : "PNUTUSD-PERP",
      "m" : "4611686018428455788"
    }, {
      "d" : "1756455720306668194",
      "t" : 1756455720306,
      "tn" : 1756455720306668194,
      "q" : "3900",
      "p" : "0.20948",
      "s" : "buy",
      "i" : "PNUTUSD-PERP",
      "m" : "4611686018428455787"
    }, {
      "d" : "1756455720299752793",
      "t" : 1756455720299,
      "tn" : 1756455720299752792,
      "q" : "10",
      "p" : "0.20946",
      "s" : "buy",
      "i" : "PNUTUSD-PERP",
      "m" : "4611686018428455786"
    }, {
      "d" : "1756455720299752792",
      "t" : 1756455720299,
      "tn" : 1756455720299752792,
      "q" : "3900",
      "p" : "0.20946",
      "s" : "buy",
      "i" : "PNUTUSD-PERP",
      "m" : "4611686018428455786"
    }, {
      "d" : "1756455692743994101",
      "t" : 1756455692743,
      "tn" : 1756455692743994101,
      "q" : "10",
      "p" : "0.20924",
      "s" : "buy",
      "i" : "PNUTUSD-PERP",
      "m" : "4611686018428455785"
    }, {
      "d" : "1756455660568254315",
      "t" : 1756455660568,
      "tn" : 1756455660568254315,
      "q" : "10",
      "p" : "0.20934",
      "s" : "buy",
      "i" : "PNUTUSD-PERP",
      "m" : "4611686018428455784"
    }, {
      "d" : "1756455644423361038",
      "t" : 1756455644423,
      "tn" : 1756455644423361038,
      "q" : "10",
      "p" : "0.20964",
      "s" : "buy",
      "i" : "PNUTUSD-PERP",
      "m" : "4611686018428455783"
    }, {
      "d" : "1756455644422787724",
      "t" : 1756455644422,
      "tn" : 1756455644422787724,
      "q" : "10",
      "p" : "0.20963",
      "s" : "buy",
      "i" : "PNUTUSD-PERP",
      "m" : "4611686018428455782"
    }, {
      "d" : "1756455643816016469",
      "t" : 1756455643816,
      "tn" : 1756455643816016468,
      "q" : "10",
      "p" : "0.20960",
      "s" : "buy",
      "i" : "PNUTUSD-PERP",
      "m" : "4611686018428455781"
    }, {
      "d" : "1756455643816016468",
      "t" : 1756455643816,
      "tn" : 1756455643816016468,
      "q" : "10",
      "p" : "0.20960",
      "s" : "buy",
      "i" : "PNUTUSD-PERP",
      "m" : "4611686018428455781"
    }, {
      "d" : "1756455643704163357",
      "t" : 1756455643704,
      "tn" : 1756455643704163357,
      "q" : "10",
      "p" : "0.20958",
      "s" : "buy",
      "i" : "PNUTUSD-PERP",
      "m" : "4611686018428455780"
    }, {
      "d" : "1756455643703718102",
      "t" : 1756455643703,
      "tn" : 1756455643703718102,
      "q" : "10",
      "p" : "0.20956",
      "s" : "buy",
      "i" : "PNUTUSD-PERP",
      "m" : "4611686018428455779"
    }, {
      "d" : "1756455643595091902",
      "t" : 1756455643595,
      "tn" : 1756455643595091902,
      "q" : "10",
      "p" : "0.20954",
      "s" : "buy",
      "i" : "PNUTUSD-PERP",
      "m" : "4611686018428455778"
    }, {
      "d" : "1756455643386617895",
      "t" : 1756455643386,
      "tn" : 1756455643386617895,
      "q" : "10",
      "p" : "0.20956",
      "s" : "buy",
      "i" : "PNUTUSD-PERP",
      "m" : "4611686018428455777"
    }, {
      "d" : "1756455643386041047",
      "t" : 1756455643386,
      "tn" : 1756455643386041047,
      "q" : "10",
      "p" : "0.20953",
      "s" : "buy",
      "i" : "PNUTUSD-PERP",
      "m" : "4611686018428455776"
    }, {
      "d" : "1756455638829524389",
      "t" : 1756455638829,
      "tn" : 1756455638829524389,
      "q" : "10",
      "p" : "0.20982",
      "s" : "buy",
      "i" : "PNUTUSD-PERP",
      "m" : "4611686018428455775"
    }, {
      "d" : "1756455638620467341",
      "t" : 1756455638620,
      "tn" : 1756455638620467341,
      "q" : "10",
      "p" : "0.20984",
      "s" : "buy",
      "i" : "PNUTUSD-PERP",
      "m" : "4611686018428455774"
    }, {
      "d" : "1756455638513401413",
      "t" : 1756455638513,
      "tn" : 1756455638513401413,
      "q" : "10",
      "p" : "0.20983",
      "s" : "buy",
      "i" : "PNUTUSD-PERP",
      "m" : "4611686018428455773"
    }, {
      "d" : "1756455637245061575",
      "t" : 1756455637245,
      "tn" : 1756455637245061575,
      "q" : "10",
      "p" : "0.20988",
      "s" : "buy",
      "i" : "PNUTUSD-PERP",
      "m" : "4611686018428455772"
    }, {
      "d" : "1756455636290886339",
      "t" : 1756455636290,
      "tn" : 1756455636290886339,
      "q" : "10",
      "p" : "0.20971",
      "s" : "buy",
      "i" : "PNUTUSD-PERP",
      "m" : "4611686018428455771"
    }, {
      "d" : "1756455635283718804",
      "t" : 1756455635283,
      "tn" : 1756455635283718804,
      "q" : "10",
      "p" : "0.20948",
      "s" : "buy",
      "i" : "PNUTUSD-PERP",
      "m" : "4611686018428455770"
    }, {
      "d" : "1756455635169374138",
      "t" : 1756455635169,
      "tn" : 1756455635169374138,
      "q" : "10",
      "p" : "0.20944",
      "s" : "buy",
      "i" : "PNUTUSD-PERP",
      "m" : "4611686018428455769"
    }, {
      "d" : "1756455633511338665",
      "t" : 1756455633511,
      "tn" : 1756455633511338665,
      "q" : "120",
      "p" : "0.20905",
      "s" : "buy",
      "i" : "PNUTUSD-PERP",
      "m" : "4611686018428455768"
    }, {
      "d" : "1756455633241844491",
      "t" : 1756455633241,
      "tn" : 1756455633241844491,
      "q" : "1900",
      "p" : "0.20911",
      "s" : "sell",
      "i" : "PNUTUSD-PERP",
      "m" : "4611686018428455767"
    }, {
      "d" : "1756455633241841033",
      "t" : 1756455633241,
      "tn" : 1756455633241841033,
      "q" : "10",
      "p" : "0.20912",
      "s" : "sell",
      "i" : "PNUTUSD-PERP",
      "m" : "4611686018428455766"
    }, {
      "d" : "1756455631232936381",
      "t" : 1756455631232,
      "tn" : 1756455631232936381,
      "q" : "1120",
      "p" : "0.20907",
      "s" : "buy",
      "i" : "PNUTUSD-PERP",
      "m" : "4611686018428455765"
    }, {
      "d" : "1756455630169333897",
      "t" : 1756455630169,
      "tn" : 1756455630169333896,
      "q" : "10",
      "p" : "0.20908",
      "s" : "sell",
      "i" : "PNUTUSD-PERP",
      "m" : "4611686018428455764"
    }, {
      "d" : "1756455630169333896",
      "t" : 1756455630169,
      "tn" : 1756455630169333896,
      "q" : "10",
      "p" : "0.20908",
      "s" : "sell",
      "i" : "PNUTUSD-PERP",
      "m" : "4611686018428455764"
    }, {
      "d" : "1756455619319827248",
      "t" : 1756455619319,
      "tn" : 1756455619319827248,
      "q" : "10",
      "p" : "0.20957",
      "s" : "buy",
      "i" : "PNUTUSD-PERP",
      "m" : "4611686018428455763"
    }, {
      "d" : "1756455490844878227",
      "t" : 1756455490844,
      "tn" : 1756455490844878227,
      "q" : "10",
      "p" : "0.21013",
      "s" : "buy",
      "i" : "PNUTUSD-PERP",
      "m" : "4611686018428455762"
    }, {
      "d" : "1756455446510643575",
      "t" : 1756455446510,
      "tn" : 1756455446510643575,
      "q" : "10",
      "p" : "0.20960",
      "s" : "sell",
      "i" : "PNUTUSD-PERP",
      "m" : "4611686018428455761"
    }, {
      "d" : "1756455363088539987",
      "t" : 1756455363088,
      "tn" : 1756455363088539987,
      "q" : "100",
      "p" : "0.21000",
      "s" : "sell",
      "i" : "PNUTUSD-PERP",
      "m" : "4611686018428455760"
    }, {
      "d" : "1756455312920217319",
      "t" : 1756455312920,
      "tn" : 1756455312920217319,
      "q" : "10",
      "p" : "0.21050",
      "s" : "sell",
      "i" : "PNUTUSD-PERP",
      "m" : "4611686018428455759"
    }, {
      "d" : "1756455078780880440",
      "t" : 1756455078780,
      "tn" : 1756455078780880440,
      "q" : "10",
      "p" : "0.21044",
      "s" : "sell",
      "i" : "PNUTUSD-PERP",
      "m" : "4611686018428455758"
    }, {
      "d" : "1756454915635805666",
      "t" : 1756454915635,
      "tn" : 1756454915635805666,
      "q" : "10",
      "p" : "0.21124",
      "s" : "buy",
      "i" : "PNUTUSD-PERP",
      "m" : "4611686018428455757"
    }, {
      "d" : "1756454915635284778",
      "t" : 1756454915635,
      "tn" : 1756454915635284778,
      "q" : "10",
      "p" : "0.21111",
      "s" : "buy",
      "i" : "PNUTUSD-PERP",
      "m" : "4611686018428455756"
    }, {
      "d" : "1756454905638510395",
      "t" : 1756454905638,
      "tn" : 1756454905638510395,
      "q" : "1250",
      "p" : "0.21115",
      "s" : "sell",
      "i" : "PNUTUSD-PERP",
      "m" : "4611686018428455755"
    }, {
      "d" : "1756454905625290543",
      "t" : 1756454905625,
      "tn" : 1756454905625290543,
      "q" : "2250",
      "p" : "0.21115",
      "s" : "sell",
      "i" : "PNUTUSD-PERP",
      "m" : "4611686018428455754"
    }, {
      "d" : "1756454797433985057",
      "t" : 1756454797433,
      "tn" : 1756454797433985057,
      "q" : "10",
      "p" : "0.21150",
      "s" : "sell",
      "i" : "PNUTUSD-PERP",
      "m" : "4611686018428455753"
    }, {
      "d" : "1756454797433980992",
      "t" : 1756454797433,
      "tn" : 1756454797433980992,
      "q" : "10",
      "p" : "0.21152",
      "s" : "sell",
      "i" : "PNUTUSD-PERP",
      "m" : "4611686018428455752"
    }, {
      "d" : "1756454795815277021",
      "t" : 1756454795815,
      "tn" : 1756454795815277021,
      "q" : "10",
      "p" : "0.21153",
      "s" : "buy",
      "i" : "PNUTUSD-PERP",
      "m" : "4611686018428455751"
    }, {
      "d" : "1756454719048213205",
      "t" : 1756454719048,
      "tn" : 1756454719048213204,
      "q" : "2230",
      "p" : "0.21099",
      "s" : "sell",
      "i" : "PNUTUSD-PERP",
      "m" : "4611686018428455750"
    }, {
      "d" : "1756454719048213204",
      "t" : 1756454719048,
      "tn" : 1756454719048213204,
      "q" : "10",
      "p" : "0.21099",
      "s" : "sell",
      "i" : "PNUTUSD-PERP",
      "m" : "4611686018428455750"
    }, {
      "d" : "1756454719048208251",
      "t" : 1756454719048,
      "tn" : 1756454719048208251,
      "q" : "10",
      "p" : "0.21102",
      "s" : "sell",
      "i" : "PNUTUSD-PERP",
      "m" : "4611686018428455749"
    }, {
      "d" : "1756454652151962986",
      "t" : 1756454652151,
      "tn" : 1756454652151962986,
      "q" : "10",
      "p" : "0.21159",
      "s" : "buy",
      "i" : "PNUTUSD-PERP",
      "m" : "4611686018428455748"
    }, {
      "d" : "1756454615819283267",
      "t" : 1756454615819,
      "tn" : 1756454615819283267,
      "q" : "1870",
      "p" : "0.21202",
      "s" : "sell",
      "i" : "PNUTUSD-PERP",
      "m" : "4611686018428455747"
    }, {
      "d" : "1756454580635845925",
      "t" : 1756454580635,
      "tn" : 1756454580635845925,
      "q" : "120",
      "p" : "0.21249",
      "s" : "sell",
      "i" : "PNUTUSD-PERP",
      "m" : "4611686018428455746"
    }, {
      "d" : "1756454580630038918",
      "t" : 1756454580630,
      "tn" : 1756454580630038918,
      "q" : "2130",
      "p" : "0.21248",
      "s" : "sell",
      "i" : "PNUTUSD-PERP",
      "m" : "4611686018428455745"
    }, {
      "d" : "1756454580629653644",
      "t" : 1756454580629,
      "tn" : 1756454580629653644,
      "q" : "880",
      "p" : "0.21248",
      "s" : "sell",
      "i" : "PNUTUSD-PERP",
      "m" : "4611686018428455744"
    }, {
      "d" : "1756454580629611006",
      "t" : 1756454580629,
      "tn" : 1756454580629611006,
      "q" : "490",
      "p" : "0.21248",
      "s" : "sell",
      "i" : "PNUTUSD-PERP",
      "m" : "4611686018428455743"
    }, {
      "d" : "1756454580180229061",
      "t" : 1756454580180,
      "tn" : 1756454580180229061,
      "q" : "2350",
      "p" : "0.21244",
      "s" : "sell",
      "i" : "PNUTUSD-PERP",
      "m" : "4611686018428455742"
    }, {
      "d" : "1756454580180221463",
      "t" : 1756454580180,
      "tn" : 1756454580180221463,
      "q" : "10",
      "p" : "0.21245",
      "s" : "sell",
      "i" : "PNUTUSD-PERP",
      "m" : "4611686018428455741"
    }, {
      "d" : "1756454580179803659",
      "t" : 1756454580179,
      "tn" : 1756454580179803659,
      "q" : "3490",
      "p" : "0.21245",
      "s" : "sell",
      "i" : "PNUTUSD-PERP",
      "m" : "4611686018428455740"
    }, {
      "d" : "1756454580179801776",
      "t" : 1756454580179,
      "tn" : 1756454580179801776,
      "q" : "500",
      "p" : "0.21246",
      "s" : "sell",
      "i" : "PNUTUSD-PERP",
      "m" : "4611686018428455739"
    } ]
  }
}