{
  "id" : -1,
  "method" : "public/get-trades",
  "code" : 0,
  "result" : {
    "data" : [ {
      "d" : "1756462082197830014",
      "t" : 1756462082197,
      "tn" : 1756462082197830014,
      "q" : "41.5",
      "p" : "0.2462",
      "s" : "sell",
      "i" : "POL_USD",
      "m" : "4611686018429399992"
    }, {
      "d" : "1756462082121860902",
      "t" : 1756462082121,
      "tn" : 1756462082121860902,
      "q" : "87.5",
      "p" : "0.2463",
      "s" : "sell",
      "i" : "POL_USD",
      "m" : "4611686018429399991"
    }, {
      "d" : "1756462082045305176",
      "t" : 1756462082045,
      "tn" : 1756462082045305176,
      "q" : "944.3",
      "p" : "0.2463",
      "s" : "sell",
      "i" : "POL_USD",
      "m" : "4611686018429399990"
    }, {
      "d" : "1756462082029926448",
      "t" : 1756462082029,
      "tn" : 1756462082029926448,
      "q" : "105.3",
      "p" : "0.2463",
      "s" : "sell",
      "i" : "POL_USD",
      "m" : "4611686018429399989"
    }, {
      "d" : "1756462052636857134",
      "t" : 1756462052636,
      "tn" : 1756462052636857134,
      "q" : "5.0",
      "p" : "0.2461",
      "s" : "buy",
      "i" : "POL_USD",
      "m" : "4611686018429399988"
    }, {
      "d" : "1756462000271995370",
      "t" : 1756462000271,
      "tn" : 1756462000271995370,
      "q" : "2045.2",
      "p" : "0.2455",
      "s" : "buy",
      "i" : "POL_USD",
      "m" : "4611686018429399987"
    }, {
      "d" : "1756461999918708184",
      "t" : 1756461999918,
      "tn" : 1756461999918708184,
      "q" : "55.9",
      "p" : "0.2455",
      "s" : "buy",
      "i" : "POL_USD",
      "m" : "4611686018429399986"
    }, {
      "d" : "1756461999918193638",
      "t" : 1756461999918,
      "tn" : 1756461999918193638,
      "q" : "130.7",
      "p" : "0.2455",
      "s" : "buy",
      "i" : "POL_USD",
      "m" : "4611686018429399985"
    }, {
      "d" : "1756461940798613589",
      "t" : 1756461940798,
      "tn" : 1756461940798613589,
      "q" : "5.0",
      "p" : "0.2454",
      "s" : "buy",
      "i" : "POL_USD",
      "m" : "4611686018429399984"
    }, {
      "d" : "1756461869466662342",
      "t" : 1756461869466,
      "tn" : 1756461869466662342,
      "q" : "5.0",
      "p" : "0.2452",
      "s" : "buy",
      "i" : "POL_USD",
      "m" : "4611686018429399983"
    }, {
      "d" : "1756461848978259215",
      "t" : 1756461848978,
      "tn" : 1756461848978259215,
      "q" : "5.0",
      "p" : "0.2451",
      "s" : "buy",
      "i" : "POL_USD",
      "m" : "4611686018429399982"
    }, {
      "d" : "1756461827734682856",
      "t" : 1756461827734,
      "tn" : 1756461827734682856,
      "q" : "5.0",
      "p" : "0.2450",
      "s" : "buy",
      "i" : "POL_USD",
      "m" : "4611686018429399981"
    }, {
      "d" : "1756461809507510942",
      "t" : 1756461809507,
      "tn" : 1756461809507510942,
      "q" : "64.1",
      "p" : "0.2454",
      "s" : "sell",
      "i" : "POL_USD",
      "m" : "4611686018429399980"
    }, {
      "d" : "1756461803594883220",
      "t" : 1756461803594,
      "tn" : 1756461803594883220,
      "q" : "5.0",
      "p" : "0.2454",
      "s" : "buy",
      "i" : "POL_USD",
      "m" : "4611686018429399979"
    }, {
      "d" : "1756461723628072642",
      "t" : 1756461723628,
      "tn" : 1756461723628072642,
      "q" : "5.0",
      "p" : "0.2451",
      "s" : "buy",
      "i" : "POL_USD",
      "m" : "4611686018429399978"
    }, {
      "d" : "1756461641245517229",
      "t" : 1756461641245,
      "tn" : 1756461641245517229,
      "q" : "5.0",
      "p" : "0.2448",
      "s" : "buy",
      "i" : "POL_USD",
      "m" : "4611686018429399977"
    }, {
      "d" : "1756461634448292520",
      "t" : 1756461634448,
      "tn" : 1756461634448292520,
      "q" : "5.0",
      "p" : "0.2446",
      "s" : "buy",
      "i" : "POL_USD",
      "m" : "4611686018429399976"
    }, {
      "d" : "1756461610974236202",
      "t" : 1756461610974,
      "tn" : 1756461610974236202,
      "q" : "5.0",
      "p" : "0.2446",
      "s" : "buy",
      "i" : "POL_USD",
      "m" : "4611686018429399975"
    }, {
      "d" : "1756461610930193059",
      "t" : 1756461610930,
      "tn" : 1756461610930193059,
      "q" : "5.0",
      "p" : "0.2446",
      "s" : "buy",
      "i" : "POL_USD",
      "m" : "4611686018429399974"
    }, {
      "d" : "1756461610926474654",
      "t" : 1756461610926,
      "tn" : 1756461610926474652,
      "q" : "1063.3",
      "p" : "0.2446",
      "s" : "buy",
      "i" : "POL_USD",
      "m" : "4611686018429399973"
    }, {
      "d" : "1756461610926474653",
      "t" : 1756461610926,
      "tn" : 1756461610926474652,
      "q" : "2180.5",
      "p" : "0.2446",
      "s" : "buy",
      "i" : "POL_USD",
      "m" : "4611686018429399973"
    }, {
      "d" : "1756461610926474652",
      "t" : 1756461610926,
      "tn" : 1756461610926474652,
      "q" : "81.0",
      "p" : "0.2446",
      "s" : "buy",
      "i" : "POL_USD",
      "m" : "4611686018429399973"
    }, {
      "d" : "1756461610926470259",
      "t" : 1756461610926,
      "tn" : 1756461610926470259,
      "q" : "5.0",
      "p" : "0.2445",
      "s" : "buy",
      "i" : "POL_USD",
      "m" : "4611686018429399972"
    }, {
      "d" : "1756461610918647377",
      "t" : 1756461610918,
      "tn" : 1756461610918647376,
      "q" : "5.0",
      "p" : "0.2445",
      "s" : "buy",
      "i" : "POL_USD",
      "m" : "4611686018429399971"
    }, {
      "d" : "1756461610918647376",
      "t" : 1756461610918,
      "tn" : 1756461610918647376,
      "q" : "81.0",
      "p" : "0.2445",
      "s" : "buy",
      "i" : "POL_USD",
      "m" : "4611686018429399971"
    }, {
      "d" : "1756461548952737539",
      "t" : 1756461548952,
      "tn" : 1756461548952737539,
      "q" : "5.0",
      "p" : "0.2445",
      "s" : "buy",
      "i" : "POL_USD",
      "m" : "4611686018429399970"
    }, {
      "d" : "1756461499843233119",
      "t" : 1756461499843,
      "tn" : 1756461499843233119,
      "q" : "5.0",
      "p" : "0.2448",
      "s" : "buy",
      "i" : "POL_USD",
      "m" : "4611686018429399969"
    }, {
      "d" : "1756461454658902172",
      "t" : 1756461454658,
      "tn" : 1756461454658902171,
      "q" : "5.0",
      "p" : "0.2449",
      "s" : "buy",
      "i" : "POL_USD",
      "m" : "4611686018429399968"
    }, {
      "d" : "1756461454658902171",
      "t" : 1756461454658,
      "tn" : 1756461454658902171,
      "q" : "16.6",
      "p" : "0.2449",
      "s" : "buy",
      "i" : "POL_USD",
      "m" : "4611686018429399968"
    }, {
      "d" : "1756461454658397686",
      "t" : 1756461454658,
      "tn" : 1756461454658397686,
      "q" : "60.4",
      "p" : "0.2449",
      "s" : "buy",
      "i" : "POL_USD",
      "m" : "4611686018429399967"
    }, {
      "d" : "1756461441254806868",
      "t" : 1756461441254,
      "tn" : 1756461441254806868,
      "q" : "5.0",
      "p" : "0.2448",
      "s" : "buy",
      "i" : "POL_USD",
      "m" : "4611686018429399966"
    }, {
      "d" : "1756461381369193153",
      "t" : 1756461381369,
      "tn" : 1756461381369193152,
      "q" : "5.0",
      "p" : "0.2449",
      "s" : "buy",
      "i" : "POL_USD",
      "m" : "4611686018429399965"
    }, {
      "d" : "1756461381369193152",
      "t" : 1756461381369,
      "tn" : 1756461381369193152,
      "q" : "70.3",
      "p" : "0.2449",
      "s" : "buy",
      "i" : "POL_USD",
      "m" : "4611686018429399965"
    }, {
      "d" : "1756460951415229457",
      "t" : 1756460951415,
      "tn" : 1756460951415229457,
      "q" : "5.0",
      "p" : "0.2446",
      "s" : "buy",
      "i" : "POL_USD",
      "m" : "4611686018429399964"
    }, {
      "d" : "1756460942018625550",
      "t" : 1756460942018,
      "tn" : 1756460942018625550,
      "q" : "62.5",
      "p" : "0.2448",
      "s" : "buy",
      "i" : "POL_USD",
      "m" : "4611686018429399963"
    }, {
      "d" : "1756460942018622875",
      "t" : 1756460942018,
      "tn" : 1756460942018622875,
      "q" : "81.0",
      "p" : "0.2447",
      "s" : "buy",
      "i" : "POL_USD",
      "m" : "4611686018429399962"
    }, {
      "d" : "1756460942018619641",
      "t" : 1756460942018,
      "tn" : 1756460942018619641,
      "q" : "5.0",
      "p" : "0.2446",
      "s" : "buy",
      "i" : "POL_USD",
      "m" : "4611686018429399961"
    }, {
      "d" : "1756460898548904040",
      "t" : 1756460898548,
      "tn" : 1756460898548904040,
      "q" : "422.8",
      "p" : "0.2443",
      "s" : "sell",
      "i" : "POL_USD",
      "m" : "4611686018429399960"
    }, {
      "d" : "1756460898104489235",
      "t" : 1756460898104,
      "tn" : 1756460898104489235,
      "q" : "129.2",
      "p" : "0.2443",
      "s" : "sell",
      "i" : "POL_USD",
      "m" : "4611686018429399959"
    }, {
      "d" : "1756460863402199801",
      "t" : 1756460863402,
      "tn" : 1756460863402199800,
      "q" : "114.2",
      "p" : "0.2444",
      "s" : "buy",
      "i" : "POL_USD",
      "m" : "4611686018429399958"
    }, {
      "d" : "1756460863402199800",
      "t" : 1756460863402,
      "tn" : 1756460863402199800,
      "q" : "5.0",
      "p" : "0.2444",
      "s" : "buy",
      "i" : "POL_USD",
      "m" : "4611686018429399958"
    }, {
      "d" : "1756460805608209895",
      "t" : 1756460805608,
      "tn" : 1756460805608209895,
      "q" : "1130.3",
      "p" : "0.2441",
      "s" : "sell",
      "i" : "POL_USD",
      "m" : "4611686018429399957"
    }, {
      "d" : "1756460793575224131",
      "t" : 1756460793575,
      "tn" : 1756460793575224131,
      "q" : "5.0",
      "p" : "0.2442",
      "s" : "buy",
      "i" : "POL_USD",
      "m" : "4611686018429399956"
    }, {
      "d" : "1756460707921271585",
      "t" : 1756460707921,
      "tn" : 1756460707921271585,
      "q" : "1140.3",
      "p" : "0.2436",
      "s" : "sell",
      "i" : "POL_USD",
      "m" : "4611686018429399955"
    }, {
      "d" : "1756460637319949140",
      "t" : 1756460637319,
      "tn" : 1756460637319949140,
      "q" : "1098.8",
      "p" : "0.2436",
      "s" : "sell",
      "i" : "POL_USD",
      "m" : "4611686018429399954"
    }, {
      "d" : "1756460630019095030",
      "t" : 1756460630019,
      "tn" : 1756460630019095030,
      "q" : "58.6",
      "p" : "0.2437",
      "s" : "sell",
      "i" : "POL_USD",
      "m" : "4611686018429399953"
    }, {
      "d" : "1756460433574533785",
      "t" : 1756460433574,
      "tn" : 1756460433574533785,
      "q" : "5.0",
      "p" : "0.2433",
      "s" : "buy",
      "i" : "POL_USD",
      "m" : "4611686018429399952"
    }, {
      "d" : "1756460313834285722",
      "t" : 1756460313834,
      "tn" : 1756460313834285722,
      "q" : "1013.2",
      "p" : "0.2437",
      "s" : "sell",
      "i" : "POL_USD",
      "m" : "4611686018429399951"
    }, {
      "d" : "1756460313830630636",
      "t" : 1756460313830,
      "tn" : 1756460313830630636,
      "q" : "41.8",
      "p" : "0.2437",
      "s" : "sell",
      "i" : "POL_USD",
      "m" : "4611686018429399950"
    }, {
      "d" : "1756460313830625352",
      "t" : 1756460313830,
      "tn" : 1756460313830625352,
      "q" : "72.5",
      "p" : "0.2437",
      "s" : "sell",
      "i" : "POL_USD",
      "m" : "4611686018429399949"
    }, {
      "d" : "1756460300818396338",
      "t" : 1756460300818,
      "tn" : 1756460300818396338,
      "q" : "37.6",
      "p" : "0.2441",
      "s" : "buy",
      "i" : "POL_USD",
      "m" : "4611686018429399948"
    }, {
      "d" : "1756460300818394554",
      "t" : 1756460300818,
      "tn" : 1756460300818394554,
      "q" : "5.0",
      "p" : "0.2440",
      "s" : "buy",
      "i" : "POL_USD",
      "m" : "4611686018429399947"
    }, {
      "d" : "1756460300818031683",
      "t" : 1756460300818,
      "tn" : 1756460300818031683,
      "q" : "177.5",
      "p" : "0.2441",
      "s" : "buy",
      "i" : "POL_USD",
      "m" : "4611686018429399946"
    }, {
      "d" : "1756460300816123989",
      "t" : 1756460300816,
      "tn" : 1756460300816123989,
      "q" : "5.0",
      "p" : "0.2440",
      "s" : "buy",
      "i" : "POL_USD",
      "m" : "4611686018429399945"
    }, {
      "d" : "1756460300806683916",
      "t" : 1756460300806,
      "tn" : 1756460300806683916,
      "q" : "5.0",
      "p" : "0.2439",
      "s" : "buy",
      "i" : "POL_USD",
      "m" : "4611686018429399944"
    }, {
      "d" : "1756460284694778150",
      "t" : 1756460284694,
      "tn" : 1756460284694778150,
      "q" : "5.0",
      "p" : "0.2439",
      "s" : "buy",
      "i" : "POL_USD",
      "m" : "4611686018429399943"
    }, {
      "d" : "1756460246578294324",
      "t" : 1756460246578,
      "tn" : 1756460246578294324,
      "q" : "5.0",
      "p" : "0.2436",
      "s" : "buy",
      "i" : "POL_USD",
      "m" : "4611686018429399942"
    }, {
      "d" : "1756460235170826782",
      "t" : 1756460235170,
      "tn" : 1756460235170826782,
      "q" : "5.0",
      "p" : "0.2436",
      "s" : "buy",
      "i" : "POL_USD",
      "m" : "4611686018429399941"
    }, {
      "d" : "1756460235094146937",
      "t" : 1756460235094,
      "tn" : 1756460235094146937,
      "q" : "5.0",
      "p" : "0.2436",
      "s" : "buy",
      "i" : "POL_USD",
      "m" : "4611686018429399940"
    }, {
      "d" : "1756460207497757000",
      "t" : 1756460207497,
      "tn" : 1756460207497757000,
      "q" : "72.7",
      "p" : "0.2436",
      "s" : "buy",
      "i" : "POL_USD",
      "m" : "4611686018429399939"
    }, {
      "d" : "1756460173192128916",
      "t" : 1756460173192,
      "tn" : 1756460173192128916,
      "q" : "0.2",
      "p" : "0.2436",
      "s" : "buy",
      "i" : "POL_USD",
      "m" : "4611686018429399938"
    }, {
      "d" : "1756460162324925533",
      "t" : 1756460162324,
      "tn" : 1756460162324925533,
      "q" : "48.0",
      "p" : "0.2438",
      "s" : "sell",
      "i" : "POL_USD",
      "m" : "4611686018429399937"
    }, {
      "d" : "1756460104204883882",
      "t" : 1756460104204,
      "tn" : 1756460104204883882,
      "q" : "1084.5",
      "p" : "0.2433",
      "s" : "buy",
      "i" : "POL_USD",
      "m" : "4611686018429399936"
    }, {
      "d" : "1756460075690070968",
      "t" : 1756460075690,
      "tn" : 1756460075690070968,
      "q" : "1129.1",
      "p" : "0.2435",
      "s" : "sell",
      "i" : "POL_USD",
      "m" : "4611686018429399935"
    }, {
      "d" : "1756460074471312340",
      "t" : 1756460074471,
      "tn" : 1756460074471312340,
      "q" : "1081.6",
      "p" : "0.2433",
      "s" : "buy",
      "i" : "POL_USD",
      "m" : "4611686018429399934"
    }, {
      "d" : "1756460052507478459",
      "t" : 1756460052507,
      "tn" : 1756460052507478459,
      "q" : "56.4",
      "p" : "0.2432",
      "s" : "sell",
      "i" : "POL_USD",
      "m" : "4611686018429399933"
    }, {
      "d" : "1756460052231641957",
      "t" : 1756460052231,
      "tn" : 1756460052231641957,
      "q" : "266.8",
      "p" : "0.2432",
      "s" : "sell",
      "i" : "POL_USD",
      "m" : "4611686018429399932"
    }, {
      "d" : "1756460045581611485",
      "t" : 1756460045581,
      "tn" : 1756460045581611485,
      "q" : "1132.3",
      "p" : "0.2431",
      "s" : "buy",
      "i" : "POL_USD",
      "m" : "4611686018429399931"
    }, {
      "d" : "1756460040427984439",
      "t" : 1756460040427,
      "tn" : 1756460040427984439,
      "q" : "248.8",
      "p" : "0.2427",
      "s" : "buy",
      "i" : "POL_USD",
      "m" : "4611686018429399930"
    }, {
      "d" : "1756460040427981792",
      "t" : 1756460040427,
      "tn" : 1756460040427981792,
      "q" : "5.0",
      "p" : "0.2426",
      "s" : "buy",
      "i" : "POL_USD",
      "m" : "4611686018429399929"
    }, {
      "d" : "1756459962946900714",
      "t" : 1756459962946,
      "tn" : 1756459962946900713,
      "q" : "5.0",
      "p" : "0.2423",
      "s" : "buy",
      "i" : "POL_USD",
      "m" : "4611686018429399928"
    }, {
      "d" : "1756459962946900713",
      "t" : 1756459962946,
      "tn" : 1756459962946900713,
      "q" : "488.0",
      "p" : "0.2423",
      "s" : "buy",
      "i" : "POL_USD",
      "m" : "4611686018429399928"
    }, {
      "d" : "1756459954846741944",
      "t" : 1756459954846,
      "tn" : 1756459954846741944,
      "q" : "70.3",
      "p" : "0.2426",
      "s" : "sell",
      "i" : "POL_USD",
      "m" : "4611686018429399927"
    }, {
      "d" : "1756459905069299860",
      "t" : 1756459905069,
      "tn" : 1756459905069299860,
      "q" : "5.0",
      "p" : "0.2429",
      "s" : "sell",
      "i" : "POL_USD",
      "m" : "4611686018429399926"
    }, {
      "d" : "1756459840185442555",
      "t" : 1756459840185,
      "tn" : 1756459840185442555,
      "q" : "541.3",
      "p" : "0.2437",
      "s" : "sell",
      "i" : "POL_USD",
      "m" : "4611686018429399925"
    }, {
      "d" : "1756459840184843655",
      "t" : 1756459840184,
      "tn" : 1756459840184843655,
      "q" : "1231.1",
      "p" : "0.2437",
      "s" : "sell",
      "i" : "POL_USD",
      "m" : "4611686018429399924"
    }, {
      "d" : "1756459812794218422",
      "t" : 1756459812794,
      "tn" : 1756459812794218422,
      "q" : "448.2",
      "p" : "0.2440",
      "s" : "sell",
      "i" : "POL_USD",
      "m" : "4611686018429399923"
    }, {
      "d" : "1756459812112291437",
      "t" : 1756459812112,
      "tn" : 1756459812112291437,
      "q" : "51.4",
      "p" : "0.2440",
      "s" : "sell",
      "i" : "POL_USD",
      "m" : "4611686018429399922"
    }, {
      "d" : "1756459807072141758",
      "t" : 1756459807072,
      "tn" : 1756459807072141758,
      "q" : "1066.4",
      "p" : "0.2442",
      "s" : "sell",
      "i" : "POL_USD",
      "m" : "4611686018429399921"
    }, {
      "d" : "1756459806988660081",
      "t" : 1756459806988,
      "tn" : 1756459806988660081,
      "q" : "59.0",
      "p" : "0.2442",
      "s" : "sell",
      "i" : "POL_USD",
      "m" : "4611686018429399920"
    }, {
      "d" : "1756459745871788720",
      "t" : 1756459745871,
      "tn" : 1756459745871788720,
      "q" : "1012.7",
      "p" : "0.2441",
      "s" : "buy",
      "i" : "POL_USD",
      "m" : "4611686018429399919"
    }, {
      "d" : "1756459745817183090",
      "t" : 1756459745817,
      "tn" : 1756459745817183090,
      "q" : "115.0",
      "p" : "0.2441",
      "s" : "buy",
      "i" : "POL_USD",
      "m" : "4611686018429399918"
    }, {
      "d" : "1756459505250960187",
      "t" : 1756459505250,
      "tn" : 1756459505250960187,
      "q" : "1123.1",
      "p" : "0.2447",
      "s" : "sell",
      "i" : "POL_USD",
      "m" : "4611686018429399917"
    }, {
      "d" : "1756459493505532075",
      "t" : 1756459493505,
      "tn" : 1756459493505532075,
      "q" : "1888.8",
      "p" : "0.2449",
      "s" : "sell",
      "i" : "POL_USD",
      "m" : "4611686018429399916"
    }, {
      "d" : "1756459452217790068",
      "t" : 1756459452217,
      "tn" : 1756459452217790068,
      "q" : "30.1",
      "p" : "0.2451",
      "s" : "sell",
      "i" : "POL_USD",
      "m" : "4611686018429399915"
    }, {
      "d" : "1756459452091329091",
      "t" : 1756459452091,
      "tn" : 1756459452091329091,
      "q" : "5.0",
      "p" : "0.2452",
      "s" : "sell",
      "i" : "POL_USD",
      "m" : "4611686018429399914"
    }, {
      "d" : "1756459441238878077",
      "t" : 1756459441238,
      "tn" : 1756459441238878076,
      "q" : "40.8",
      "p" : "0.2454",
      "s" : "buy",
      "i" : "POL_USD",
      "m" : "4611686018429399913"
    }, {
      "d" : "1756459441238878076",
      "t" : 1756459441238,
      "tn" : 1756459441238878076,
      "q" : "5.0",
      "p" : "0.2454",
      "s" : "buy",
      "i" : "POL_USD",
      "m" : "4611686018429399913"
    }, {
      "d" : "1756459441187176566",
      "t" : 1756459441187,
      "tn" : 1756459441187176565,
      "q" : "5.0",
      "p" : "0.2454",
      "s" : "buy",
      "i" : "POL_USD",
      "m" : "4611686018429399912"
    }, {
      "d" : "1756459441187176565",
      "t" : 1756459441187,
      "tn" : 1756459441187176565,
      "q" : "40.8",
      "p" : "0.2454",
      "s" : "buy",
      "i" : "POL_USD",
      "m" : "4611686018429399912"
    }, {
      "d" : "1756459401452827801",
      "t" : 1756459401452,
      "tn" : 1756459401452827800,
      "q" : "5.0",
      "p" : "0.2454",
      "s" : "sell",
      "i" : "POL_USD",
      "m" : "4611686018429399911"
    }, {
      "d" : "1756459401452827800",
      "t" : 1756459401452,
      "tn" : 1756459401452827800,
      "q" : "40.8",
      "p" : "0.2454",
      "s" : "sell",
      "i" : "POL_USD",
      "m" : "4611686018429399911"
    }, {
      "d" : "1756459373491839444",
      "t" : 1756459373491,
      "tn" : 1756459373491839444,
      "q" : "87.6",
      "p" : "0.2456",
      "s" : "buy",
      "i" : "POL_USD",
      "m" : "4611686018429399910"
    }, {
      "d" : "1756459281145941932",
      "t" : 1756459281145,
      "tn" : 1756459281145941932,
      "q" : "40.8",
      "p" : "0.2454",
      "s" : "buy",
      "i" : "POL_USD",
      "m" : "4611686018429399909"
    }, {
      "d" : "1756459274760978216",
      "t" : 1756459274760,
      "tn" : 1756459274760978216,
      "q" : "666.7",
      "p" : "0.2454",
      "s" : "buy",
      "i" : "POL_USD",
      "m" : "4611686018429399908"
    }, {
      "d" : "1756459248671276379",
      "t" : 1756459248671,
      "tn" : 1756459248671276378,
      "q" : "4.6",
      "p" : "0.2455",
      "s" : "sell",
      "i" : "POL_USD",
      "m" : "4611686018429399907"
    }, {
      "d" : "1756459248671276378",
      "t" : 1756459248671,
      "tn" : 1756459248671276378,
      "q" : "40.8",
      "p" : "0.2455",
      "s" : "sell",
      "i" : "POL_USD",
      "m" : "4611686018429399907"
    }, {
      "d" : "1756459226314506291",
      "t" : 1756459226314,
      "tn" : 1756459226314506290,
      "q" : "5.0",
      "p" : "0.2455",
      "s" : "sell",
      "i" : "POL_USD",
      "m" : "4611686018429399906"
    }, {
      "d" : "1756459226314506290",
      "t" : 1756459226314,
      "tn" : 1756459226314506290,
      "q" : "40.8",
      "p" : "0.2455",
      "s" : "sell",
      "i" : "POL_USD",
      "m" : "4611686018429399906"
    }, {
      "d" : "1756459206558056375",
      "t" : 1756459206558,
      "tn" : 1756459206558056375,
      "q" : "150.0",
      "p" : "0.2456",
      "s" : "buy",
      "i" : "POL_USD",
      "m" : "4611686018429399905"
    }, {
      "d" : "1756459187601065760",
      "t" : 1756459187601,
      "tn" : 1756459187601065759,
      "q" : "5.0",
      "p" : "0.2455",
      "s" : "buy",
      "i" : "POL_USD",
      "m" : "4611686018429399904"
    }, {
      "d" : "1756459187601065759",
      "t" : 1756459187601,
      "tn" : 1756459187601065759,
      "q" : "2088.8",
      "p" : "0.2455",
      "s" : "buy",
      "i" : "POL_USD",
      "m" : "4611686018429399904"
    }, {
      "d" : "1756459181871651743",
      "t" : 1756459181871,
      "tn" : 1756459181871651742,
      "q" : "40.8",
      "p" : "0.2454",
      "s" : "buy",
      "i" : "POL_USD",
      "m" : "4611686018429399903"
    }, {
      "d" : "1756459181871651742",
      "t" : 1756459181871,
      "tn" : 1756459181871651742,
      "q" : "2.9",
      "p" : "0.2454",
      "s" : "buy",
      "i" : "POL_USD",
      "m" : "4611686018429399903"
    }, {
      "d" : "1756459181814710296",
      "t" : 1756459181814,
      "tn" : 1756459181814710295,
      "q" : "2.1",
      "p" : "0.2454",
      "s" : "buy",
      "i" : "POL_USD",
      "m" : "4611686018429399902"
    }, {
      "d" : "1756459181814710295",
      "t" : 1756459181814,
      "tn" : 1756459181814710295,
      "q" : "40.8",
      "p" : "0.2454",
      "s" : "buy",
      "i" : "POL_USD",
      "m" : "4611686018429399902"
    }, {
      "d" : "1756459141304905522",
      "t" : 1756459141304,
      "tn" : 1756459141304905519,
      "q" : "61.5",
      "p" : "0.2448",
      "s" : "sell",
      "i" : "POL_USD",
      "m" : "4611686018429399901"
    }, {
      "d" : "1756459141304905521",
      "t" : 1756459141304,
      "tn" : 1756459141304905519,
      "q" : "5.0",
      "p" : "0.2448",
      "s" : "sell",
      "i" : "POL_USD",
      "m" : "4611686018429399901"
    }, {
      "d" : "1756459141304905520",
      "t" : 1756459141304,
      "tn" : 1756459141304905519,
      "q" : "40.9",
      "p" : "0.2448",
      "s" : "sell",
      "i" : "POL_USD",
      "m" : "4611686018429399901"
    }, {
      "d" : "1756459141304905519",
      "t" : 1756459141304,
      "tn" : 1756459141304905519,
      "q" : "81.0",
      "p" : "0.2448",
      "s" : "sell",
      "i" : "POL_USD",
      "m" : "4611686018429399901"
    }, {
      "d" : "1756459103283658434",
      "t" : 1756459103283,
      "tn" : 1756459103283658434,
      "q" : "70.3",
      "p" : "0.2449",
      "s" : "buy",
      "i" : "POL_USD",
      "m" : "4611686018429399900"
    }, {
      "d" : "1756459046870895261",
      "t" : 1756459046870,
      "tn" : 1756459046870895261,
      "q" : "14.4",
      "p" : "0.2441",
      "s" : "sell",
      "i" : "POL_USD",
      "m" : "4611686018429399899"
    }, {
      "d" : "1756458914214061640",
      "t" : 1756458914214,
      "tn" : 1756458914214061640,
      "q" : "112.4",
      "p" : "0.2435",
      "s" : "sell",
      "i" : "POL_USD",
      "m" : "4611686018429399898"
    }, {
      "d" : "1756458875356291008",
      "t" : 1756458875356,
      "tn" : 1756458875356291008,
      "q" : "215.8",
      "p" : "0.2437",
      "s" : "buy",
      "i" : "POL_USD",
      "m" : "4611686018429399897"
    }, {
      "d" : "1756458727439167930",
      "t" : 1756458727439,
      "tn" : 1756458727439167930,
      "q" : "34.8",
      "p" : "0.2434",
      "s" : "buy",
      "i" : "POL_USD",
      "m" : "4611686018429399896"
    }, {
      "d" : "1756458676489843628",
      "t" : 1756458676489,
      "tn" : 1756458676489843628,
      "q" : "42.5",
      "p" : "0.2431",
      "s" : "sell",
      "i" : "POL_USD",
      "m" : "4611686018429399895"
    }, {
      "d" : "1756458668367222107",
      "t" : 1756458668367,
      "tn" : 1756458668367222107,
      "q" : "529.5",
      "p" : "0.2432",
      "s" : "buy",
      "i" : "POL_USD",
      "m" : "4611686018429399894"
    }, {
      "d" : "1756458668366679777",
      "t" : 1756458668366,
      "tn" : 1756458668366679777,
      "q" : "10.3",
      "p" : "0.2432",
      "s" : "buy",
      "i" : "POL_USD",
      "m" : "4611686018429399893"
    }, {
      "d" : "1756458668366134792",
      "t" : 1756458668366,
      "tn" : 1756458668366134792,
      "q" : "94.7",
      "p" : "0.2432",
      "s" : "buy",
      "i" : "POL_USD",
      "m" : "4611686018429399892"
    }, {
      "d" : "1756458660303800962",
      "t" : 1756458660303,
      "tn" : 1756458660303800962,
      "q" : "5.0",
      "p" : "0.2431",
      "s" : "buy",
      "i" : "POL_USD",
      "m" : "4611686018429399891"
    }, {
      "d" : "1756458627584271847",
      "t" : 1756458627584,
      "tn" : 1756458627584271847,
      "q" : "5.9",
      "p" : "0.2431",
      "s" : "buy",
      "i" : "POL_USD",
      "m" : "4611686018429399890"
    }, {
      "d" : "1756458627584268651",
      "t" : 1756458627584,
      "tn" : 1756458627584268651,
      "q" : "5.0",
      "p" : "0.2430",
      "s" : "buy",
      "i" : "POL_USD",
      "m" : "4611686018429399889"
    }, {
      "d" : "1756458607249236989",
      "t" : 1756458607249,
      "tn" : 1756458607249236989,
      "q" : "7.3",
      "p" : "0.2433",
      "s" : "buy",
      "i" : "POL_USD",
      "m" : "4611686018429399888"
    }, {
      "d" : "1756458589575136984",
      "t" : 1756458589575,
      "tn" : 1756458589575136984,
      "q" : "41.1",
      "p" : "0.2434",
      "s" : "sell",
      "i" : "POL_USD",
      "m" : "4611686018429399887"
    }, {
      "d" : "1756458589479130308",
      "t" : 1756458589479,
      "tn" : 1756458589479130308,
      "q" : "41.6",
      "p" : "0.2434",
      "s" : "sell",
      "i" : "POL_USD",
      "m" : "4611686018429399886"
    }, {
      "d" : "1756458511610875066",
      "t" : 1756458511610,
      "tn" : 1756458511610875066,
      "q" : "1122.4",
      "p" : "0.2431",
      "s" : "buy",
      "i" : "POL_USD",
      "m" : "4611686018429399885"
    }, {
      "d" : "1756458482437974489",
      "t" : 1756458482437,
      "tn" : 1756458482437974488,
      "q" : "5.0",
      "p" : "0.2429",
      "s" : "buy",
      "i" : "POL_USD",
      "m" : "4611686018429399884"
    }, {
      "d" : "1756458482437974488",
      "t" : 1756458482437,
      "tn" : 1756458482437974488,
      "q" : "41.2",
      "p" : "0.2429",
      "s" : "buy",
      "i" : "POL_USD",
      "m" : "4611686018429399884"
    }, {
      "d" : "1756458471566369792",
      "t" : 1756458471566,
      "tn" : 1756458471566369791,
      "q" : "5.0",
      "p" : "0.2428",
      "s" : "buy",
      "i" : "POL_USD",
      "m" : "4611686018429399883"
    }, {
      "d" : "1756458471566369791",
      "t" : 1756458471566,
      "tn" : 1756458471566369791,
      "q" : "69.9",
      "p" : "0.2428",
      "s" : "buy",
      "i" : "POL_USD",
      "m" : "4611686018429399883"
    }, {
      "d" : "1756458423586491945",
      "t" : 1756458423586,
      "tn" : 1756458423586491944,
      "q" : "5.0",
      "p" : "0.2430",
      "s" : "sell",
      "i" : "POL_USD",
      "m" : "4611686018429399882"
    }, {
      "d" : "1756458423586491944",
      "t" : 1756458423586,
      "tn" : 1756458423586491944,
      "q" : "41.2",
      "p" : "0.2430",
      "s" : "sell",
      "i" : "POL_USD",
      "m" : "4611686018429399882"
    }, {
      "d" : "1756458412035209723",
      "t" : 1756458412035,
      "tn" : 1756458412035209723,
      "q" : "143.1",
      "p" : "0.2430",
      "s" : "buy",
      "i" : "POL_USD",
      "m" : "4611686018429399881"
    }, {
      "d" : "1756458412033749681",
      "t" : 1756458412033,
      "tn" : 1756458412033749681,
      "q" : "94.5",
      "p" : "0.2430",
      "s" : "buy",
      "i" : "POL_USD",
      "m" : "4611686018429399880"
    }, {
      "d" : "1756458358892305682",
      "t" : 1756458358892,
      "tn" : 1756458358892305681,
      "q" : "5.0",
      "p" : "0.2432",
      "s" : "sell",
      "i" : "POL_USD",
      "m" : "4611686018429399879"
    }, {
      "d" : "1756458358892305681",
      "t" : 1756458358892,
      "tn" : 1756458358892305681,
      "q" : "41.2",
      "p" : "0.2432",
      "s" : "sell",
      "i" : "POL_USD",
      "m" : "4611686018429399879"
    }, {
      "d" : "1756458246112792760",
      "t" : 1756458246112,
      "tn" : 1756458246112792759,
      "q" : "5.0",
      "p" : "0.2430",
      "s" : "buy",
      "i" : "POL_USD",
      "m" : "4611686018429399878"
    }, {
      "d" : "1756458246112792759",
      "t" : 1756458246112,
      "tn" : 1756458246112792759,
      "q" : "1132.6",
      "p" : "0.2430",
      "s" : "buy",
      "i" : "POL_USD",
      "m" : "4611686018429399878"
    }, {
      "d" : "1756458222345540712",
      "t" : 1756458222345,
      "tn" : 1756458222345540712,
      "q" : "1041.3",
      "p" : "0.2427",
      "s" : "sell",
      "i" : "POL_USD",
      "m" : "4611686018429399877"
    }, {
      "d" : "1756458220791732030",
      "t" : 1756458220791,
      "tn" : 1756458220791732030,
      "q" : "91.0",
      "p" : "0.2427",
      "s" : "sell",
      "i" : "POL_USD",
      "m" : "4611686018429399876"
    }, {
      "d" : "1756458208602612466",
      "t" : 1756458208602,
      "tn" : 1756458208602612466,
      "q" : "973.7",
      "p" : "0.2428",
      "s" : "buy",
      "i" : "POL_USD",
      "m" : "4611686018429399875"
    }, {
      "d" : "1756458208588504442",
      "t" : 1756458208588,
      "tn" : 1756458208588504442,
      "q" : "160.0",
      "p" : "0.2428",
      "s" : "buy",
      "i" : "POL_USD",
      "m" : "4611686018429399874"
    }, {
      "d" : "1756458199570646892",
      "t" : 1756458199570,
      "tn" : 1756458199570646892,
      "q" : "131.4",
      "p" : "0.2426",
      "s" : "sell",
      "i" : "POL_USD",
      "m" : "4611686018429399873"
    }, {
      "d" : "1756458190269182751",
      "t" : 1756458190269,
      "tn" : 1756458190269182751,
      "q" : "140.1",
      "p" : "0.2427",
      "s" : "buy",
      "i" : "POL_USD",
      "m" : "4611686018429399872"
    }, {
      "d" : "1756458180952134579",
      "t" : 1756458180952,
      "tn" : 1756458180952134578,
      "q" : "1133.3",
      "p" : "0.2424",
      "s" : "sell",
      "i" : "POL_USD",
      "m" : "4611686018429399871"
    }, {
      "d" : "1756458180952134578",
      "t" : 1756458180952,
      "tn" : 1756458180952134578,
      "q" : "26.1",
      "p" : "0.2424",
      "s" : "sell",
      "i" : "POL_USD",
      "m" : "4611686018429399871"
    }, {
      "d" : "1756458177697957010",
      "t" : 1756458177697,
      "tn" : 1756458177697957010,
      "q" : "70.3",
      "p" : "0.2426",
      "s" : "sell",
      "i" : "POL_USD",
      "m" : "4611686018429399870"
    }, {
      "d" : "1756458175596516878",
      "t" : 1756458175596,
      "tn" : 1756458175596516878,
      "q" : "1131.9",
      "p" : "0.2428",
      "s" : "sell",
      "i" : "POL_USD",
      "m" : "4611686018429399869"
    }, {
      "d" : "1756458175596513859",
      "t" : 1756458175596,
      "tn" : 1756458175596513859,
      "q" : "6.3",
      "p" : "0.2429",
      "s" : "sell",
      "i" : "POL_USD",
      "m" : "4611686018429399868"
    }, {
      "d" : "1756458151643176994",
      "t" : 1756458151643,
      "tn" : 1756458151643176994,
      "q" : "400.5",
      "p" : "0.2432",
      "s" : "sell",
      "i" : "POL_USD",
      "m" : "4611686018429399867"
    } ]
  }
}