{
  "id" : -1,
  "method" : "public/get-trades",
  "code" : 0,
  "result" : {
    "data" : [ {
      "d" : "1756458179568655424",
      "t" : 1756458179568,
      "tn" : 1756458179568655424,
      "q" : "5.0",
      "p" : "0.2424",
      "s" : "buy",
      "i" : "POL_USDT",
      "m" : "4611686018427702904"
    }, {
      "d" : "1756458176887711882",
      "t" : 1756458176887,
      "tn" : 1756458176887711882,
      "q" : "4.9",
      "p" : "0.2428",
      "s" : "sell",
      "i" : "POL_USDT",
      "m" : "4611686018427702903"
    }, {
      "d" : "1756455091853075642",
      "t" : 1756455091853,
      "tn" : 1756455091853075642,
      "q" : "5.0",
      "p" : "0.2438",
      "s" : "buy",
      "i" : "POL_USDT",
      "m" : "4611686018427702902"
    }, {
      "d" : "1756453527374960885",
      "t" : 1756453527374,
      "tn" : 1756453527374960884,
      "q" : "40.9",
      "p" : "0.2445",
      "s" : "sell",
      "i" : "POL_USDT",
      "m" : "4611686018427702901"
    }, {
      "d" : "1756453527374960884",
      "t" : 1756453527374,
      "tn" : 1756453527374960884,
      "q" : "5.0",
      "p" : "0.2445",
      "s" : "sell",
      "i" : "POL_USDT",
      "m" : "4611686018427702901"
    }, {
      "d" : "1756452629438504157",
      "t" : 1756452629438,
      "tn" : 1756452629438504156,
      "q" : "335.3",
      "p" : "0.2449",
      "s" : "sell",
      "i" : "POL_USDT",
      "m" : "4611686018427702900"
    }, {
      "d" : "1756452629438504156",
      "t" : 1756452629438,
      "tn" : 1756452629438504156,
      "q" : "493.1",
      "p" : "0.2449",
      "s" : "sell",
      "i" : "POL_USDT",
      "m" : "4611686018427702900"
    }, {
      "d" : "1756452629438501218",
      "t" : 1756452629438,
      "tn" : 1756452629438501218,
      "q" : "661.3",
      "p" : "0.2450",
      "s" : "sell",
      "i" : "POL_USDT",
      "m" : "4611686018427702899"
    }, {
      "d" : "1756452629438498143",
      "t" : 1756452629438,
      "tn" : 1756452629438498143,
      "q" : "505.3",
      "p" : "0.2451",
      "s" : "sell",
      "i" : "POL_USDT",
      "m" : "4611686018427702898"
    }, {
      "d" : "1756452629438494689",
      "t" : 1756452629438,
      "tn" : 1756452629438494689,
      "q" : "5.0",
      "p" : "0.2453",
      "s" : "sell",
      "i" : "POL_USDT",
      "m" : "4611686018427702897"
    }, {
      "d" : "1756449599996430963",
      "t" : 1756449599996,
      "tn" : 1756449599996430963,
      "q" : "14.9",
      "p" : "0.2469",
      "s" : "sell",
      "i" : "POL_USDT",
      "m" : "4611686018427702896"
    }, {
      "d" : "1756449599996429232",
      "t" : 1756449599996,
      "tn" : 1756449599996429232,
      "q" : "5.0",
      "p" : "0.2480",
      "s" : "sell",
      "i" : "POL_USDT",
      "m" : "4611686018427702895"
    }, {
      "d" : "1756448891609798983",
      "t" : 1756448891609,
      "tn" : 1756448891609798982,
      "q" : "40.2",
      "p" : "0.2491",
      "s" : "sell",
      "i" : "POL_USDT",
      "m" : "4611686018427702894"
    }, {
      "d" : "1756448891609798982",
      "t" : 1756448891609,
      "tn" : 1756448891609798982,
      "q" : "335.0",
      "p" : "0.2491",
      "s" : "sell",
      "i" : "POL_USDT",
      "m" : "4611686018427702894"
    }, {
      "d" : "1756448891609795544",
      "t" : 1756448891609,
      "tn" : 1756448891609795544,
      "q" : "456.0",
      "p" : "0.2492",
      "s" : "sell",
      "i" : "POL_USDT",
      "m" : "4611686018427702893"
    }, {
      "d" : "1756448891609792618",
      "t" : 1756448891609,
      "tn" : 1756448891609792618,
      "q" : "5.0",
      "p" : "0.2493",
      "s" : "sell",
      "i" : "POL_USDT",
      "m" : "4611686018427702892"
    }, {
      "d" : "1756448779819608693",
      "t" : 1756448779819,
      "tn" : 1756448779819608692,
      "q" : "15.0",
      "p" : "0.2496",
      "s" : "buy",
      "i" : "POL_USDT",
      "m" : "4611686018427702891"
    }, {
      "d" : "1756448779819608692",
      "t" : 1756448779819,
      "tn" : 1756448779819608692,
      "q" : "5.0",
      "p" : "0.2496",
      "s" : "buy",
      "i" : "POL_USDT",
      "m" : "4611686018427702891"
    }, {
      "d" : "1756448779678220962",
      "t" : 1756448779678,
      "tn" : 1756448779678220962,
      "q" : "24.8",
      "p" : "0.2492",
      "s" : "sell",
      "i" : "POL_USDT",
      "m" : "4611686018427702890"
    }, {
      "d" : "1756448779678219141",
      "t" : 1756448779678,
      "tn" : 1756448779678219141,
      "q" : "40.2",
      "p" : "0.2493",
      "s" : "sell",
      "i" : "POL_USDT",
      "m" : "4611686018427702889"
    }, {
      "d" : "1756448319762347581",
      "t" : 1756448319762,
      "tn" : 1756448319762347581,
      "q" : "4.7",
      "p" : "0.2496",
      "s" : "buy",
      "i" : "POL_USDT",
      "m" : "4611686018427702888"
    }, {
      "d" : "1756448138213351793",
      "t" : 1756448138213,
      "tn" : 1756448138213351793,
      "q" : "5.0",
      "p" : "0.2501",
      "s" : "sell",
      "i" : "POL_USDT",
      "m" : "4611686018427702887"
    }, {
      "d" : "1756447255221524117",
      "t" : 1756447255221,
      "tn" : 1756447255221524117,
      "q" : "0.1",
      "p" : "0.2513",
      "s" : "buy",
      "i" : "POL_USDT",
      "m" : "4611686018427702886"
    }, {
      "d" : "1756447254076947327",
      "t" : 1756447254076,
      "tn" : 1756447254076947327,
      "q" : "4.9",
      "p" : "0.2513",
      "s" : "buy",
      "i" : "POL_USDT",
      "m" : "4611686018427702885"
    }, {
      "d" : "1756447083261537798",
      "t" : 1756447083261,
      "tn" : 1756447083261537798,
      "q" : "670.0",
      "p" : "0.2511",
      "s" : "sell",
      "i" : "POL_USDT",
      "m" : "4611686018427702884"
    }, {
      "d" : "1756447075483003493",
      "t" : 1756447075483,
      "tn" : 1756447075483003493,
      "q" : "5.0",
      "p" : "0.2511",
      "s" : "buy",
      "i" : "POL_USDT",
      "m" : "4611686018427702883"
    }, {
      "d" : "1756447016877876075",
      "t" : 1756447016877,
      "tn" : 1756447016877876075,
      "q" : "421.3",
      "p" : "0.2512",
      "s" : "buy",
      "i" : "POL_USDT",
      "m" : "4611686018427702882"
    }, {
      "d" : "1756447016877872808",
      "t" : 1756447016877,
      "tn" : 1756447016877872808,
      "q" : "5.0",
      "p" : "0.2511",
      "s" : "buy",
      "i" : "POL_USDT",
      "m" : "4611686018427702881"
    }, {
      "d" : "1756447016736111638",
      "t" : 1756447016736,
      "tn" : 1756447016736111638,
      "q" : "665.0",
      "p" : "0.2511",
      "s" : "sell",
      "i" : "POL_USDT",
      "m" : "4611686018427702880"
    }, {
      "d" : "1756447016730469670",
      "t" : 1756447016730,
      "tn" : 1756447016730469670,
      "q" : "5.0",
      "p" : "0.2511",
      "s" : "buy",
      "i" : "POL_USDT",
      "m" : "4611686018427702879"
    }, {
      "d" : "1756447005532052133",
      "t" : 1756447005532,
      "tn" : 1756447005532052133,
      "q" : "665.0",
      "p" : "0.2511",
      "s" : "sell",
      "i" : "POL_USDT",
      "m" : "4611686018427702878"
    }, {
      "d" : "1756447005523139928",
      "t" : 1756447005523,
      "tn" : 1756447005523139928,
      "q" : "5.0",
      "p" : "0.2511",
      "s" : "buy",
      "i" : "POL_USDT",
      "m" : "4611686018427702877"
    }, {
      "d" : "1756446995499856422",
      "t" : 1756446995499,
      "tn" : 1756446995499856422,
      "q" : "665.0",
      "p" : "0.2514",
      "s" : "sell",
      "i" : "POL_USDT",
      "m" : "4611686018427702876"
    }, {
      "d" : "1756446995497303580",
      "t" : 1756446995497,
      "tn" : 1756446995497303580,
      "q" : "5.0",
      "p" : "0.2511",
      "s" : "buy",
      "i" : "POL_USDT",
      "m" : "4611686018427702875"
    }, {
      "d" : "1756446784111952030",
      "t" : 1756446784111,
      "tn" : 1756446784111952030,
      "q" : "330.0",
      "p" : "0.2516",
      "s" : "sell",
      "i" : "POL_USDT",
      "m" : "4611686018427702874"
    }, {
      "d" : "1756446784107336821",
      "t" : 1756446784107,
      "tn" : 1756446784107336821,
      "q" : "5.0",
      "p" : "0.2516",
      "s" : "buy",
      "i" : "POL_USDT",
      "m" : "4611686018427702873"
    }, {
      "d" : "1756446776994907825",
      "t" : 1756446776994,
      "tn" : 1756446776994907825,
      "q" : "330.0",
      "p" : "0.2517",
      "s" : "sell",
      "i" : "POL_USDT",
      "m" : "4611686018427702872"
    }, {
      "d" : "1756446776982746008",
      "t" : 1756446776982,
      "tn" : 1756446776982746008,
      "q" : "5.0",
      "p" : "0.2517",
      "s" : "buy",
      "i" : "POL_USDT",
      "m" : "4611686018427702871"
    }, {
      "d" : "1756446770508128477",
      "t" : 1756446770508,
      "tn" : 1756446770508128477,
      "q" : "335.0",
      "p" : "0.2517",
      "s" : "sell",
      "i" : "POL_USDT",
      "m" : "4611686018427702870"
    }, {
      "d" : "1756446733520484880",
      "t" : 1756446733520,
      "tn" : 1756446733520484880,
      "q" : "5.0",
      "p" : "0.2517",
      "s" : "buy",
      "i" : "POL_USDT",
      "m" : "4611686018427702869"
    }, {
      "d" : "1756446732174234923",
      "t" : 1756446732174,
      "tn" : 1756446732174234923,
      "q" : "5.0",
      "p" : "0.2517",
      "s" : "buy",
      "i" : "POL_USDT",
      "m" : "4611686018427702868"
    }, {
      "d" : "1756446714952883454",
      "t" : 1756446714952,
      "tn" : 1756446714952883454,
      "q" : "330.0",
      "p" : "0.2516",
      "s" : "sell",
      "i" : "POL_USDT",
      "m" : "4611686018427702867"
    }, {
      "d" : "1756446714945963006",
      "t" : 1756446714945,
      "tn" : 1756446714945963006,
      "q" : "5.0",
      "p" : "0.2516",
      "s" : "buy",
      "i" : "POL_USDT",
      "m" : "4611686018427702866"
    }, {
      "d" : "1756446710143871772",
      "t" : 1756446710143,
      "tn" : 1756446710143871772,
      "q" : "5.0",
      "p" : "0.2516",
      "s" : "buy",
      "i" : "POL_USDT",
      "m" : "4611686018427702865"
    }, {
      "d" : "1756446708458960541",
      "t" : 1756446708458,
      "tn" : 1756446708458960541,
      "q" : "5.0",
      "p" : "0.2516",
      "s" : "buy",
      "i" : "POL_USDT",
      "m" : "4611686018427702864"
    }, {
      "d" : "1756446704952425771",
      "t" : 1756446704952,
      "tn" : 1756446704952425771,
      "q" : "330.0",
      "p" : "0.2516",
      "s" : "sell",
      "i" : "POL_USDT",
      "m" : "4611686018427702863"
    }, {
      "d" : "1756446704819474742",
      "t" : 1756446704819,
      "tn" : 1756446704819474742,
      "q" : "5.0",
      "p" : "0.2516",
      "s" : "buy",
      "i" : "POL_USDT",
      "m" : "4611686018427702862"
    }, {
      "d" : "1756446703702934193",
      "t" : 1756446703702,
      "tn" : 1756446703702934193,
      "q" : "5.0",
      "p" : "0.2517",
      "s" : "buy",
      "i" : "POL_USDT",
      "m" : "4611686018427702861"
    }, {
      "d" : "1756446696481862444",
      "t" : 1756446696481,
      "tn" : 1756446696481862444,
      "q" : "5.0",
      "p" : "0.2517",
      "s" : "buy",
      "i" : "POL_USDT",
      "m" : "4611686018427702860"
    }, {
      "d" : "1756446693576773048",
      "t" : 1756446693576,
      "tn" : 1756446693576773048,
      "q" : "330.0",
      "p" : "0.2517",
      "s" : "sell",
      "i" : "POL_USDT",
      "m" : "4611686018427702859"
    }, {
      "d" : "1756446693572338058",
      "t" : 1756446693572,
      "tn" : 1756446693572338058,
      "q" : "5.0",
      "p" : "0.2517",
      "s" : "buy",
      "i" : "POL_USDT",
      "m" : "4611686018427702858"
    }, {
      "d" : "1756446044026859152",
      "t" : 1756446044026,
      "tn" : 1756446044026859152,
      "q" : "5.0",
      "p" : "0.2517",
      "s" : "buy",
      "i" : "POL_USDT",
      "m" : "4611686018427702857"
    }, {
      "d" : "1756446033550044845",
      "t" : 1756446033550,
      "tn" : 1756446033550044845,
      "q" : "5.0",
      "p" : "0.2518",
      "s" : "buy",
      "i" : "POL_USDT",
      "m" : "4611686018427702856"
    }, {
      "d" : "1756445701650778915",
      "t" : 1756445701650,
      "tn" : 1756445701650778915,
      "q" : "379.1",
      "p" : "0.2519",
      "s" : "sell",
      "i" : "POL_USDT",
      "m" : "4611686018427702855"
    }, {
      "d" : "1756445207571887127",
      "t" : 1756445207571,
      "tn" : 1756445207571887127,
      "q" : "5.0",
      "p" : "0.2531",
      "s" : "buy",
      "i" : "POL_USDT",
      "m" : "4611686018427702854"
    }, {
      "d" : "1756445066923748047",
      "t" : 1756445066923,
      "tn" : 1756445066923748047,
      "q" : "5.0",
      "p" : "0.2536",
      "s" : "buy",
      "i" : "POL_USDT",
      "m" : "4611686018427702853"
    }, {
      "d" : "1756445005231752137",
      "t" : 1756445005231,
      "tn" : 1756445005231752137,
      "q" : "5.0",
      "p" : "0.2537",
      "s" : "buy",
      "i" : "POL_USDT",
      "m" : "4611686018427702852"
    }, {
      "d" : "1756444853929805025",
      "t" : 1756444853929,
      "tn" : 1756444853929805025,
      "q" : "5.0",
      "p" : "0.2536",
      "s" : "buy",
      "i" : "POL_USDT",
      "m" : "4611686018427702851"
    }, {
      "d" : "1756444680310003086",
      "t" : 1756444680310,
      "tn" : 1756444680310003086,
      "q" : "1692.4",
      "p" : "0.2537",
      "s" : "buy",
      "i" : "POL_USDT",
      "m" : "4611686018427702850"
    }, {
      "d" : "1756444203989068045",
      "t" : 1756444203989,
      "tn" : 1756444203989068045,
      "q" : "3372.7",
      "p" : "0.2546",
      "s" : "sell",
      "i" : "POL_USDT",
      "m" : "4611686018427702849"
    }, {
      "d" : "1756444203979324627",
      "t" : 1756444203979,
      "tn" : 1756444203979324627,
      "q" : "46.7",
      "p" : "0.2546",
      "s" : "sell",
      "i" : "POL_USDT",
      "m" : "4611686018427702848"
    }, {
      "d" : "1756443821871654265",
      "t" : 1756443821871,
      "tn" : 1756443821871654265,
      "q" : "3006.1",
      "p" : "0.2555",
      "s" : "sell",
      "i" : "POL_USDT",
      "m" : "4611686018427702847"
    }, {
      "d" : "1756443573131501289",
      "t" : 1756443573131,
      "tn" : 1756443573131501289,
      "q" : "5.0",
      "p" : "0.2554",
      "s" : "buy",
      "i" : "POL_USDT",
      "m" : "4611686018427702846"
    }, {
      "d" : "1756443450049712583",
      "t" : 1756443450049,
      "tn" : 1756443450049712583,
      "q" : "5.0",
      "p" : "0.2554",
      "s" : "buy",
      "i" : "POL_USDT",
      "m" : "4611686018427702845"
    }, {
      "d" : "1756443237143007345",
      "t" : 1756443237143,
      "tn" : 1756443237143007345,
      "q" : "5.0",
      "p" : "0.2568",
      "s" : "buy",
      "i" : "POL_USDT",
      "m" : "4611686018427702844"
    }, {
      "d" : "1756442729190750769",
      "t" : 1756442729190,
      "tn" : 1756442729190750769,
      "q" : "5.0",
      "p" : "0.2584",
      "s" : "buy",
      "i" : "POL_USDT",
      "m" : "4611686018427702843"
    }, {
      "d" : "1756442717755961800",
      "t" : 1756442717755,
      "tn" : 1756442717755961800,
      "q" : "896.2",
      "p" : "0.2586",
      "s" : "sell",
      "i" : "POL_USDT",
      "m" : "4611686018427702842"
    }, {
      "d" : "1756442717751049162",
      "t" : 1756442717751,
      "tn" : 1756442717751049162,
      "q" : "1946.5",
      "p" : "0.2586",
      "s" : "sell",
      "i" : "POL_USDT",
      "m" : "4611686018427702841"
    }, {
      "d" : "1756442690437751652",
      "t" : 1756442690437,
      "tn" : 1756442690437751652,
      "q" : "5.0",
      "p" : "0.2588",
      "s" : "buy",
      "i" : "POL_USDT",
      "m" : "4611686018427702840"
    }, {
      "d" : "1756442606343947715",
      "t" : 1756442606343,
      "tn" : 1756442606343947715,
      "q" : "5.0",
      "p" : "0.2589",
      "s" : "buy",
      "i" : "POL_USDT",
      "m" : "4611686018427702839"
    }, {
      "d" : "1756442606303826320",
      "t" : 1756442606303,
      "tn" : 1756442606303826320,
      "q" : "5.0",
      "p" : "0.2589",
      "s" : "buy",
      "i" : "POL_USDT",
      "m" : "4611686018427702838"
    }, {
      "d" : "1756442606288756628",
      "t" : 1756442606288,
      "tn" : 1756442606288756628,
      "q" : "5.0",
      "p" : "0.2589",
      "s" : "buy",
      "i" : "POL_USDT",
      "m" : "4611686018427702837"
    }, {
      "d" : "1756442606272120330",
      "t" : 1756442606272,
      "tn" : 1756442606272120330,
      "q" : "5.0",
      "p" : "0.2589",
      "s" : "buy",
      "i" : "POL_USDT",
      "m" : "4611686018427702836"
    }, {
      "d" : "1756442606268735026",
      "t" : 1756442606268,
      "tn" : 1756442606268735026,
      "q" : "5.0",
      "p" : "0.2589",
      "s" : "buy",
      "i" : "POL_USDT",
      "m" : "4611686018427702835"
    }, {
      "d" : "1756442606258756436",
      "t" : 1756442606258,
      "tn" : 1756442606258756436,
      "q" : "5.0",
      "p" : "0.2589",
      "s" : "buy",
      "i" : "POL_USDT",
      "m" : "4611686018427702834"
    }, {
      "d" : "1756442606252167809",
      "t" : 1756442606252,
      "tn" : 1756442606252167809,
      "q" : "5.0",
      "p" : "0.2589",
      "s" : "buy",
      "i" : "POL_USDT",
      "m" : "4611686018427702833"
    }, {
      "d" : "1756442606227062038",
      "t" : 1756442606227,
      "tn" : 1756442606227062038,
      "q" : "5.0",
      "p" : "0.2589",
      "s" : "buy",
      "i" : "POL_USDT",
      "m" : "4611686018427702832"
    }, {
      "d" : "1756442606217072406",
      "t" : 1756442606217,
      "tn" : 1756442606217072406,
      "q" : "772.6",
      "p" : "0.2591",
      "s" : "buy",
      "i" : "POL_USDT",
      "m" : "4611686018427702831"
    }, {
      "d" : "1756442606217071053",
      "t" : 1756442606217,
      "tn" : 1756442606217071053,
      "q" : "5.0",
      "p" : "0.2589",
      "s" : "buy",
      "i" : "POL_USDT",
      "m" : "4611686018427702830"
    }, {
      "d" : "1756442606213685500",
      "t" : 1756442606213,
      "tn" : 1756442606213685500,
      "q" : "5.0",
      "p" : "0.2588",
      "s" : "buy",
      "i" : "POL_USDT",
      "m" : "4611686018427702829"
    }, {
      "d" : "1756442606207036186",
      "t" : 1756442606207,
      "tn" : 1756442606207036186,
      "q" : "5.0",
      "p" : "0.2588",
      "s" : "buy",
      "i" : "POL_USDT",
      "m" : "4611686018427702828"
    }, {
      "d" : "1756442606203661428",
      "t" : 1756442606203,
      "tn" : 1756442606203661428,
      "q" : "5.0",
      "p" : "0.2588",
      "s" : "buy",
      "i" : "POL_USDT",
      "m" : "4611686018427702827"
    }, {
      "d" : "1756442606192031531",
      "t" : 1756442606192,
      "tn" : 1756442606192031531,
      "q" : "5.0",
      "p" : "0.2588",
      "s" : "buy",
      "i" : "POL_USDT",
      "m" : "4611686018427702826"
    }, {
      "d" : "1756442606188674566",
      "t" : 1756442606188,
      "tn" : 1756442606188674566,
      "q" : "5.0",
      "p" : "0.2588",
      "s" : "buy",
      "i" : "POL_USDT",
      "m" : "4611686018427702825"
    }, {
      "d" : "1756442606180000708",
      "t" : 1756442606180,
      "tn" : 1756442606180000707,
      "q" : "108.6",
      "p" : "0.2593",
      "s" : "sell",
      "i" : "POL_USDT",
      "m" : "4611686018427702824"
    }, {
      "d" : "1756442606180000707",
      "t" : 1756442606180,
      "tn" : 1756442606180000707,
      "q" : "895.1",
      "p" : "0.2593",
      "s" : "sell",
      "i" : "POL_USDT",
      "m" : "4611686018427702824"
    }, {
      "d" : "1756442606173110514",
      "t" : 1756442606173,
      "tn" : 1756442606173110514,
      "q" : "109.0",
      "p" : "0.2593",
      "s" : "buy",
      "i" : "POL_USDT",
      "m" : "4611686018427702823"
    }, {
      "d" : "1756442606172786455",
      "t" : 1756442606172,
      "tn" : 1756442606172786455,
      "q" : "518.3",
      "p" : "0.2593",
      "s" : "buy",
      "i" : "POL_USDT",
      "m" : "4611686018427702822"
    }, {
      "d" : "1756442606172784655",
      "t" : 1756442606172,
      "tn" : 1756442606172784655,
      "q" : "371.8",
      "p" : "0.2592",
      "s" : "buy",
      "i" : "POL_USDT",
      "m" : "4611686018427702821"
    }, {
      "d" : "1756442606172781870",
      "t" : 1756442606172,
      "tn" : 1756442606172781870,
      "q" : "5.0",
      "p" : "0.2588",
      "s" : "buy",
      "i" : "POL_USDT",
      "m" : "4611686018427702820"
    }, {
      "d" : "1756441985804175400",
      "t" : 1756441985804,
      "tn" : 1756441985804175400,
      "q" : "5.0",
      "p" : "0.2614",
      "s" : "sell",
      "i" : "POL_USDT",
      "m" : "4611686018427702819"
    }, {
      "d" : "1756441985802724301",
      "t" : 1756441985802,
      "tn" : 1756441985802724301,
      "q" : "127.5",
      "p" : "0.2615",
      "s" : "sell",
      "i" : "POL_USDT",
      "m" : "4611686018427702818"
    }, {
      "d" : "1756441985802304703",
      "t" : 1756441985802,
      "tn" : 1756441985802304703,
      "q" : "318.1",
      "p" : "0.2615",
      "s" : "sell",
      "i" : "POL_USDT",
      "m" : "4611686018427702817"
    }, {
      "d" : "1756441985799093470",
      "t" : 1756441985799,
      "tn" : 1756441985799093470,
      "q" : "5.0",
      "p" : "0.2619",
      "s" : "sell",
      "i" : "POL_USDT",
      "m" : "4611686018427702816"
    }, {
      "d" : "1756441964186962700",
      "t" : 1756441964186,
      "tn" : 1756441964186962700,
      "q" : "5.0",
      "p" : "0.2615",
      "s" : "sell",
      "i" : "POL_USDT",
      "m" : "4611686018427702815"
    }, {
      "d" : "1756441951026806468",
      "t" : 1756441951026,
      "tn" : 1756441951026806468,
      "q" : "5.0",
      "p" : "0.2615",
      "s" : "sell",
      "i" : "POL_USDT",
      "m" : "4611686018427702814"
    }, {
      "d" : "1756441911529822612",
      "t" : 1756441911529,
      "tn" : 1756441911529822612,
      "q" : "5.0",
      "p" : "0.2615",
      "s" : "sell",
      "i" : "POL_USDT",
      "m" : "4611686018427702813"
    }, {
      "d" : "1756441905878010128",
      "t" : 1756441905878,
      "tn" : 1756441905878010128,
      "q" : "5.0",
      "p" : "0.2616",
      "s" : "sell",
      "i" : "POL_USDT",
      "m" : "4611686018427702812"
    }, {
      "d" : "1756441896128814064",
      "t" : 1756441896128,
      "tn" : 1756441896128814064,
      "q" : "5.0",
      "p" : "0.2621",
      "s" : "sell",
      "i" : "POL_USDT",
      "m" : "4611686018427702811"
    }, {
      "d" : "1756441889124847792",
      "t" : 1756441889124,
      "tn" : 1756441889124847792,
      "q" : "5.0",
      "p" : "0.2623",
      "s" : "sell",
      "i" : "POL_USDT",
      "m" : "4611686018427702810"
    }, {
      "d" : "1756441887447768019",
      "t" : 1756441887447,
      "tn" : 1756441887447768019,
      "q" : "5.0",
      "p" : "0.2625",
      "s" : "sell",
      "i" : "POL_USDT",
      "m" : "4611686018427702809"
    }, {
      "d" : "1756441885466854366",
      "t" : 1756441885466,
      "tn" : 1756441885466854366,
      "q" : "5.0",
      "p" : "0.2627",
      "s" : "sell",
      "i" : "POL_USDT",
      "m" : "4611686018427702808"
    }, {
      "d" : "1756441853130896223",
      "t" : 1756441853130,
      "tn" : 1756441853130896223,
      "q" : "5.0",
      "p" : "0.2621",
      "s" : "sell",
      "i" : "POL_USDT",
      "m" : "4611686018427702807"
    }, {
      "d" : "1756441822221312034",
      "t" : 1756441822221,
      "tn" : 1756441822221312034,
      "q" : "5.0",
      "p" : "0.2621",
      "s" : "sell",
      "i" : "POL_USDT",
      "m" : "4611686018427702806"
    }, {
      "d" : "1756441821642775131",
      "t" : 1756441821642,
      "tn" : 1756441821642775131,
      "q" : "5.0",
      "p" : "0.2622",
      "s" : "sell",
      "i" : "POL_USDT",
      "m" : "4611686018427702805"
    }, {
      "d" : "1756441817821853076",
      "t" : 1756441817821,
      "tn" : 1756441817821853076,
      "q" : "5.0",
      "p" : "0.2620",
      "s" : "buy",
      "i" : "POL_USDT",
      "m" : "4611686018427702804"
    }, {
      "d" : "1756441808493173372",
      "t" : 1756441808493,
      "tn" : 1756441808493173372,
      "q" : "5.0",
      "p" : "0.2620",
      "s" : "sell",
      "i" : "POL_USDT",
      "m" : "4611686018427702803"
    }, {
      "d" : "1756441799591709219",
      "t" : 1756441799591,
      "tn" : 1756441799591709219,
      "q" : "5.0",
      "p" : "0.2619",
      "s" : "sell",
      "i" : "POL_USDT",
      "m" : "4611686018427702802"
    }, {
      "d" : "1756441780945006994",
      "t" : 1756441780945,
      "tn" : 1756441780945006994,
      "q" : "5.0",
      "p" : "0.2612",
      "s" : "sell",
      "i" : "POL_USDT",
      "m" : "4611686018427702801"
    }, {
      "d" : "1756441772609512578",
      "t" : 1756441772609,
      "tn" : 1756441772609512578,
      "q" : "5.0",
      "p" : "0.2613",
      "s" : "sell",
      "i" : "POL_USDT",
      "m" : "4611686018427702800"
    }, {
      "d" : "1756441763015776676",
      "t" : 1756441763015,
      "tn" : 1756441763015776676,
      "q" : "5.0",
      "p" : "0.2613",
      "s" : "sell",
      "i" : "POL_USDT",
      "m" : "4611686018427702799"
    }, {
      "d" : "1756441755769933796",
      "t" : 1756441755769,
      "tn" : 1756441755769933796,
      "q" : "5.0",
      "p" : "0.2614",
      "s" : "sell",
      "i" : "POL_USDT",
      "m" : "4611686018427702798"
    }, {
      "d" : "1756441749470229277",
      "t" : 1756441749470,
      "tn" : 1756441749470229277,
      "q" : "5.0",
      "p" : "0.2615",
      "s" : "sell",
      "i" : "POL_USDT",
      "m" : "4611686018427702797"
    }, {
      "d" : "1756441747453737678",
      "t" : 1756441747453,
      "tn" : 1756441747453737678,
      "q" : "5.0",
      "p" : "0.2614",
      "s" : "sell",
      "i" : "POL_USDT",
      "m" : "4611686018427702796"
    }, {
      "d" : "1756441717069742874",
      "t" : 1756441717069,
      "tn" : 1756441717069742874,
      "q" : "5.0",
      "p" : "0.2612",
      "s" : "sell",
      "i" : "POL_USDT",
      "m" : "4611686018427702795"
    }, {
      "d" : "1756441671160750081",
      "t" : 1756441671160,
      "tn" : 1756441671160750081,
      "q" : "5.0",
      "p" : "0.2609",
      "s" : "sell",
      "i" : "POL_USDT",
      "m" : "4611686018427702794"
    }, {
      "d" : "1756441638171845264",
      "t" : 1756441638171,
      "tn" : 1756441638171845264,
      "q" : "5.0",
      "p" : "0.2609",
      "s" : "sell",
      "i" : "POL_USDT",
      "m" : "4611686018427702793"
    }, {
      "d" : "1756441633870847015",
      "t" : 1756441633870,
      "tn" : 1756441633870847015,
      "q" : "5.0",
      "p" : "0.2609",
      "s" : "sell",
      "i" : "POL_USDT",
      "m" : "4611686018427702792"
    }, {
      "d" : "1756441624416933883",
      "t" : 1756441624416,
      "tn" : 1756441624416933883,
      "q" : "5.0",
      "p" : "0.2609",
      "s" : "sell",
      "i" : "POL_USDT",
      "m" : "4611686018427702791"
    }, {
      "d" : "1756441615921248971",
      "t" : 1756441615921,
      "tn" : 1756441615921248971,
      "q" : "5.0",
      "p" : "0.2610",
      "s" : "sell",
      "i" : "POL_USDT",
      "m" : "4611686018427702790"
    }, {
      "d" : "1756441567870937724",
      "t" : 1756441567870,
      "tn" : 1756441567870937724,
      "q" : "5.0",
      "p" : "0.2606",
      "s" : "sell",
      "i" : "POL_USDT",
      "m" : "4611686018427702789"
    }, {
      "d" : "1756441561470172448",
      "t" : 1756441561470,
      "tn" : 1756441561470172448,
      "q" : "5.0",
      "p" : "0.2606",
      "s" : "sell",
      "i" : "POL_USDT",
      "m" : "4611686018427702788"
    }, {
      "d" : "1756441553869927178",
      "t" : 1756441553869,
      "tn" : 1756441553869927178,
      "q" : "5.0",
      "p" : "0.2606",
      "s" : "sell",
      "i" : "POL_USDT",
      "m" : "4611686018427702787"
    }, {
      "d" : "1756441543601870853",
      "t" : 1756441543601,
      "tn" : 1756441543601870853,
      "q" : "5.0",
      "p" : "0.2605",
      "s" : "sell",
      "i" : "POL_USDT",
      "m" : "4611686018427702786"
    }, {
      "d" : "1756441532523967074",
      "t" : 1756441532523,
      "tn" : 1756441532523967074,
      "q" : "5.0",
      "p" : "0.2607",
      "s" : "sell",
      "i" : "POL_USDT",
      "m" : "4611686018427702785"
    }, {
      "d" : "1756441526670713568",
      "t" : 1756441526670,
      "tn" : 1756441526670713568,
      "q" : "5.0",
      "p" : "0.2608",
      "s" : "sell",
      "i" : "POL_USDT",
      "m" : "4611686018427702784"
    }, {
      "d" : "1756441521573006195",
      "t" : 1756441521573,
      "tn" : 1756441521573006195,
      "q" : "5.0",
      "p" : "0.2609",
      "s" : "sell",
      "i" : "POL_USDT",
      "m" : "4611686018427702783"
    }, {
      "d" : "1756441520370782831",
      "t" : 1756441520370,
      "tn" : 1756441520370782831,
      "q" : "5.0",
      "p" : "0.2610",
      "s" : "sell",
      "i" : "POL_USDT",
      "m" : "4611686018427702782"
    }, {
      "d" : "1756441513747786616",
      "t" : 1756441513747,
      "tn" : 1756441513747786616,
      "q" : "5.0",
      "p" : "0.2611",
      "s" : "sell",
      "i" : "POL_USDT",
      "m" : "4611686018427702781"
    }, {
      "d" : "1756441511941716340",
      "t" : 1756441511941,
      "tn" : 1756441511941716340,
      "q" : "5.0",
      "p" : "0.2612",
      "s" : "sell",
      "i" : "POL_USDT",
      "m" : "4611686018427702780"
    }, {
      "d" : "1756441505480824082",
      "t" : 1756441505480,
      "tn" : 1756441505480824082,
      "q" : "5.0",
      "p" : "0.2612",
      "s" : "sell",
      "i" : "POL_USDT",
      "m" : "4611686018427702779"
    }, {
      "d" : "1756441501622857931",
      "t" : 1756441501622,
      "tn" : 1756441501622857931,
      "q" : "5.0",
      "p" : "0.2612",
      "s" : "sell",
      "i" : "POL_USDT",
      "m" : "4611686018427702778"
    }, {
      "d" : "1756441477448148879",
      "t" : 1756441477448,
      "tn" : 1756441477448148879,
      "q" : "5.0",
      "p" : "0.2612",
      "s" : "sell",
      "i" : "POL_USDT",
      "m" : "4611686018427702777"
    }, {
      "d" : "1756441439299954225",
      "t" : 1756441439299,
      "tn" : 1756441439299954225,
      "q" : "5.0",
      "p" : "0.2606",
      "s" : "sell",
      "i" : "POL_USDT",
      "m" : "4611686018427702776"
    }, {
      "d" : "1756441435536809163",
      "t" : 1756441435536,
      "tn" : 1756441435536809163,
      "q" : "5.0",
      "p" : "0.2607",
      "s" : "sell",
      "i" : "POL_USDT",
      "m" : "4611686018427702775"
    }, {
      "d" : "1756441405344699377",
      "t" : 1756441405344,
      "tn" : 1756441405344699377,
      "q" : "5.0",
      "p" : "0.2604",
      "s" : "sell",
      "i" : "POL_USDT",
      "m" : "4611686018427702774"
    }, {
      "d" : "1756441398001114443",
      "t" : 1756441398001,
      "tn" : 1756441398001114443,
      "q" : "5.0",
      "p" : "0.2608",
      "s" : "sell",
      "i" : "POL_USDT",
      "m" : "4611686018427702773"
    }, {
      "d" : "1756441395796809253",
      "t" : 1756441395796,
      "tn" : 1756441395796809253,
      "q" : "5.0",
      "p" : "0.2610",
      "s" : "sell",
      "i" : "POL_USDT",
      "m" : "4611686018427702772"
    }, {
      "d" : "1756441384264944298",
      "t" : 1756441384264,
      "tn" : 1756441384264944298,
      "q" : "5.0",
      "p" : "0.2612",
      "s" : "sell",
      "i" : "POL_USDT",
      "m" : "4611686018427702771"
    }, {
      "d" : "1756441375378916881",
      "t" : 1756441375378,
      "tn" : 1756441375378916881,
      "q" : "5.0",
      "p" : "0.2614",
      "s" : "sell",
      "i" : "POL_USDT",
      "m" : "4611686018427702770"
    }, {
      "d" : "1756441375262968610",
      "t" : 1756441375262,
      "tn" : 1756441375262968610,
      "q" : "5.0",
      "p" : "0.2615",
      "s" : "sell",
      "i" : "POL_USDT",
      "m" : "4611686018427702769"
    }, {
      "d" : "1756441373720839336",
      "t" : 1756441373720,
      "tn" : 1756441373720839336,
      "q" : "5.0",
      "p" : "0.2615",
      "s" : "sell",
      "i" : "POL_USDT",
      "m" : "4611686018427702768"
    }, {
      "d" : "1756441327687977652",
      "t" : 1756441327687,
      "tn" : 1756441327687977652,
      "q" : "5.0",
      "p" : "0.2605",
      "s" : "sell",
      "i" : "POL_USDT",
      "m" : "4611686018427702767"
    }, {
      "d" : "1756441290951819679",
      "t" : 1756441290951,
      "tn" : 1756441290951819679,
      "q" : "5.0",
      "p" : "0.2608",
      "s" : "sell",
      "i" : "POL_USDT",
      "m" : "4611686018427702766"
    }, {
      "d" : "1756441263218804087",
      "t" : 1756441263218,
      "tn" : 1756441263218804087,
      "q" : "5.0",
      "p" : "0.2607",
      "s" : "sell",
      "i" : "POL_USDT",
      "m" : "4611686018427702765"
    }, {
      "d" : "1756441251148961402",
      "t" : 1756441251148,
      "tn" : 1756441251148961402,
      "q" : "5.0",
      "p" : "0.2608",
      "s" : "sell",
      "i" : "POL_USDT",
      "m" : "4611686018427702764"
    }, {
      "d" : "1756441244667989518",
      "t" : 1756441244667,
      "tn" : 1756441244667989518,
      "q" : "5.0",
      "p" : "0.2610",
      "s" : "sell",
      "i" : "POL_USDT",
      "m" : "4611686018427702763"
    }, {
      "d" : "1756441221630184668",
      "t" : 1756441221630,
      "tn" : 1756441221630184668,
      "q" : "5.0",
      "p" : "0.2612",
      "s" : "sell",
      "i" : "POL_USDT",
      "m" : "4611686018427702762"
    }, {
      "d" : "1756441221568987898",
      "t" : 1756441221568,
      "tn" : 1756441221568987898,
      "q" : "5.0",
      "p" : "0.2613",
      "s" : "sell",
      "i" : "POL_USDT",
      "m" : "4611686018427702761"
    }, {
      "d" : "1756441217856918247",
      "t" : 1756441217856,
      "tn" : 1756441217856918247,
      "q" : "5.0",
      "p" : "0.2613",
      "s" : "sell",
      "i" : "POL_USDT",
      "m" : "4611686018427702760"
    } ]
  }
}