{
  "id" : -1,
  "method" : "public/get-trades",
  "code" : 0,
  "result" : {
    "data" : [ {
      "d" : "1756462000425261529",
      "t" : 1756462000425,
      "tn" : 1756462000425261529,
      "q" : "5180",
      "p" : "0.24555",
      "s" : "sell",
      "i" : "POLUSD-PERP",
      "m" : "4611686018427821761"
    }, {
      "d" : "1756462000425260031",
      "t" : 1756462000425,
      "tn" : 1756462000425260031,
      "q" : "10",
      "p" : "0.24558",
      "s" : "sell",
      "i" : "POLUSD-PERP",
      "m" : "4611686018427821760"
    }, {
      "d" : "1756461532647507597",
      "t" : 1756461532647,
      "tn" : 1756461532647507597,
      "q" : "2300",
      "p" : "0.24434",
      "s" : "sell",
      "i" : "POLUSD-PERP",
      "m" : "4611686018427821759"
    }, {
      "d" : "1756461532647504719",
      "t" : 1756461532647,
      "tn" : 1756461532647504719,
      "q" : "1450",
      "p" : "0.24434",
      "s" : "sell",
      "i" : "POLUSD-PERP",
      "m" : "4611686018427821758"
    }, {
      "d" : "1756461532647502992",
      "t" : 1756461532647,
      "tn" : 1756461532647502992,
      "q" : "10",
      "p" : "0.24437",
      "s" : "sell",
      "i" : "POLUSD-PERP",
      "m" : "4611686018427821757"
    }, {
      "d" : "1756461231461524383",
      "t" : 1756461231461,
      "tn" : 1756461231461524383,
      "q" : "10",
      "p" : "0.24468",
      "s" : "sell",
      "i" : "POLUSD-PERP",
      "m" : "4611686018427821756"
    }, {
      "d" : "1756457867717355272",
      "t" : 1756457867717,
      "tn" : 1756457867717355272,
      "q" : "100",
      "p" : "0.24299",
      "s" : "sell",
      "i" : "POLUSD-PERP",
      "m" : "4611686018427821755"
    }, {
      "d" : "1756456886094380524",
      "t" : 1756456886094,
      "tn" : 1756456886094380524,
      "q" : "740",
      "p" : "0.24522",
      "s" : "sell",
      "i" : "POLUSD-PERP",
      "m" : "4611686018427821754"
    }, {
      "d" : "1756456886094312535",
      "t" : 1756456886094,
      "tn" : 1756456886094312535,
      "q" : "1150",
      "p" : "0.24522",
      "s" : "sell",
      "i" : "POLUSD-PERP",
      "m" : "4611686018427821753"
    }, {
      "d" : "1756456886093767105",
      "t" : 1756456886093,
      "tn" : 1756456886093767105,
      "q" : "2290",
      "p" : "0.24522",
      "s" : "sell",
      "i" : "POLUSD-PERP",
      "m" : "4611686018427821752"
    }, {
      "d" : "1756456886093764809",
      "t" : 1756456886093,
      "tn" : 1756456886093764809,
      "q" : "10",
      "p" : "0.24528",
      "s" : "sell",
      "i" : "POLUSD-PERP",
      "m" : "4611686018427821751"
    }, {
      "d" : "1756456560619941164",
      "t" : 1756456560619,
      "tn" : 1756456560619941164,
      "q" : "1150",
      "p" : "0.24416",
      "s" : "sell",
      "i" : "POLUSD-PERP",
      "m" : "4611686018427821750"
    }, {
      "d" : "1756456560619413172",
      "t" : 1756456560619,
      "tn" : 1756456560619413172,
      "q" : "3470",
      "p" : "0.24416",
      "s" : "sell",
      "i" : "POLUSD-PERP",
      "m" : "4611686018427821749"
    }, {
      "d" : "1756456560619411584",
      "t" : 1756456560619,
      "tn" : 1756456560619411584,
      "q" : "1120",
      "p" : "0.24417",
      "s" : "sell",
      "i" : "POLUSD-PERP",
      "m" : "4611686018427821748"
    }, {
      "d" : "1756456560619409406",
      "t" : 1756456560619,
      "tn" : 1756456560619409406,
      "q" : "10",
      "p" : "0.24419",
      "s" : "sell",
      "i" : "POLUSD-PERP",
      "m" : "4611686018427821747"
    }, {
      "d" : "1756456504724274341",
      "t" : 1756456504724,
      "tn" : 1756456504724274341,
      "q" : "450",
      "p" : "0.24475",
      "s" : "sell",
      "i" : "POLUSD-PERP",
      "m" : "4611686018427821746"
    }, {
      "d" : "1756456504724271969",
      "t" : 1756456504724,
      "tn" : 1756456504724271969,
      "q" : "10",
      "p" : "0.24478",
      "s" : "sell",
      "i" : "POLUSD-PERP",
      "m" : "4611686018427821745"
    }, {
      "d" : "1756456284480731149",
      "t" : 1756456284480,
      "tn" : 1756456284480731149,
      "q" : "10",
      "p" : "0.24488",
      "s" : "sell",
      "i" : "POLUSD-PERP",
      "m" : "4611686018427821744"
    }, {
      "d" : "1756456230831849343",
      "t" : 1756456230831,
      "tn" : 1756456230831849343,
      "q" : "10",
      "p" : "0.24532",
      "s" : "sell",
      "i" : "POLUSD-PERP",
      "m" : "4611686018427821743"
    }, {
      "d" : "1756456206172890364",
      "t" : 1756456206172,
      "tn" : 1756456206172890364,
      "q" : "10",
      "p" : "0.24524",
      "s" : "sell",
      "i" : "POLUSD-PERP",
      "m" : "4611686018427821742"
    }, {
      "d" : "1756456119139373365",
      "t" : 1756456119139,
      "tn" : 1756456119139373365,
      "q" : "10",
      "p" : "0.24497",
      "s" : "sell",
      "i" : "POLUSD-PERP",
      "m" : "4611686018427821741"
    }, {
      "d" : "1756456099596526939",
      "t" : 1756456099596,
      "tn" : 1756456099596526939,
      "q" : "10",
      "p" : "0.24499",
      "s" : "sell",
      "i" : "POLUSD-PERP",
      "m" : "4611686018427821740"
    }, {
      "d" : "1756456089581436281",
      "t" : 1756456089581,
      "tn" : 1756456089581436281,
      "q" : "10",
      "p" : "0.24490",
      "s" : "sell",
      "i" : "POLUSD-PERP",
      "m" : "4611686018427821739"
    }, {
      "d" : "1756456027291494214",
      "t" : 1756456027291,
      "tn" : 1756456027291494214,
      "q" : "10",
      "p" : "0.24505",
      "s" : "sell",
      "i" : "POLUSD-PERP",
      "m" : "4611686018427821738"
    }, {
      "d" : "1756456005464661887",
      "t" : 1756456005464,
      "tn" : 1756456005464661887,
      "q" : "10",
      "p" : "0.24522",
      "s" : "sell",
      "i" : "POLUSD-PERP",
      "m" : "4611686018427821737"
    }, {
      "d" : "1756455941563832724",
      "t" : 1756455941563,
      "tn" : 1756455941563832724,
      "q" : "540",
      "p" : "0.24454",
      "s" : "buy",
      "i" : "POLUSD-PERP",
      "m" : "4611686018427821736"
    }, {
      "d" : "1756455941563679061",
      "t" : 1756455941563,
      "tn" : 1756455941563679061,
      "q" : "1620",
      "p" : "0.24454",
      "s" : "buy",
      "i" : "POLUSD-PERP",
      "m" : "4611686018427821735"
    }, {
      "d" : "1756455941563662976",
      "t" : 1756455941563,
      "tn" : 1756455941563662976,
      "q" : "1150",
      "p" : "0.24454",
      "s" : "buy",
      "i" : "POLUSD-PERP",
      "m" : "4611686018427821734"
    }, {
      "d" : "1756455941563241115",
      "t" : 1756455941563,
      "tn" : 1756455941563241115,
      "q" : "1270",
      "p" : "0.24454",
      "s" : "buy",
      "i" : "POLUSD-PERP",
      "m" : "4611686018427821733"
    }, {
      "d" : "1756455941563239913",
      "t" : 1756455941563,
      "tn" : 1756455941563239913,
      "q" : "1590",
      "p" : "0.24453",
      "s" : "buy",
      "i" : "POLUSD-PERP",
      "m" : "4611686018427821732"
    }, {
      "d" : "1756455941563237284",
      "t" : 1756455941563,
      "tn" : 1756455941563237284,
      "q" : "10",
      "p" : "0.24452",
      "s" : "buy",
      "i" : "POLUSD-PERP",
      "m" : "4611686018427821731"
    }, {
      "d" : "1756455941559534888",
      "t" : 1756455941559,
      "tn" : 1756455941559534888,
      "q" : "10",
      "p" : "0.24445",
      "s" : "buy",
      "i" : "POLUSD-PERP",
      "m" : "4611686018427821730"
    }, {
      "d" : "1756455940878115593",
      "t" : 1756455940878,
      "tn" : 1756455940878115593,
      "q" : "10",
      "p" : "0.24452",
      "s" : "buy",
      "i" : "POLUSD-PERP",
      "m" : "4611686018427821729"
    }, {
      "d" : "1756455940875020945",
      "t" : 1756455940875,
      "tn" : 1756455940875020945,
      "q" : "10",
      "p" : "0.24444",
      "s" : "buy",
      "i" : "POLUSD-PERP",
      "m" : "4611686018427821728"
    }, {
      "d" : "1756455791996231625",
      "t" : 1756455791996,
      "tn" : 1756455791996231625,
      "q" : "570",
      "p" : "0.24440",
      "s" : "buy",
      "i" : "POLUSD-PERP",
      "m" : "4611686018427821727"
    }, {
      "d" : "1756455791996228757",
      "t" : 1756455791996,
      "tn" : 1756455791996228757,
      "q" : "10",
      "p" : "0.24428",
      "s" : "buy",
      "i" : "POLUSD-PERP",
      "m" : "4611686018427821726"
    }, {
      "d" : "1756455733849366218",
      "t" : 1756455733849,
      "tn" : 1756455733849366218,
      "q" : "10",
      "p" : "0.24426",
      "s" : "buy",
      "i" : "POLUSD-PERP",
      "m" : "4611686018427821725"
    }, {
      "d" : "1756455628311211455",
      "t" : 1756455628311,
      "tn" : 1756455628311211455,
      "q" : "4150",
      "p" : "0.24392",
      "s" : "sell",
      "i" : "POLUSD-PERP",
      "m" : "4611686018427821724"
    }, {
      "d" : "1756455628310682712",
      "t" : 1756455628310,
      "tn" : 1756455628310682712,
      "q" : "1600",
      "p" : "0.24393",
      "s" : "sell",
      "i" : "POLUSD-PERP",
      "m" : "4611686018427821723"
    }, {
      "d" : "1756455601904325974",
      "t" : 1756455601904,
      "tn" : 1756455601904325974,
      "q" : "10",
      "p" : "0.24461",
      "s" : "sell",
      "i" : "POLUSD-PERP",
      "m" : "4611686018427821722"
    }, {
      "d" : "1756455591212416523",
      "t" : 1756455591212,
      "tn" : 1756455591212416523,
      "q" : "10",
      "p" : "0.24479",
      "s" : "sell",
      "i" : "POLUSD-PERP",
      "m" : "4611686018427821721"
    }, {
      "d" : "1756455546437470762",
      "t" : 1756455546437,
      "tn" : 1756455546437470762,
      "q" : "790",
      "p" : "0.24487",
      "s" : "buy",
      "i" : "POLUSD-PERP",
      "m" : "4611686018427821720"
    }, {
      "d" : "1756455546437468755",
      "t" : 1756455546437,
      "tn" : 1756455546437468755,
      "q" : "10",
      "p" : "0.24477",
      "s" : "buy",
      "i" : "POLUSD-PERP",
      "m" : "4611686018427821719"
    }, {
      "d" : "1756455402524710176",
      "t" : 1756455402524,
      "tn" : 1756455402524710176,
      "q" : "10",
      "p" : "0.24452",
      "s" : "buy",
      "i" : "POLUSD-PERP",
      "m" : "4611686018427821718"
    }, {
      "d" : "1756455402517326940",
      "t" : 1756455402517,
      "tn" : 1756455402517326940,
      "q" : "2300",
      "p" : "0.24452",
      "s" : "buy",
      "i" : "POLUSD-PERP",
      "m" : "4611686018427821717"
    }, {
      "d" : "1756455402517324559",
      "t" : 1756455402517,
      "tn" : 1756455402517324559,
      "q" : "320",
      "p" : "0.24452",
      "s" : "buy",
      "i" : "POLUSD-PERP",
      "m" : "4611686018427821716"
    }, {
      "d" : "1756455402516879291",
      "t" : 1756455402516,
      "tn" : 1756455402516879291,
      "q" : "10",
      "p" : "0.24435",
      "s" : "buy",
      "i" : "POLUSD-PERP",
      "m" : "4611686018427821715"
    }, {
      "d" : "1756455180569668289",
      "t" : 1756455180569,
      "tn" : 1756455180569668289,
      "q" : "10",
      "p" : "0.24382",
      "s" : "sell",
      "i" : "POLUSD-PERP",
      "m" : "4611686018427821714"
    }, {
      "d" : "1756453619804616310",
      "t" : 1756453619804,
      "tn" : 1756453619804616310,
      "q" : "10",
      "p" : "0.24480",
      "s" : "sell",
      "i" : "POLUSD-PERP",
      "m" : "4611686018427821713"
    }, {
      "d" : "1756453124415031684",
      "t" : 1756453124415,
      "tn" : 1756453124415031684,
      "q" : "1370",
      "p" : "0.24480",
      "s" : "sell",
      "i" : "POLUSD-PERP",
      "m" : "4611686018427821712"
    }, {
      "d" : "1756453103216520734",
      "t" : 1756453103216,
      "tn" : 1756453103216520734,
      "q" : "10",
      "p" : "0.24475",
      "s" : "buy",
      "i" : "POLUSD-PERP",
      "m" : "4611686018427821711"
    }, {
      "d" : "1756452408519762019",
      "t" : 1756452408519,
      "tn" : 1756452408519762019,
      "q" : "100",
      "p" : "0.24542",
      "s" : "sell",
      "i" : "POLUSD-PERP",
      "m" : "4611686018427821710"
    }, {
      "d" : "1756452237172399082",
      "t" : 1756452237172,
      "tn" : 1756452237172399082,
      "q" : "10",
      "p" : "0.24640",
      "s" : "sell",
      "i" : "POLUSD-PERP",
      "m" : "4611686018427821709"
    }, {
      "d" : "1756452026979882047",
      "t" : 1756452026979,
      "tn" : 1756452026979882047,
      "q" : "10",
      "p" : "0.24703",
      "s" : "sell",
      "i" : "POLUSD-PERP",
      "m" : "4611686018427821708"
    }, {
      "d" : "1756452021675769395",
      "t" : 1756452021675,
      "tn" : 1756452021675769395,
      "q" : "10",
      "p" : "0.24716",
      "s" : "sell",
      "i" : "POLUSD-PERP",
      "m" : "4611686018427821707"
    }, {
      "d" : "1756452016977963758",
      "t" : 1756452016977,
      "tn" : 1756452016977963758,
      "q" : "10",
      "p" : "0.24708",
      "s" : "sell",
      "i" : "POLUSD-PERP",
      "m" : "4611686018427821706"
    }, {
      "d" : "1756451927226650227",
      "t" : 1756451927226,
      "tn" : 1756451927226650227,
      "q" : "10",
      "p" : "0.24744",
      "s" : "sell",
      "i" : "POLUSD-PERP",
      "m" : "4611686018427821705"
    }, {
      "d" : "1756451856073766532",
      "t" : 1756451856073,
      "tn" : 1756451856073766532,
      "q" : "10",
      "p" : "0.24747",
      "s" : "sell",
      "i" : "POLUSD-PERP",
      "m" : "4611686018427821704"
    }, {
      "d" : "1756451826813124414",
      "t" : 1756451826813,
      "tn" : 1756451826813124414,
      "q" : "10",
      "p" : "0.24749",
      "s" : "sell",
      "i" : "POLUSD-PERP",
      "m" : "4611686018427821703"
    }, {
      "d" : "1756451826633111920",
      "t" : 1756451826633,
      "tn" : 1756451826633111920,
      "q" : "10",
      "p" : "0.24737",
      "s" : "sell",
      "i" : "POLUSD-PERP",
      "m" : "4611686018427821702"
    }, {
      "d" : "1756451767093291125",
      "t" : 1756451767093,
      "tn" : 1756451767093291125,
      "q" : "1150",
      "p" : "0.24756",
      "s" : "buy",
      "i" : "POLUSD-PERP",
      "m" : "4611686018427821701"
    }, {
      "d" : "1756451767092851803",
      "t" : 1756451767092,
      "tn" : 1756451767092851803,
      "q" : "1740",
      "p" : "0.24756",
      "s" : "buy",
      "i" : "POLUSD-PERP",
      "m" : "4611686018427821700"
    }, {
      "d" : "1756451767092849641",
      "t" : 1756451767092,
      "tn" : 1756451767092849641,
      "q" : "10",
      "p" : "0.24755",
      "s" : "buy",
      "i" : "POLUSD-PERP",
      "m" : "4611686018427821699"
    }, {
      "d" : "1756451706515682273",
      "t" : 1756451706515,
      "tn" : 1756451706515682273,
      "q" : "10",
      "p" : "0.24744",
      "s" : "sell",
      "i" : "POLUSD-PERP",
      "m" : "4611686018427821698"
    }, {
      "d" : "1756451623110172400",
      "t" : 1756451623110,
      "tn" : 1756451623110172400,
      "q" : "500",
      "p" : "0.24782",
      "s" : "sell",
      "i" : "POLUSD-PERP",
      "m" : "4611686018427821697"
    }, {
      "d" : "1756451623098887888",
      "t" : 1756451623098,
      "tn" : 1756451623098887888,
      "q" : "100",
      "p" : "0.24787",
      "s" : "sell",
      "i" : "POLUSD-PERP",
      "m" : "4611686018427821696"
    }, {
      "d" : "1756451621214302413",
      "t" : 1756451621214,
      "tn" : 1756451621214302413,
      "q" : "400",
      "p" : "0.24825",
      "s" : "buy",
      "i" : "POLUSD-PERP",
      "m" : "4611686018427821695"
    }, {
      "d" : "1756451621213813587",
      "t" : 1756451621213,
      "tn" : 1756451621213813587,
      "q" : "10",
      "p" : "0.24822",
      "s" : "buy",
      "i" : "POLUSD-PERP",
      "m" : "4611686018427821694"
    }, {
      "d" : "1756451621045257340",
      "t" : 1756451621045,
      "tn" : 1756451621045257340,
      "q" : "10",
      "p" : "0.24821",
      "s" : "buy",
      "i" : "POLUSD-PERP",
      "m" : "4611686018427821693"
    }, {
      "d" : "1756451620720412013",
      "t" : 1756451620720,
      "tn" : 1756451620720412013,
      "q" : "10",
      "p" : "0.24819",
      "s" : "buy",
      "i" : "POLUSD-PERP",
      "m" : "4611686018427821692"
    }, {
      "d" : "1756451620586239279",
      "t" : 1756451620586,
      "tn" : 1756451620586239279,
      "q" : "10",
      "p" : "0.24810",
      "s" : "buy",
      "i" : "POLUSD-PERP",
      "m" : "4611686018427821691"
    }, {
      "d" : "1756451620563321456",
      "t" : 1756451620563,
      "tn" : 1756451620563321456,
      "q" : "10",
      "p" : "0.24810",
      "s" : "buy",
      "i" : "POLUSD-PERP",
      "m" : "4611686018427821690"
    }, {
      "d" : "1756451620436083836",
      "t" : 1756451620436,
      "tn" : 1756451620436083836,
      "q" : "10",
      "p" : "0.24803",
      "s" : "buy",
      "i" : "POLUSD-PERP",
      "m" : "4611686018427821689"
    }, {
      "d" : "1756451499260359754",
      "t" : 1756451499260,
      "tn" : 1756451499260359754,
      "q" : "10",
      "p" : "0.24942",
      "s" : "sell",
      "i" : "POLUSD-PERP",
      "m" : "4611686018427821688"
    }, {
      "d" : "1756451418222305339",
      "t" : 1756451418222,
      "tn" : 1756451418222305339,
      "q" : "4580",
      "p" : "0.24996",
      "s" : "buy",
      "i" : "POLUSD-PERP",
      "m" : "4611686018427821687"
    }, {
      "d" : "1756451418222303466",
      "t" : 1756451418222,
      "tn" : 1756451418222303466,
      "q" : "10",
      "p" : "0.24993",
      "s" : "buy",
      "i" : "POLUSD-PERP",
      "m" : "4611686018427821686"
    }, {
      "d" : "1756451418222300678",
      "t" : 1756451418222,
      "tn" : 1756451418222300678,
      "q" : "10",
      "p" : "0.24992",
      "s" : "buy",
      "i" : "POLUSD-PERP",
      "m" : "4611686018427821685"
    }, {
      "d" : "1756451402373781722",
      "t" : 1756451402373,
      "tn" : 1756451402373781722,
      "q" : "10",
      "p" : "0.24956",
      "s" : "buy",
      "i" : "POLUSD-PERP",
      "m" : "4611686018427821684"
    }, {
      "d" : "1756451402196020276",
      "t" : 1756451402196,
      "tn" : 1756451402196020276,
      "q" : "10",
      "p" : "0.24954",
      "s" : "buy",
      "i" : "POLUSD-PERP",
      "m" : "4611686018427821683"
    }, {
      "d" : "1756451402085854704",
      "t" : 1756451402085,
      "tn" : 1756451402085854704,
      "q" : "5170",
      "p" : "0.24951",
      "s" : "buy",
      "i" : "POLUSD-PERP",
      "m" : "4611686018427821682"
    }, {
      "d" : "1756451402084353722",
      "t" : 1756451402084,
      "tn" : 1756451402084353722,
      "q" : "10",
      "p" : "0.24945",
      "s" : "buy",
      "i" : "POLUSD-PERP",
      "m" : "4611686018427821681"
    }, {
      "d" : "1756451075851997232",
      "t" : 1756451075851,
      "tn" : 1756451075851997232,
      "q" : "10",
      "p" : "0.25059",
      "s" : "buy",
      "i" : "POLUSD-PERP",
      "m" : "4611686018427821680"
    }, {
      "d" : "1756451075658205833",
      "t" : 1756451075658,
      "tn" : 1756451075658205833,
      "q" : "10",
      "p" : "0.25058",
      "s" : "buy",
      "i" : "POLUSD-PERP",
      "m" : "4611686018427821679"
    }, {
      "d" : "1756451074183647637",
      "t" : 1756451074183,
      "tn" : 1756451074183647637,
      "q" : "10",
      "p" : "0.25057",
      "s" : "buy",
      "i" : "POLUSD-PERP",
      "m" : "4611686018427821678"
    }, {
      "d" : "1756451074073535974",
      "t" : 1756451074073,
      "tn" : 1756451074073535974,
      "q" : "10",
      "p" : "0.25058",
      "s" : "buy",
      "i" : "POLUSD-PERP",
      "m" : "4611686018427821677"
    }, {
      "d" : "1756451073963350243",
      "t" : 1756451073963,
      "tn" : 1756451073963350243,
      "q" : "10",
      "p" : "0.25055",
      "s" : "buy",
      "i" : "POLUSD-PERP",
      "m" : "4611686018427821676"
    }, {
      "d" : "1756451073853662964",
      "t" : 1756451073853,
      "tn" : 1756451073853662964,
      "q" : "10",
      "p" : "0.25054",
      "s" : "buy",
      "i" : "POLUSD-PERP",
      "m" : "4611686018427821675"
    }, {
      "d" : "1756451073743079367",
      "t" : 1756451073743,
      "tn" : 1756451073743079367,
      "q" : "10",
      "p" : "0.25053",
      "s" : "buy",
      "i" : "POLUSD-PERP",
      "m" : "4611686018427821674"
    }, {
      "d" : "1756451073635628297",
      "t" : 1756451073635,
      "tn" : 1756451073635628297,
      "q" : "10",
      "p" : "0.25052",
      "s" : "buy",
      "i" : "POLUSD-PERP",
      "m" : "4611686018427821673"
    }, {
      "d" : "1756451073525508085",
      "t" : 1756451073525,
      "tn" : 1756451073525508085,
      "q" : "10",
      "p" : "0.25051",
      "s" : "buy",
      "i" : "POLUSD-PERP",
      "m" : "4611686018427821672"
    }, {
      "d" : "1756450402931124032",
      "t" : 1756450402931,
      "tn" : 1756450402931124032,
      "q" : "1140",
      "p" : "0.25079",
      "s" : "sell",
      "i" : "POLUSD-PERP",
      "m" : "4611686018427821671"
    }, {
      "d" : "1756449603875220043",
      "t" : 1756449603875,
      "tn" : 1756449603875220043,
      "q" : "500",
      "p" : "0.24805",
      "s" : "sell",
      "i" : "POLUSD-PERP",
      "m" : "4611686018427821670"
    }, {
      "d" : "1756449588983875204",
      "t" : 1756449588983,
      "tn" : 1756449588983875204,
      "q" : "500",
      "p" : "0.24853",
      "s" : "sell",
      "i" : "POLUSD-PERP",
      "m" : "4611686018427821669"
    }, {
      "d" : "1756449478465514217",
      "t" : 1756449478465,
      "tn" : 1756449478465514217,
      "q" : "5010",
      "p" : "0.24936",
      "s" : "buy",
      "i" : "POLUSD-PERP",
      "m" : "4611686018427821668"
    }, {
      "d" : "1756449475865340066",
      "t" : 1756449475865,
      "tn" : 1756449475865340066,
      "q" : "5420",
      "p" : "0.24936",
      "s" : "buy",
      "i" : "POLUSD-PERP",
      "m" : "4611686018427821667"
    }, {
      "d" : "1756449451871204997",
      "t" : 1756449451871,
      "tn" : 1756449451871204997,
      "q" : "4800",
      "p" : "0.24936",
      "s" : "buy",
      "i" : "POLUSD-PERP",
      "m" : "4611686018427821666"
    }, {
      "d" : "1756449451871203162",
      "t" : 1756449451871,
      "tn" : 1756449451871203162,
      "q" : "580",
      "p" : "0.24934",
      "s" : "buy",
      "i" : "POLUSD-PERP",
      "m" : "4611686018427821665"
    }, {
      "d" : "1756449301757715080",
      "t" : 1756449301757,
      "tn" : 1756449301757715080,
      "q" : "10",
      "p" : "0.24880",
      "s" : "sell",
      "i" : "POLUSD-PERP",
      "m" : "4611686018427821664"
    }, {
      "d" : "1756449301716714945",
      "t" : 1756449301716,
      "tn" : 1756449301716714945,
      "q" : "160",
      "p" : "0.24880",
      "s" : "sell",
      "i" : "POLUSD-PERP",
      "m" : "4611686018427821663"
    }, {
      "d" : "1756449301549592289",
      "t" : 1756449301549,
      "tn" : 1756449301549592289,
      "q" : "4000",
      "p" : "0.24880",
      "s" : "sell",
      "i" : "POLUSD-PERP",
      "m" : "4611686018427821662"
    }, {
      "d" : "1756449301549590491",
      "t" : 1756449301549,
      "tn" : 1756449301549590491,
      "q" : "170",
      "p" : "0.24881",
      "s" : "sell",
      "i" : "POLUSD-PERP",
      "m" : "4611686018427821661"
    }, {
      "d" : "1756449301549210316",
      "t" : 1756449301549,
      "tn" : 1756449301549210316,
      "q" : "1080",
      "p" : "0.24881",
      "s" : "sell",
      "i" : "POLUSD-PERP",
      "m" : "4611686018427821660"
    }, {
      "d" : "1756448232603371378",
      "t" : 1756448232603,
      "tn" : 1756448232603371378,
      "q" : "10",
      "p" : "0.24961",
      "s" : "buy",
      "i" : "POLUSD-PERP",
      "m" : "4611686018427821659"
    }, {
      "d" : "1756448124918182662",
      "t" : 1756448124918,
      "tn" : 1756448124918182662,
      "q" : "100",
      "p" : "0.25035",
      "s" : "sell",
      "i" : "POLUSD-PERP",
      "m" : "4611686018427821658"
    }, {
      "d" : "1756447169406579276",
      "t" : 1756447169406,
      "tn" : 1756447169406579276,
      "q" : "10",
      "p" : "0.25114",
      "s" : "sell",
      "i" : "POLUSD-PERP",
      "m" : "4611686018427821657"
    }, {
      "d" : "1756446374975394178",
      "t" : 1756446374975,
      "tn" : 1756446374975394178,
      "q" : "10",
      "p" : "0.25153",
      "s" : "sell",
      "i" : "POLUSD-PERP",
      "m" : "4611686018427821656"
    }, {
      "d" : "1756446120259398009",
      "t" : 1756446120259,
      "tn" : 1756446120259398009,
      "q" : "940",
      "p" : "0.25133",
      "s" : "sell",
      "i" : "POLUSD-PERP",
      "m" : "4611686018427821655"
    }, {
      "d" : "1756445833474997373",
      "t" : 1756445833474,
      "tn" : 1756445833474997373,
      "q" : "1320",
      "p" : "0.25111",
      "s" : "sell",
      "i" : "POLUSD-PERP",
      "m" : "4611686018427821654"
    }, {
      "d" : "1756445833474995763",
      "t" : 1756445833474,
      "tn" : 1756445833474995763,
      "q" : "10",
      "p" : "0.25118",
      "s" : "sell",
      "i" : "POLUSD-PERP",
      "m" : "4611686018427821653"
    }, {
      "d" : "1756445479265153289",
      "t" : 1756445479265,
      "tn" : 1756445479265153289,
      "q" : "100",
      "p" : "0.25285",
      "s" : "sell",
      "i" : "POLUSD-PERP",
      "m" : "4611686018427821652"
    }, {
      "d" : "1756444551349400143",
      "t" : 1756444551349,
      "tn" : 1756444551349400143,
      "q" : "330",
      "p" : "0.25403",
      "s" : "buy",
      "i" : "POLUSD-PERP",
      "m" : "4611686018427821651"
    }, {
      "d" : "1756444551349398606",
      "t" : 1756444551349,
      "tn" : 1756444551349398606,
      "q" : "10",
      "p" : "0.25384",
      "s" : "buy",
      "i" : "POLUSD-PERP",
      "m" : "4611686018427821650"
    }, {
      "d" : "1756444202745087328",
      "t" : 1756444202745,
      "tn" : 1756444202745087328,
      "q" : "70",
      "p" : "0.25464",
      "s" : "sell",
      "i" : "POLUSD-PERP",
      "m" : "4611686018427821649"
    }, {
      "d" : "1756444202744547514",
      "t" : 1756444202744,
      "tn" : 1756444202744547514,
      "q" : "3280",
      "p" : "0.25464",
      "s" : "sell",
      "i" : "POLUSD-PERP",
      "m" : "4611686018427821648"
    }, {
      "d" : "1756444202744545720",
      "t" : 1756444202744,
      "tn" : 1756444202744545720,
      "q" : "10",
      "p" : "0.25473",
      "s" : "sell",
      "i" : "POLUSD-PERP",
      "m" : "4611686018427821647"
    }, {
      "d" : "1756443743169710413",
      "t" : 1756443743169,
      "tn" : 1756443743169710413,
      "q" : "1470",
      "p" : "0.25594",
      "s" : "sell",
      "i" : "POLUSD-PERP",
      "m" : "4611686018427821646"
    }, {
      "d" : "1756443601657834216",
      "t" : 1756443601657,
      "tn" : 1756443601657834216,
      "q" : "1260",
      "p" : "0.25514",
      "s" : "sell",
      "i" : "POLUSD-PERP",
      "m" : "4611686018427821645"
    }, {
      "d" : "1756443458026274694",
      "t" : 1756443458026,
      "tn" : 1756443458026274694,
      "q" : "100",
      "p" : "0.25538",
      "s" : "sell",
      "i" : "POLUSD-PERP",
      "m" : "4611686018427821644"
    }, {
      "d" : "1756443449985188492",
      "t" : 1756443449985,
      "tn" : 1756443449985188492,
      "q" : "10",
      "p" : "0.25542",
      "s" : "sell",
      "i" : "POLUSD-PERP",
      "m" : "4611686018427821643"
    }, {
      "d" : "1756443449985185400",
      "t" : 1756443449985,
      "tn" : 1756443449985185400,
      "q" : "1280",
      "p" : "0.25547",
      "s" : "sell",
      "i" : "POLUSD-PERP",
      "m" : "4611686018427821642"
    }, {
      "d" : "1756443330497828180",
      "t" : 1756443330497,
      "tn" : 1756443330497828180,
      "q" : "10",
      "p" : "0.25570",
      "s" : "sell",
      "i" : "POLUSD-PERP",
      "m" : "4611686018427821641"
    }, {
      "d" : "1756442606215779509",
      "t" : 1756442606215,
      "tn" : 1756442606215779509,
      "q" : "1930",
      "p" : "0.25895",
      "s" : "sell",
      "i" : "POLUSD-PERP",
      "m" : "4611686018427821640"
    }, {
      "d" : "1756442362355426448",
      "t" : 1756442362355,
      "tn" : 1756442362355426448,
      "q" : "10",
      "p" : "0.26131",
      "s" : "sell",
      "i" : "POLUSD-PERP",
      "m" : "4611686018427821639"
    }, {
      "d" : "1756442307249665742",
      "t" : 1756442307249,
      "tn" : 1756442307249665742,
      "q" : "10",
      "p" : "0.26088",
      "s" : "buy",
      "i" : "POLUSD-PERP",
      "m" : "4611686018427821638"
    }, {
      "d" : "1756442307249663656",
      "t" : 1756442307249,
      "tn" : 1756442307249663656,
      "q" : "420",
      "p" : "0.26085",
      "s" : "buy",
      "i" : "POLUSD-PERP",
      "m" : "4611686018427821637"
    }, {
      "d" : "1756442307245967473",
      "t" : 1756442307245,
      "tn" : 1756442307245967473,
      "q" : "1530",
      "p" : "0.26085",
      "s" : "buy",
      "i" : "POLUSD-PERP",
      "m" : "4611686018427821636"
    }, {
      "d" : "1756442307245836786",
      "t" : 1756442307245,
      "tn" : 1756442307245836786,
      "q" : "1850",
      "p" : "0.26085",
      "s" : "buy",
      "i" : "POLUSD-PERP",
      "m" : "4611686018427821635"
    }, {
      "d" : "1756442307245834367",
      "t" : 1756442307245,
      "tn" : 1756442307245834367,
      "q" : "1180",
      "p" : "0.26085",
      "s" : "buy",
      "i" : "POLUSD-PERP",
      "m" : "4611686018427821634"
    }, {
      "d" : "1756442307245832565",
      "t" : 1756442307245,
      "tn" : 1756442307245832565,
      "q" : "10",
      "p" : "0.26067",
      "s" : "buy",
      "i" : "POLUSD-PERP",
      "m" : "4611686018427821633"
    }, {
      "d" : "1756442277485101991",
      "t" : 1756442277485,
      "tn" : 1756442277485101991,
      "q" : "10",
      "p" : "0.26016",
      "s" : "sell",
      "i" : "POLUSD-PERP",
      "m" : "4611686018427821632"
    }, {
      "d" : "1756442267456457294",
      "t" : 1756442267456,
      "tn" : 1756442267456457294,
      "q" : "10",
      "p" : "0.26017",
      "s" : "sell",
      "i" : "POLUSD-PERP",
      "m" : "4611686018427821631"
    }, {
      "d" : "1756442229892632264",
      "t" : 1756442229892,
      "tn" : 1756442229892632264,
      "q" : "10",
      "p" : "0.26001",
      "s" : "sell",
      "i" : "POLUSD-PERP",
      "m" : "4611686018427821630"
    }, {
      "d" : "1756442224845259455",
      "t" : 1756442224845,
      "tn" : 1756442224845259455,
      "q" : "4590",
      "p" : "0.25995",
      "s" : "buy",
      "i" : "POLUSD-PERP",
      "m" : "4611686018427821629"
    }, {
      "d" : "1756442224845256551",
      "t" : 1756442224845,
      "tn" : 1756442224845256551,
      "q" : "10",
      "p" : "0.25989",
      "s" : "buy",
      "i" : "POLUSD-PERP",
      "m" : "4611686018427821628"
    }, {
      "d" : "1756442224814918420",
      "t" : 1756442224814,
      "tn" : 1756442224814918420,
      "q" : "10",
      "p" : "0.26008",
      "s" : "sell",
      "i" : "POLUSD-PERP",
      "m" : "4611686018427821627"
    }, {
      "d" : "1756442109929753573",
      "t" : 1756442109929,
      "tn" : 1756442109929753573,
      "q" : "1150",
      "p" : "0.25983",
      "s" : "buy",
      "i" : "POLUSD-PERP",
      "m" : "4611686018427821626"
    }, {
      "d" : "1756442109929276593",
      "t" : 1756442109929,
      "tn" : 1756442109929276593,
      "q" : "100",
      "p" : "0.25983",
      "s" : "buy",
      "i" : "POLUSD-PERP",
      "m" : "4611686018427821625"
    }, {
      "d" : "1756442109929275623",
      "t" : 1756442109929,
      "tn" : 1756442109929275623,
      "q" : "10",
      "p" : "0.25970",
      "s" : "buy",
      "i" : "POLUSD-PERP",
      "m" : "4611686018427821624"
    }, {
      "d" : "1756442040695154913",
      "t" : 1756442040695,
      "tn" : 1756442040695154913,
      "q" : "500",
      "p" : "0.26094",
      "s" : "buy",
      "i" : "POLUSD-PERP",
      "m" : "4611686018427821623"
    }, {
      "d" : "1756442040695152009",
      "t" : 1756442040695,
      "tn" : 1756442040695152009,
      "q" : "270",
      "p" : "0.26080",
      "s" : "buy",
      "i" : "POLUSD-PERP",
      "m" : "4611686018427821622"
    }, {
      "d" : "1756441990893045086",
      "t" : 1756441990893,
      "tn" : 1756441990893045086,
      "q" : "10",
      "p" : "0.26069",
      "s" : "sell",
      "i" : "POLUSD-PERP",
      "m" : "4611686018427821621"
    }, {
      "d" : "1756441985806591202",
      "t" : 1756441985806,
      "tn" : 1756441985806591202,
      "q" : "2800",
      "p" : "0.26149",
      "s" : "sell",
      "i" : "POLUSD-PERP",
      "m" : "4611686018427821620"
    }, {
      "d" : "1756441985805116872",
      "t" : 1756441985805,
      "tn" : 1756441985805116872,
      "q" : "760",
      "p" : "0.26166",
      "s" : "sell",
      "i" : "POLUSD-PERP",
      "m" : "4611686018427821619"
    }, {
      "d" : "1756441985799088097",
      "t" : 1756441985799,
      "tn" : 1756441985799088097,
      "q" : "10",
      "p" : "0.26206",
      "s" : "sell",
      "i" : "POLUSD-PERP",
      "m" : "4611686018427821618"
    }, {
      "d" : "1756441985799077976",
      "t" : 1756441985799,
      "tn" : 1756441985799077976,
      "q" : "4960",
      "p" : "0.26178",
      "s" : "sell",
      "i" : "POLUSD-PERP",
      "m" : "4611686018427821617"
    }, {
      "d" : "1756441985799076125",
      "t" : 1756441985799,
      "tn" : 1756441985799076125,
      "q" : "10",
      "p" : "0.26181",
      "s" : "sell",
      "i" : "POLUSD-PERP",
      "m" : "4611686018427821616"
    }, {
      "d" : "1756441817822226378",
      "t" : 1756441817822,
      "tn" : 1756441817822226378,
      "q" : "10",
      "p" : "0.26198",
      "s" : "buy",
      "i" : "POLUSD-PERP",
      "m" : "4611686018427821615"
    }, {
      "d" : "1756441792218211916",
      "t" : 1756441792218,
      "tn" : 1756441792218211916,
      "q" : "10",
      "p" : "0.26152",
      "s" : "buy",
      "i" : "POLUSD-PERP",
      "m" : "4611686018427821614"
    }, {
      "d" : "1756441792209790559",
      "t" : 1756441792209,
      "tn" : 1756441792209790559,
      "q" : "1150",
      "p" : "0.26145",
      "s" : "buy",
      "i" : "POLUSD-PERP",
      "m" : "4611686018427821613"
    }, {
      "d" : "1756441792209549809",
      "t" : 1756441792209,
      "tn" : 1756441792209549808,
      "q" : "2290",
      "p" : "0.26145",
      "s" : "buy",
      "i" : "POLUSD-PERP",
      "m" : "4611686018427821612"
    } ]
  }
}