{
  "id" : -1,
  "method" : "public/get-trades",
  "code" : 0,
  "result" : {
    "data" : [ {
      "d" : "1756462107553427200",
      "t" : 1756462107553,
      "tn" : 1756462107553427200,
      "q" : "375",
      "p" : "0.13178",
      "s" : "buy",
      "i" : "POLYX_USD",
      "m" : "4611686018429315154"
    }, {
      "d" : "1756462107553425119",
      "t" : 1756462107553,
      "tn" : 1756462107553425119,
      "q" : "863",
      "p" : "0.13177",
      "s" : "buy",
      "i" : "POLYX_USD",
      "m" : "4611686018429315153"
    }, {
      "d" : "1756462072263970824",
      "t" : 1756462072263,
      "tn" : 1756462072263970824,
      "q" : "389",
      "p" : "0.13152",
      "s" : "buy",
      "i" : "POLYX_USD",
      "m" : "4611686018429315152"
    }, {
      "d" : "1756462072263967856",
      "t" : 1756462072263,
      "tn" : 1756462072263967856,
      "q" : "1032",
      "p" : "0.13151",
      "s" : "buy",
      "i" : "POLYX_USD",
      "m" : "4611686018429315151"
    }, {
      "d" : "1756461996168014253",
      "t" : 1756461996168,
      "tn" : 1756461996168014252,
      "q" : "917",
      "p" : "0.13125",
      "s" : "buy",
      "i" : "POLYX_USD",
      "m" : "4611686018429315150"
    }, {
      "d" : "1756461996168014252",
      "t" : 1756461996168,
      "tn" : 1756461996168014252,
      "q" : "361",
      "p" : "0.13125",
      "s" : "buy",
      "i" : "POLYX_USD",
      "m" : "4611686018429315150"
    }, {
      "d" : "1756460777892033359",
      "t" : 1756460777892,
      "tn" : 1756460777892033358,
      "q" : "316",
      "p" : "0.13099",
      "s" : "buy",
      "i" : "POLYX_USD",
      "m" : "4611686018429315149"
    }, {
      "d" : "1756460777892033358",
      "t" : 1756460777892,
      "tn" : 1756460777892033358,
      "q" : "1054",
      "p" : "0.13099",
      "s" : "buy",
      "i" : "POLYX_USD",
      "m" : "4611686018429315149"
    }, {
      "d" : "1756459864064972936",
      "t" : 1756459864064,
      "tn" : 1756459864064972935,
      "q" : "996",
      "p" : "0.13073",
      "s" : "buy",
      "i" : "POLYX_USD",
      "m" : "4611686018429315148"
    }, {
      "d" : "1756459864064972935",
      "t" : 1756459864064,
      "tn" : 1756459864064972935,
      "q" : "816",
      "p" : "0.13073",
      "s" : "buy",
      "i" : "POLYX_USD",
      "m" : "4611686018429315148"
    }, {
      "d" : "1756459182481985852",
      "t" : 1756459182481,
      "tn" : 1756459182481985851,
      "q" : "961",
      "p" : "0.13047",
      "s" : "buy",
      "i" : "POLYX_USD",
      "m" : "4611686018429315147"
    }, {
      "d" : "1756459182481985851",
      "t" : 1756459182481,
      "tn" : 1756459182481985851,
      "q" : "336",
      "p" : "0.13047",
      "s" : "buy",
      "i" : "POLYX_USD",
      "m" : "4611686018429315147"
    }, {
      "d" : "1756459128347998267",
      "t" : 1756459128347,
      "tn" : 1756459128347998267,
      "q" : "239",
      "p" : "0.13021",
      "s" : "buy",
      "i" : "POLYX_USD",
      "m" : "4611686018429315146"
    }, {
      "d" : "1756459085316454875",
      "t" : 1756459085316,
      "tn" : 1756459085316454875,
      "q" : "530",
      "p" : "0.12995",
      "s" : "buy",
      "i" : "POLYX_USD",
      "m" : "4611686018429315145"
    }, {
      "d" : "1756458182198084872",
      "t" : 1756458182198,
      "tn" : 1756458182198084872,
      "q" : "247",
      "p" : "0.12964",
      "s" : "sell",
      "i" : "POLYX_USD",
      "m" : "4611686018429315144"
    }, {
      "d" : "1756458162955020453",
      "t" : 1756458162955,
      "tn" : 1756458162955020453,
      "q" : "530",
      "p" : "0.12969",
      "s" : "sell",
      "i" : "POLYX_USD",
      "m" : "4611686018429315143"
    }, {
      "d" : "1756458157688114903",
      "t" : 1756458157688,
      "tn" : 1756458157688114902,
      "q" : "589",
      "p" : "0.12995",
      "s" : "sell",
      "i" : "POLYX_USD",
      "m" : "4611686018429315142"
    }, {
      "d" : "1756458157688114902",
      "t" : 1756458157688,
      "tn" : 1756458157688114902,
      "q" : "239",
      "p" : "0.12995",
      "s" : "sell",
      "i" : "POLYX_USD",
      "m" : "4611686018429315142"
    }, {
      "d" : "1756457834258119548",
      "t" : 1756457834258,
      "tn" : 1756457834258119547,
      "q" : "837",
      "p" : "0.13021",
      "s" : "sell",
      "i" : "POLYX_USD",
      "m" : "4611686018429315141"
    }, {
      "d" : "1756457834258119547",
      "t" : 1756457834258,
      "tn" : 1756457834258119547,
      "q" : "336",
      "p" : "0.13021",
      "s" : "sell",
      "i" : "POLYX_USD",
      "m" : "4611686018429315141"
    }, {
      "d" : "1756457680130983808",
      "t" : 1756457680130,
      "tn" : 1756457680130983807,
      "q" : "962",
      "p" : "0.13047",
      "s" : "sell",
      "i" : "POLYX_USD",
      "m" : "4611686018429315140"
    }, {
      "d" : "1756457680130983807",
      "t" : 1756457680130,
      "tn" : 1756457680130983807,
      "q" : "816",
      "p" : "0.13047",
      "s" : "sell",
      "i" : "POLYX_USD",
      "m" : "4611686018429315140"
    }, {
      "d" : "1756457677569035124",
      "t" : 1756457677569,
      "tn" : 1756457677569035123,
      "q" : "972",
      "p" : "0.13073",
      "s" : "sell",
      "i" : "POLYX_USD",
      "m" : "4611686018429315139"
    }, {
      "d" : "1756457677569035123",
      "t" : 1756457677569,
      "tn" : 1756457677569035123,
      "q" : "316",
      "p" : "0.13073",
      "s" : "sell",
      "i" : "POLYX_USD",
      "m" : "4611686018429315139"
    }, {
      "d" : "1756457677569030809",
      "t" : 1756457677569,
      "tn" : 1756457677569030809,
      "q" : "244",
      "p" : "0.13083",
      "s" : "sell",
      "i" : "POLYX_USD",
      "m" : "4611686018429315138"
    }, {
      "d" : "1756457587576043940",
      "t" : 1756457587576,
      "tn" : 1756457587576043939,
      "q" : "993",
      "p" : "0.13099",
      "s" : "sell",
      "i" : "POLYX_USD",
      "m" : "4611686018429315137"
    }, {
      "d" : "1756457587576043939",
      "t" : 1756457587576,
      "tn" : 1756457587576043939,
      "q" : "361",
      "p" : "0.13099",
      "s" : "sell",
      "i" : "POLYX_USD",
      "m" : "4611686018429315137"
    }, {
      "d" : "1756456072734068084",
      "t" : 1756456072734,
      "tn" : 1756456072734068083,
      "q" : "922",
      "p" : "0.13125",
      "s" : "sell",
      "i" : "POLYX_USD",
      "m" : "4611686018429315136"
    }, {
      "d" : "1756456072734068083",
      "t" : 1756456072734,
      "tn" : 1756456072734068083,
      "q" : "389",
      "p" : "0.13125",
      "s" : "sell",
      "i" : "POLYX_USD",
      "m" : "4611686018429315136"
    }, {
      "d" : "1756455627832907613",
      "t" : 1756455627832,
      "tn" : 1756455627832907612,
      "q" : "1030",
      "p" : "0.13151",
      "s" : "sell",
      "i" : "POLYX_USD",
      "m" : "4611686018429315135"
    }, {
      "d" : "1756455627832907612",
      "t" : 1756455627832,
      "tn" : 1756455627832907612,
      "q" : "375",
      "p" : "0.13151",
      "s" : "sell",
      "i" : "POLYX_USD",
      "m" : "4611686018429315135"
    }, {
      "d" : "1756455436799102347",
      "t" : 1756455436799,
      "tn" : 1756455436799102346,
      "q" : "909",
      "p" : "0.13177",
      "s" : "sell",
      "i" : "POLYX_USD",
      "m" : "4611686018429315134"
    }, {
      "d" : "1756455436799102346",
      "t" : 1756455436799,
      "tn" : 1756455436799102346,
      "q" : "947",
      "p" : "0.13177",
      "s" : "sell",
      "i" : "POLYX_USD",
      "m" : "4611686018429315134"
    }, {
      "d" : "1756455436799097985",
      "t" : 1756455436799,
      "tn" : 1756455436799097985,
      "q" : "121",
      "p" : "0.13178",
      "s" : "sell",
      "i" : "POLYX_USD",
      "m" : "4611686018429315133"
    }, {
      "d" : "1756455237203999360",
      "t" : 1756455237203,
      "tn" : 1756455237203999358,
      "q" : "853",
      "p" : "0.13203",
      "s" : "sell",
      "i" : "POLYX_USD",
      "m" : "4611686018429315132"
    }, {
      "d" : "1756455237203999359",
      "t" : 1756455237203,
      "tn" : 1756455237203999358,
      "q" : "242",
      "p" : "0.13203",
      "s" : "sell",
      "i" : "POLYX_USD",
      "m" : "4611686018429315132"
    }, {
      "d" : "1756455237203999358",
      "t" : 1756455237203,
      "tn" : 1756455237203999358,
      "q" : "227",
      "p" : "0.13203",
      "s" : "sell",
      "i" : "POLYX_USD",
      "m" : "4611686018429315132"
    }, {
      "d" : "1756455223959734195",
      "t" : 1756455223959,
      "tn" : 1756455223959734195,
      "q" : "231",
      "p" : "0.13204",
      "s" : "sell",
      "i" : "POLYX_USD",
      "m" : "4611686018429315131"
    }, {
      "d" : "1756454970611958517",
      "t" : 1756454970611,
      "tn" : 1756454970611958516,
      "q" : "949",
      "p" : "0.13229",
      "s" : "sell",
      "i" : "POLYX_USD",
      "m" : "4611686018429315130"
    }, {
      "d" : "1756454970611958516",
      "t" : 1756454970611,
      "tn" : 1756454970611958516,
      "q" : "413",
      "p" : "0.13229",
      "s" : "sell",
      "i" : "POLYX_USD",
      "m" : "4611686018429315130"
    }, {
      "d" : "1756454670166948244",
      "t" : 1756454670166,
      "tn" : 1756454670166948243,
      "q" : "1005",
      "p" : "0.13255",
      "s" : "sell",
      "i" : "POLYX_USD",
      "m" : "4611686018429315129"
    }, {
      "d" : "1756454670166948243",
      "t" : 1756454670166,
      "tn" : 1756454670166948243,
      "q" : "226",
      "p" : "0.13255",
      "s" : "sell",
      "i" : "POLYX_USD",
      "m" : "4611686018429315129"
    }, {
      "d" : "1756454321376346092",
      "t" : 1756454321376,
      "tn" : 1756454321376346091,
      "q" : "961",
      "p" : "0.13282",
      "s" : "sell",
      "i" : "POLYX_USD",
      "m" : "4611686018429315128"
    }, {
      "d" : "1756454321376346091",
      "t" : 1756454321376,
      "tn" : 1756454321376346091,
      "q" : "274",
      "p" : "0.13282",
      "s" : "sell",
      "i" : "POLYX_USD",
      "m" : "4611686018429315128"
    }, {
      "d" : "1756454243654731760",
      "t" : 1756454243654,
      "tn" : 1756454243654731759,
      "q" : "865",
      "p" : "0.13309",
      "s" : "sell",
      "i" : "POLYX_USD",
      "m" : "4611686018429315127"
    }, {
      "d" : "1756454243654731759",
      "t" : 1756454243654,
      "tn" : 1756454243654731759,
      "q" : "233",
      "p" : "0.13309",
      "s" : "sell",
      "i" : "POLYX_USD",
      "m" : "4611686018429315127"
    }, {
      "d" : "1756454023742152818",
      "t" : 1756454023742,
      "tn" : 1756454023742152818,
      "q" : "240",
      "p" : "0.13324",
      "s" : "sell",
      "i" : "POLYX_USD",
      "m" : "4611686018429315126"
    }, {
      "d" : "1756453451908828071",
      "t" : 1756453451908,
      "tn" : 1756453451908828070,
      "q" : "940",
      "p" : "0.13336",
      "s" : "sell",
      "i" : "POLYX_USD",
      "m" : "4611686018429315125"
    }, {
      "d" : "1756453451908828070",
      "t" : 1756453451908,
      "tn" : 1756453451908828070,
      "q" : "250",
      "p" : "0.13336",
      "s" : "sell",
      "i" : "POLYX_USD",
      "m" : "4611686018429315125"
    }, {
      "d" : "1756453030598304093",
      "t" : 1756453030598,
      "tn" : 1756453030598304093,
      "q" : "610",
      "p" : "0.13363",
      "s" : "sell",
      "i" : "POLYX_USD",
      "m" : "4611686018429315124"
    }, {
      "d" : "1756452771125018645",
      "t" : 1756452771125,
      "tn" : 1756452771125018645,
      "q" : "610",
      "p" : "0.13389",
      "s" : "buy",
      "i" : "POLYX_USD",
      "m" : "4611686018429315123"
    }, {
      "d" : "1756452382568274241",
      "t" : 1756452382568,
      "tn" : 1756452382568274241,
      "q" : "1",
      "p" : "0.13363",
      "s" : "sell",
      "i" : "POLYX_USD",
      "m" : "4611686018429315122"
    }, {
      "d" : "1756452382568112053",
      "t" : 1756452382568,
      "tn" : 1756452382568112053,
      "q" : "609",
      "p" : "0.13363",
      "s" : "sell",
      "i" : "POLYX_USD",
      "m" : "4611686018429315121"
    }, {
      "d" : "1756452106040047636",
      "t" : 1756452106040,
      "tn" : 1756452106040047636,
      "q" : "610",
      "p" : "0.13389",
      "s" : "buy",
      "i" : "POLYX_USD",
      "m" : "4611686018429315120"
    }, {
      "d" : "1756452078408108543",
      "t" : 1756452078408,
      "tn" : 1756452078408108542,
      "q" : "933",
      "p" : "0.13363",
      "s" : "sell",
      "i" : "POLYX_USD",
      "m" : "4611686018429315119"
    }, {
      "d" : "1756452078408108542",
      "t" : 1756452078408,
      "tn" : 1756452078408108542,
      "q" : "610",
      "p" : "0.13363",
      "s" : "sell",
      "i" : "POLYX_USD",
      "m" : "4611686018429315119"
    }, {
      "d" : "1756452078408104870",
      "t" : 1756452078408,
      "tn" : 1756452078408104870,
      "q" : "104",
      "p" : "0.13364",
      "s" : "sell",
      "i" : "POLYX_USD",
      "m" : "4611686018429315118"
    }, {
      "d" : "1756451671928907938",
      "t" : 1756451671928,
      "tn" : 1756451671928907937,
      "q" : "912",
      "p" : "0.13390",
      "s" : "sell",
      "i" : "POLYX_USD",
      "m" : "4611686018429315117"
    }, {
      "d" : "1756451671928907937",
      "t" : 1756451671928,
      "tn" : 1756451671928907937,
      "q" : "396",
      "p" : "0.13390",
      "s" : "sell",
      "i" : "POLYX_USD",
      "m" : "4611686018429315117"
    }, {
      "d" : "1756451613920191156",
      "t" : 1756451613920,
      "tn" : 1756451613920191156,
      "q" : "483",
      "p" : "0.13417",
      "s" : "sell",
      "i" : "POLYX_USD",
      "m" : "4611686018429315116"
    }, {
      "d" : "1756451418260302914",
      "t" : 1756451418260,
      "tn" : 1756451418260302914,
      "q" : "483",
      "p" : "0.13443",
      "s" : "buy",
      "i" : "POLYX_USD",
      "m" : "4611686018429315115"
    }, {
      "d" : "1756451364515790747",
      "t" : 1756451364515,
      "tn" : 1756451364515790746,
      "q" : "979",
      "p" : "0.13417",
      "s" : "sell",
      "i" : "POLYX_USD",
      "m" : "4611686018429315114"
    }, {
      "d" : "1756451364515790746",
      "t" : 1756451364515,
      "tn" : 1756451364515790746,
      "q" : "483",
      "p" : "0.13417",
      "s" : "sell",
      "i" : "POLYX_USD",
      "m" : "4611686018429315114"
    }, {
      "d" : "1756451228906411447",
      "t" : 1756451228906,
      "tn" : 1756451228906411447,
      "q" : "223",
      "p" : "0.13444",
      "s" : "sell",
      "i" : "POLYX_USD",
      "m" : "4611686018429315113"
    }, {
      "d" : "1756451092672157220",
      "t" : 1756451092672,
      "tn" : 1756451092672157220,
      "q" : "979",
      "p" : "0.13471",
      "s" : "buy",
      "i" : "POLYX_USD",
      "m" : "4611686018429315112"
    }, {
      "d" : "1756451092672154893",
      "t" : 1756451092672,
      "tn" : 1756451092672154893,
      "q" : "223",
      "p" : "0.13470",
      "s" : "buy",
      "i" : "POLYX_USD",
      "m" : "4611686018429315111"
    }, {
      "d" : "1756451042190180242",
      "t" : 1756451042190,
      "tn" : 1756451042190180242,
      "q" : "483",
      "p" : "0.13443",
      "s" : "buy",
      "i" : "POLYX_USD",
      "m" : "4611686018429315110"
    }, {
      "d" : "1756450989175916641",
      "t" : 1756450989175,
      "tn" : 1756450989175916640,
      "q" : "1000",
      "p" : "0.13417",
      "s" : "sell",
      "i" : "POLYX_USD",
      "m" : "4611686018429315109"
    }, {
      "d" : "1756450989175916640",
      "t" : 1756450989175,
      "tn" : 1756450989175916640,
      "q" : "483",
      "p" : "0.13417",
      "s" : "sell",
      "i" : "POLYX_USD",
      "m" : "4611686018429315109"
    }, {
      "d" : "1756450971801746466",
      "t" : 1756450971801,
      "tn" : 1756450971801746465,
      "q" : "941",
      "p" : "0.13444",
      "s" : "sell",
      "i" : "POLYX_USD",
      "m" : "4611686018429315108"
    }, {
      "d" : "1756450971801746465",
      "t" : 1756450971801,
      "tn" : 1756450971801746465,
      "q" : "223",
      "p" : "0.13444",
      "s" : "sell",
      "i" : "POLYX_USD",
      "m" : "4611686018429315108"
    }, {
      "d" : "1756450971801742813",
      "t" : 1756450971801,
      "tn" : 1756450971801742813,
      "q" : "238",
      "p" : "0.13446",
      "s" : "sell",
      "i" : "POLYX_USD",
      "m" : "4611686018429315107"
    }, {
      "d" : "1756450955160078823",
      "t" : 1756450955160,
      "tn" : 1756450955160078822,
      "q" : "854",
      "p" : "0.13471",
      "s" : "sell",
      "i" : "POLYX_USD",
      "m" : "4611686018429315106"
    }, {
      "d" : "1756450955160078822",
      "t" : 1756450955160,
      "tn" : 1756450955160078822,
      "q" : "445",
      "p" : "0.13471",
      "s" : "sell",
      "i" : "POLYX_USD",
      "m" : "4611686018429315106"
    }, {
      "d" : "1756450955153136165",
      "t" : 1756450955153,
      "tn" : 1756450955153136165,
      "q" : "322",
      "p" : "0.13471",
      "s" : "sell",
      "i" : "POLYX_USD",
      "m" : "4611686018429315105"
    }, {
      "d" : "1756450934224063705",
      "t" : 1756450934224,
      "tn" : 1756450934224063704,
      "q" : "914",
      "p" : "0.13498",
      "s" : "sell",
      "i" : "POLYX_USD",
      "m" : "4611686018429315104"
    }, {
      "d" : "1756450934224063704",
      "t" : 1756450934224,
      "tn" : 1756450934224063704,
      "q" : "333",
      "p" : "0.13498",
      "s" : "sell",
      "i" : "POLYX_USD",
      "m" : "4611686018429315104"
    }, {
      "d" : "1756449604228023264",
      "t" : 1756449604228,
      "tn" : 1756449604228023263,
      "q" : "920",
      "p" : "0.13525",
      "s" : "sell",
      "i" : "POLYX_USD",
      "m" : "4611686018429315103"
    }, {
      "d" : "1756449604228023263",
      "t" : 1756449604228,
      "tn" : 1756449604228023263,
      "q" : "329",
      "p" : "0.13525",
      "s" : "sell",
      "i" : "POLYX_USD",
      "m" : "4611686018429315103"
    }, {
      "d" : "1756449599245949965",
      "t" : 1756449599245,
      "tn" : 1756449599245949964,
      "q" : "877",
      "p" : "0.13552",
      "s" : "sell",
      "i" : "POLYX_USD",
      "m" : "4611686018429315102"
    }, {
      "d" : "1756449599245949964",
      "t" : 1756449599245,
      "tn" : 1756449599245949964,
      "q" : "461",
      "p" : "0.13552",
      "s" : "sell",
      "i" : "POLYX_USD",
      "m" : "4611686018429315102"
    }, {
      "d" : "1756449599245881548",
      "t" : 1756449599245,
      "tn" : 1756449599245881548,
      "q" : "39",
      "p" : "0.13552",
      "s" : "sell",
      "i" : "POLYX_USD",
      "m" : "4611686018429315101"
    }, {
      "d" : "1756448342496432530",
      "t" : 1756448342496,
      "tn" : 1756448342496432529,
      "q" : "903",
      "p" : "0.13579",
      "s" : "sell",
      "i" : "POLYX_USD",
      "m" : "4611686018429315100"
    }, {
      "d" : "1756448342496432529",
      "t" : 1756448342496,
      "tn" : 1756448342496432529,
      "q" : "697",
      "p" : "0.13579",
      "s" : "sell",
      "i" : "POLYX_USD",
      "m" : "4611686018429315100"
    }, {
      "d" : "1756448125038017361",
      "t" : 1756448125038,
      "tn" : 1756448125038017361,
      "q" : "522",
      "p" : "0.13606",
      "s" : "sell",
      "i" : "POLYX_USD",
      "m" : "4611686018429315099"
    }, {
      "d" : "1756446462030021170",
      "t" : 1756446462030,
      "tn" : 1756446462030021169,
      "q" : "903",
      "p" : "0.13633",
      "s" : "buy",
      "i" : "POLYX_USD",
      "m" : "4611686018429315098"
    }, {
      "d" : "1756446462030021169",
      "t" : 1756446462030,
      "tn" : 1756446462030021169,
      "q" : "522",
      "p" : "0.13633",
      "s" : "buy",
      "i" : "POLYX_USD",
      "m" : "4611686018429315098"
    }, {
      "d" : "1756442429268782220",
      "t" : 1756442429268,
      "tn" : 1756442429268782219,
      "q" : "877",
      "p" : "0.13606",
      "s" : "buy",
      "i" : "POLYX_USD",
      "m" : "4611686018429315097"
    }, {
      "d" : "1756442429268782219",
      "t" : 1756442429268,
      "tn" : 1756442429268782219,
      "q" : "46",
      "p" : "0.13606",
      "s" : "buy",
      "i" : "POLYX_USD",
      "m" : "4611686018429315097"
    }, {
      "d" : "1756442429266959079",
      "t" : 1756442429266,
      "tn" : 1756442429266959079,
      "q" : "651",
      "p" : "0.13606",
      "s" : "buy",
      "i" : "POLYX_USD",
      "m" : "4611686018429315096"
    }, {
      "d" : "1756442429266956909",
      "t" : 1756442429266,
      "tn" : 1756442429266956909,
      "q" : "821",
      "p" : "0.13605",
      "s" : "buy",
      "i" : "POLYX_USD",
      "m" : "4611686018429315095"
    }, {
      "d" : "1756441457984067188",
      "t" : 1756441457984,
      "tn" : 1756441457984067187,
      "q" : "920",
      "p" : "0.13579",
      "s" : "buy",
      "i" : "POLYX_USD",
      "m" : "4611686018429315094"
    }, {
      "d" : "1756441457984067187",
      "t" : 1756441457984,
      "tn" : 1756441457984067187,
      "q" : "500",
      "p" : "0.13579",
      "s" : "buy",
      "i" : "POLYX_USD",
      "m" : "4611686018429315094"
    }, {
      "d" : "1756438851300431798",
      "t" : 1756438851300,
      "tn" : 1756438851300431798,
      "q" : "361",
      "p" : "0.13578",
      "s" : "buy",
      "i" : "POLYX_USD",
      "m" : "4611686018429315093"
    }, {
      "d" : "1756436882799000938",
      "t" : 1756436882799,
      "tn" : 1756436882799000938,
      "q" : "329",
      "p" : "0.13552",
      "s" : "buy",
      "i" : "POLYX_USD",
      "m" : "4611686018429315092"
    }, {
      "d" : "1756436728659038646",
      "t" : 1756436728659,
      "tn" : 1756436728659038645,
      "q" : "833",
      "p" : "0.13525",
      "s" : "sell",
      "i" : "POLYX_USD",
      "m" : "4611686018429315091"
    }, {
      "d" : "1756436728659038645",
      "t" : 1756436728659,
      "tn" : 1756436728659038645,
      "q" : "329",
      "p" : "0.13525",
      "s" : "sell",
      "i" : "POLYX_USD",
      "m" : "4611686018429315091"
    }, {
      "d" : "1756434726025125671",
      "t" : 1756434726025,
      "tn" : 1756434726025125671,
      "q" : "500",
      "p" : "0.13552",
      "s" : "sell",
      "i" : "POLYX_USD",
      "m" : "4611686018429315090"
    }, {
      "d" : "1756434273393304365",
      "t" : 1756434273393,
      "tn" : 1756434273393304365,
      "q" : "500",
      "p" : "0.13579",
      "s" : "buy",
      "i" : "POLYX_USD",
      "m" : "4611686018429315089"
    }, {
      "d" : "1756430463615152405",
      "t" : 1756430463615,
      "tn" : 1756430463615152405,
      "q" : "449",
      "p" : "0.13552",
      "s" : "sell",
      "i" : "POLYX_USD",
      "m" : "4611686018429315088"
    }, {
      "d" : "1756430463614935209",
      "t" : 1756430463614,
      "tn" : 1756430463614935208,
      "q" : "555",
      "p" : "0.13552",
      "s" : "sell",
      "i" : "POLYX_USD",
      "m" : "4611686018429315087"
    }, {
      "d" : "1756430463614935208",
      "t" : 1756430463614,
      "tn" : 1756430463614935208,
      "q" : "500",
      "p" : "0.13552",
      "s" : "sell",
      "i" : "POLYX_USD",
      "m" : "4611686018429315087"
    }, {
      "d" : "1756430324872150512",
      "t" : 1756430324872,
      "tn" : 1756430324872150511,
      "q" : "819",
      "p" : "0.13579",
      "s" : "sell",
      "i" : "POLYX_USD",
      "m" : "4611686018429315086"
    }, {
      "d" : "1756430324872150511",
      "t" : 1756430324872,
      "tn" : 1756430324872150511,
      "q" : "697",
      "p" : "0.13579",
      "s" : "sell",
      "i" : "POLYX_USD",
      "m" : "4611686018429315086"
    }, {
      "d" : "1756429704830019510",
      "t" : 1756429704830,
      "tn" : 1756429704830019509,
      "q" : "990",
      "p" : "0.13606",
      "s" : "sell",
      "i" : "POLYX_USD",
      "m" : "4611686018429315085"
    }, {
      "d" : "1756429704830019509",
      "t" : 1756429704830,
      "tn" : 1756429704830019509,
      "q" : "522",
      "p" : "0.13606",
      "s" : "sell",
      "i" : "POLYX_USD",
      "m" : "4611686018429315085"
    }, {
      "d" : "1756428015545018720",
      "t" : 1756428015545,
      "tn" : 1756428015545018719,
      "q" : "886",
      "p" : "0.13633",
      "s" : "sell",
      "i" : "POLYX_USD",
      "m" : "4611686018429315084"
    }, {
      "d" : "1756428015545018719",
      "t" : 1756428015545,
      "tn" : 1756428015545018719,
      "q" : "266",
      "p" : "0.13633",
      "s" : "sell",
      "i" : "POLYX_USD",
      "m" : "4611686018429315084"
    }, {
      "d" : "1756427621047110719",
      "t" : 1756427621047,
      "tn" : 1756427621047110718,
      "q" : "893",
      "p" : "0.13660",
      "s" : "sell",
      "i" : "POLYX_USD",
      "m" : "4611686018429315083"
    }, {
      "d" : "1756427621047110718",
      "t" : 1756427621047,
      "tn" : 1756427621047110718,
      "q" : "474",
      "p" : "0.13660",
      "s" : "sell",
      "i" : "POLYX_USD",
      "m" : "4611686018429315083"
    }, {
      "d" : "1756426200449807178",
      "t" : 1756426200449,
      "tn" : 1756426200449807178,
      "q" : "76",
      "p" : "0.13661",
      "s" : "sell",
      "i" : "POLYX_USD",
      "m" : "4611686018429315082"
    }, {
      "d" : "1756426200440914325",
      "t" : 1756426200440,
      "tn" : 1756426200440914325,
      "q" : "76",
      "p" : "0.13661",
      "s" : "sell",
      "i" : "POLYX_USD",
      "m" : "4611686018429315081"
    }, {
      "d" : "1756426200434918262",
      "t" : 1756426200434,
      "tn" : 1756426200434918262,
      "q" : "76",
      "p" : "0.13661",
      "s" : "sell",
      "i" : "POLYX_USD",
      "m" : "4611686018429315080"
    }, {
      "d" : "1756426164956380808",
      "t" : 1756426164956,
      "tn" : 1756426164956380808,
      "q" : "80",
      "p" : "0.13661",
      "s" : "sell",
      "i" : "POLYX_USD",
      "m" : "4611686018429315079"
    }, {
      "d" : "1756426163891968615",
      "t" : 1756426163891,
      "tn" : 1756426163891968615,
      "q" : "147",
      "p" : "0.13661",
      "s" : "sell",
      "i" : "POLYX_USD",
      "m" : "4611686018429315078"
    }, {
      "d" : "1756426163889209973",
      "t" : 1756426163889,
      "tn" : 1756426163889209973,
      "q" : "147",
      "p" : "0.13661",
      "s" : "sell",
      "i" : "POLYX_USD",
      "m" : "4611686018429315077"
    }, {
      "d" : "1756426163848480418",
      "t" : 1756426163848,
      "tn" : 1756426163848480418,
      "q" : "986",
      "p" : "0.13661",
      "s" : "sell",
      "i" : "POLYX_USD",
      "m" : "4611686018429315076"
    }, {
      "d" : "1756426163843424138",
      "t" : 1756426163843,
      "tn" : 1756426163843424138,
      "q" : "986",
      "p" : "0.13661",
      "s" : "sell",
      "i" : "POLYX_USD",
      "m" : "4611686018429315075"
    }, {
      "d" : "1756426032591219617",
      "t" : 1756426032591,
      "tn" : 1756426032591219616,
      "q" : "796",
      "p" : "0.13687",
      "s" : "sell",
      "i" : "POLYX_USD",
      "m" : "4611686018429315074"
    }, {
      "d" : "1756426032591219616",
      "t" : 1756426032591,
      "tn" : 1756426032591219616,
      "q" : "545",
      "p" : "0.13687",
      "s" : "sell",
      "i" : "POLYX_USD",
      "m" : "4611686018429315074"
    }, {
      "d" : "1756425831665148360",
      "t" : 1756425831665,
      "tn" : 1756425831665148360,
      "q" : "292",
      "p" : "0.13714",
      "s" : "sell",
      "i" : "POLYX_USD",
      "m" : "4611686018429315073"
    }, {
      "d" : "1756425614692052596",
      "t" : 1756425614692,
      "tn" : 1756425614692052596,
      "q" : "292",
      "p" : "0.13742",
      "s" : "buy",
      "i" : "POLYX_USD",
      "m" : "4611686018429315072"
    }, {
      "d" : "1756425614692050157",
      "t" : 1756425614692,
      "tn" : 1756425614692050157,
      "q" : "796",
      "p" : "0.13741",
      "s" : "buy",
      "i" : "POLYX_USD",
      "m" : "4611686018429315071"
    }, {
      "d" : "1756425277772296356",
      "t" : 1756425277772,
      "tn" : 1756425277772296356,
      "q" : "545",
      "p" : "0.13715",
      "s" : "buy",
      "i" : "POLYX_USD",
      "m" : "4611686018429315070"
    }, {
      "d" : "1756425277772293870",
      "t" : 1756425277772,
      "tn" : 1756425277772293870,
      "q" : "893",
      "p" : "0.13714",
      "s" : "buy",
      "i" : "POLYX_USD",
      "m" : "4611686018429315069"
    }, {
      "d" : "1756425130406369916",
      "t" : 1756425130406,
      "tn" : 1756425130406369916,
      "q" : "361",
      "p" : "0.13669",
      "s" : "sell",
      "i" : "POLYX_USD",
      "m" : "4611686018429315068"
    }, {
      "d" : "1756425061046076043",
      "t" : 1756425061046,
      "tn" : 1756425061046076043,
      "q" : "474",
      "p" : "0.13688",
      "s" : "buy",
      "i" : "POLYX_USD",
      "m" : "4611686018429315067"
    }, {
      "d" : "1756424939333918554",
      "t" : 1756424939333,
      "tn" : 1756424939333918554,
      "q" : "238",
      "p" : "0.13687",
      "s" : "buy",
      "i" : "POLYX_USD",
      "m" : "4611686018429315066"
    }, {
      "d" : "1756424939329203050",
      "t" : 1756424939329,
      "tn" : 1756424939329203050,
      "q" : "648",
      "p" : "0.13687",
      "s" : "buy",
      "i" : "POLYX_USD",
      "m" : "4611686018429315065"
    }, {
      "d" : "1756424939329200990",
      "t" : 1756424939329,
      "tn" : 1756424939329200990,
      "q" : "238",
      "p" : "0.13674",
      "s" : "buy",
      "i" : "POLYX_USD",
      "m" : "4611686018429315064"
    }, {
      "d" : "1756423488842955759",
      "t" : 1756423488842,
      "tn" : 1756423488842955759,
      "q" : "266",
      "p" : "0.13661",
      "s" : "buy",
      "i" : "POLYX_USD",
      "m" : "4611686018429315063"
    }, {
      "d" : "1756423488842953695",
      "t" : 1756423488842,
      "tn" : 1756423488842953695,
      "q" : "990",
      "p" : "0.13660",
      "s" : "buy",
      "i" : "POLYX_USD",
      "m" : "4611686018429315062"
    }, {
      "d" : "1756422122327341120",
      "t" : 1756422122327,
      "tn" : 1756422122327341119,
      "q" : "819",
      "p" : "0.13633",
      "s" : "buy",
      "i" : "POLYX_USD",
      "m" : "4611686018429315061"
    }, {
      "d" : "1756422122327341119",
      "t" : 1756422122327,
      "tn" : 1756422122327341119,
      "q" : "522",
      "p" : "0.13633",
      "s" : "buy",
      "i" : "POLYX_USD",
      "m" : "4611686018429315061"
    }, {
      "d" : "1756419794660239871",
      "t" : 1756419794660,
      "tn" : 1756419794660239871,
      "q" : "107",
      "p" : "0.13606",
      "s" : "buy",
      "i" : "POLYX_USD",
      "m" : "4611686018429315060"
    }, {
      "d" : "1756419794656012262",
      "t" : 1756419794656,
      "tn" : 1756419794656012261,
      "q" : "897",
      "p" : "0.13606",
      "s" : "buy",
      "i" : "POLYX_USD",
      "m" : "4611686018429315059"
    }, {
      "d" : "1756419794656012261",
      "t" : 1756419794656,
      "tn" : 1756419794656012261,
      "q" : "697",
      "p" : "0.13606",
      "s" : "buy",
      "i" : "POLYX_USD",
      "m" : "4611686018429315059"
    }, {
      "d" : "1756419640509780432",
      "t" : 1756419640509,
      "tn" : 1756419640509780432,
      "q" : "670",
      "p" : "0.13579",
      "s" : "buy",
      "i" : "POLYX_USD",
      "m" : "4611686018429315058"
    }, {
      "d" : "1756419640504769171",
      "t" : 1756419640504,
      "tn" : 1756419640504769170,
      "q" : "163",
      "p" : "0.13579",
      "s" : "buy",
      "i" : "POLYX_USD",
      "m" : "4611686018429315057"
    }, {
      "d" : "1756419640504769170",
      "t" : 1756419640504,
      "tn" : 1756419640504769170,
      "q" : "500",
      "p" : "0.13579",
      "s" : "buy",
      "i" : "POLYX_USD",
      "m" : "4611686018429315057"
    }, {
      "d" : "1756418929389004012",
      "t" : 1756418929389,
      "tn" : 1756418929389004011,
      "q" : "914",
      "p" : "0.13552",
      "s" : "buy",
      "i" : "POLYX_USD",
      "m" : "4611686018429315056"
    }, {
      "d" : "1756418929389004011",
      "t" : 1756418929389,
      "tn" : 1756418929389004011,
      "q" : "329",
      "p" : "0.13552",
      "s" : "buy",
      "i" : "POLYX_USD",
      "m" : "4611686018429315056"
    }, {
      "d" : "1756418929388998888",
      "t" : 1756418929388,
      "tn" : 1756418929388998888,
      "q" : "130",
      "p" : "0.13550",
      "s" : "buy",
      "i" : "POLYX_USD",
      "m" : "4611686018429315055"
    }, {
      "d" : "1756418929388992940",
      "t" : 1756418929388,
      "tn" : 1756418929388992940,
      "q" : "110",
      "p" : "0.13550",
      "s" : "buy",
      "i" : "POLYX_USD",
      "m" : "4611686018429315054"
    }, {
      "d" : "1756416993995075425",
      "t" : 1756416993995,
      "tn" : 1756416993995075424,
      "q" : "854",
      "p" : "0.13525",
      "s" : "buy",
      "i" : "POLYX_USD",
      "m" : "4611686018429315053"
    }, {
      "d" : "1756416993995075424",
      "t" : 1756416993995,
      "tn" : 1756416993995075424,
      "q" : "333",
      "p" : "0.13525",
      "s" : "buy",
      "i" : "POLYX_USD",
      "m" : "4611686018429315053"
    }, {
      "d" : "1756416210669056014",
      "t" : 1756416210669,
      "tn" : 1756416210669056013,
      "q" : "941",
      "p" : "0.13498",
      "s" : "buy",
      "i" : "POLYX_USD",
      "m" : "4611686018429315052"
    }, {
      "d" : "1756416210669056013",
      "t" : 1756416210669,
      "tn" : 1756416210669056013,
      "q" : "767",
      "p" : "0.13498",
      "s" : "buy",
      "i" : "POLYX_USD",
      "m" : "4611686018429315052"
    }, {
      "d" : "1756415910381369874",
      "t" : 1756415910381,
      "tn" : 1756415910381369874,
      "q" : "1000",
      "p" : "0.13471",
      "s" : "buy",
      "i" : "POLYX_USD",
      "m" : "4611686018429315051"
    }, {
      "d" : "1756415910381367516",
      "t" : 1756415910381,
      "tn" : 1756415910381367516,
      "q" : "223",
      "p" : "0.13470",
      "s" : "buy",
      "i" : "POLYX_USD",
      "m" : "4611686018429315050"
    } ]
  }
}