{
  "id" : -1,
  "method" : "public/get-trades",
  "code" : 0,
  "result" : {
    "data" : [ {
      "d" : "1756458144098324650",
      "t" : 1756458144098,
      "tn" : 1756458144098324650,
      "q" : "93930",
      "p" : "0.008762",
      "s" : "sell",
      "i" : "POND_USD",
      "m" : "4611686018430096766"
    }, {
      "d" : "1756458144098322478",
      "t" : 1756458144098,
      "tn" : 1756458144098322478,
      "q" : "79010",
      "p" : "0.008763",
      "s" : "sell",
      "i" : "POND_USD",
      "m" : "4611686018430096765"
    }, {
      "d" : "1756453178633652972",
      "t" : 1756453178633,
      "tn" : 1756453178633652972,
      "q" : "5590",
      "p" : "0.008831",
      "s" : "sell",
      "i" : "POND_USD",
      "m" : "4611686018430096764"
    }, {
      "d" : "1756451366430056868",
      "t" : 1756451366430,
      "tn" : 1756451366430056868,
      "q" : "8170",
      "p" : "0.008902",
      "s" : "sell",
      "i" : "POND_USD",
      "m" : "4611686018430096763"
    }, {
      "d" : "1756451366423240951",
      "t" : 1756451366423,
      "tn" : 1756451366423240951,
      "q" : "8540",
      "p" : "0.008903",
      "s" : "sell",
      "i" : "POND_USD",
      "m" : "4611686018430096762"
    }, {
      "d" : "1756444853200098809",
      "t" : 1756444853200,
      "tn" : 1756444853200098809,
      "q" : "3830",
      "p" : "0.009036",
      "s" : "sell",
      "i" : "POND_USD",
      "m" : "4611686018430096761"
    }, {
      "d" : "1756444035642021985",
      "t" : 1756444035642,
      "tn" : 1756444035642021985,
      "q" : "4200",
      "p" : "0.008993",
      "s" : "buy",
      "i" : "POND_USD",
      "m" : "4611686018430096760"
    }, {
      "d" : "1756444035641407481",
      "t" : 1756444035641,
      "tn" : 1756444035641407481,
      "q" : "8180",
      "p" : "0.008993",
      "s" : "buy",
      "i" : "POND_USD",
      "m" : "4611686018430096759"
    }, {
      "d" : "1756444035641197334",
      "t" : 1756444035641,
      "tn" : 1756444035641197334,
      "q" : "1000",
      "p" : "0.008993",
      "s" : "buy",
      "i" : "POND_USD",
      "m" : "4611686018430096758"
    }, {
      "d" : "1756444035641195796",
      "t" : 1756444035641,
      "tn" : 1756444035641195796,
      "q" : "7160",
      "p" : "0.008992",
      "s" : "buy",
      "i" : "POND_USD",
      "m" : "4611686018430096757"
    }, {
      "d" : "1756444035634018316",
      "t" : 1756444035634,
      "tn" : 1756444035634018315,
      "q" : "82410",
      "p" : "0.008992",
      "s" : "buy",
      "i" : "POND_USD",
      "m" : "4611686018430096756"
    }, {
      "d" : "1756444035634018315",
      "t" : 1756444035634,
      "tn" : 1756444035634018315,
      "q" : "63530",
      "p" : "0.008992",
      "s" : "buy",
      "i" : "POND_USD",
      "m" : "4611686018430096756"
    }, {
      "d" : "1756444035634015130",
      "t" : 1756444035634,
      "tn" : 1756444035634015130,
      "q" : "20700",
      "p" : "0.008988",
      "s" : "buy",
      "i" : "POND_USD",
      "m" : "4611686018430096755"
    }, {
      "d" : "1756440943651077044",
      "t" : 1756440943651,
      "tn" : 1756440943651077044,
      "q" : "1950",
      "p" : "0.009037",
      "s" : "sell",
      "i" : "POND_USD",
      "m" : "4611686018430096754"
    }, {
      "d" : "1756440943646283439",
      "t" : 1756440943646,
      "tn" : 1756440943646283439,
      "q" : "850",
      "p" : "0.009037",
      "s" : "buy",
      "i" : "POND_USD",
      "m" : "4611686018430096753"
    }, {
      "d" : "1756440552727260970",
      "t" : 1756440552727,
      "tn" : 1756440552727260970,
      "q" : "2040",
      "p" : "0.009044",
      "s" : "buy",
      "i" : "POND_USD",
      "m" : "4611686018430096752"
    }, {
      "d" : "1756440177741695344",
      "t" : 1756440177741,
      "tn" : 1756440177741695344,
      "q" : "2890",
      "p" : "0.008982",
      "s" : "sell",
      "i" : "POND_USD",
      "m" : "4611686018430096751"
    }, {
      "d" : "1756438609312201215",
      "t" : 1756438609312,
      "tn" : 1756438609312201215,
      "q" : "1940",
      "p" : "0.009013",
      "s" : "buy",
      "i" : "POND_USD",
      "m" : "4611686018430096750"
    }, {
      "d" : "1756434669616575511",
      "t" : 1756434669616,
      "tn" : 1756434669616575511,
      "q" : "170",
      "p" : "0.009033",
      "s" : "sell",
      "i" : "POND_USD",
      "m" : "4611686018430096749"
    }, {
      "d" : "1756434669614163790",
      "t" : 1756434669614,
      "tn" : 1756434669614163790,
      "q" : "4090",
      "p" : "0.009033",
      "s" : "sell",
      "i" : "POND_USD",
      "m" : "4611686018430096748"
    }, {
      "d" : "1756434669608857722",
      "t" : 1756434669608,
      "tn" : 1756434669608857722,
      "q" : "8540",
      "p" : "0.009033",
      "s" : "buy",
      "i" : "POND_USD",
      "m" : "4611686018430096747"
    }, {
      "d" : "1756432142373733309",
      "t" : 1756432142373,
      "tn" : 1756432142373733309,
      "q" : "16820",
      "p" : "0.009026",
      "s" : "sell",
      "i" : "POND_USD",
      "m" : "4611686018430096746"
    }, {
      "d" : "1756432142368770669",
      "t" : 1756432142368,
      "tn" : 1756432142368770669,
      "q" : "16820",
      "p" : "0.009026",
      "s" : "sell",
      "i" : "POND_USD",
      "m" : "4611686018430096745"
    }, {
      "d" : "1756432142366819193",
      "t" : 1756432142366,
      "tn" : 1756432142366819193,
      "q" : "10080",
      "p" : "0.009026",
      "s" : "sell",
      "i" : "POND_USD",
      "m" : "4611686018430096744"
    }, {
      "d" : "1756432142366817593",
      "t" : 1756432142366,
      "tn" : 1756432142366817593,
      "q" : "6740",
      "p" : "0.009027",
      "s" : "sell",
      "i" : "POND_USD",
      "m" : "4611686018430096743"
    }, {
      "d" : "1756428635233260481",
      "t" : 1756428635233,
      "tn" : 1756428635233260481,
      "q" : "1800",
      "p" : "0.009076",
      "s" : "sell",
      "i" : "POND_USD",
      "m" : "4611686018430096742"
    }, {
      "d" : "1756428561099275551",
      "t" : 1756428561099,
      "tn" : 1756428561099275551,
      "q" : "4140",
      "p" : "0.009153",
      "s" : "sell",
      "i" : "POND_USD",
      "m" : "4611686018430096741"
    }, {
      "d" : "1756428561092889634",
      "t" : 1756428561092,
      "tn" : 1756428561092889634,
      "q" : "350",
      "p" : "0.009153",
      "s" : "buy",
      "i" : "POND_USD",
      "m" : "4611686018430096740"
    }, {
      "d" : "1756428347499316951",
      "t" : 1756428347499,
      "tn" : 1756428347499316951,
      "q" : "5440",
      "p" : "0.009160",
      "s" : "buy",
      "i" : "POND_USD",
      "m" : "4611686018430096739"
    }, {
      "d" : "1756426984278572219",
      "t" : 1756426984278,
      "tn" : 1756426984278572219,
      "q" : "1460",
      "p" : "0.009156",
      "s" : "buy",
      "i" : "POND_USD",
      "m" : "4611686018430096738"
    }, {
      "d" : "1756426359925412281",
      "t" : 1756426359925,
      "tn" : 1756426359925412281,
      "q" : "1290",
      "p" : "0.009161",
      "s" : "buy",
      "i" : "POND_USD",
      "m" : "4611686018430096737"
    }, {
      "d" : "1756422630697082043",
      "t" : 1756422630697,
      "tn" : 1756422630697082043,
      "q" : "5390",
      "p" : "0.009109",
      "s" : "sell",
      "i" : "POND_USD",
      "m" : "4611686018430096736"
    }, {
      "d" : "1756421921406596912",
      "t" : 1756421921406,
      "tn" : 1756421921406596912,
      "q" : "2070",
      "p" : "0.009109",
      "s" : "sell",
      "i" : "POND_USD",
      "m" : "4611686018430096735"
    }, {
      "d" : "1756421476134232255",
      "t" : 1756421476134,
      "tn" : 1756421476134232255,
      "q" : "3140",
      "p" : "0.009120",
      "s" : "buy",
      "i" : "POND_USD",
      "m" : "4611686018430096734"
    }, {
      "d" : "1756421476130900082",
      "t" : 1756421476130,
      "tn" : 1756421476130900082,
      "q" : "990",
      "p" : "0.009120",
      "s" : "sell",
      "i" : "POND_USD",
      "m" : "4611686018430096733"
    }, {
      "d" : "1756420488164499005",
      "t" : 1756420488164,
      "tn" : 1756420488164499005,
      "q" : "5430",
      "p" : "0.009142",
      "s" : "sell",
      "i" : "POND_USD",
      "m" : "4611686018430096732"
    }, {
      "d" : "1756418634431213975",
      "t" : 1756418634431,
      "tn" : 1756418634431213975,
      "q" : "1270",
      "p" : "0.009167",
      "s" : "buy",
      "i" : "POND_USD",
      "m" : "4611686018430096731"
    }, {
      "d" : "1756418556154947853",
      "t" : 1756418556154,
      "tn" : 1756418556154947853,
      "q" : "1830",
      "p" : "0.009170",
      "s" : "buy",
      "i" : "POND_USD",
      "m" : "4611686018430096730"
    }, {
      "d" : "1756416356052245312",
      "t" : 1756416356052,
      "tn" : 1756416356052245312,
      "q" : "1580",
      "p" : "0.009107",
      "s" : "sell",
      "i" : "POND_USD",
      "m" : "4611686018430096729"
    }, {
      "d" : "1756414896134238572",
      "t" : 1756414896134,
      "tn" : 1756414896134238572,
      "q" : "4900",
      "p" : "0.009173",
      "s" : "buy",
      "i" : "POND_USD",
      "m" : "4611686018430096728"
    }, {
      "d" : "1756413756433371226",
      "t" : 1756413756433,
      "tn" : 1756413756433371226,
      "q" : "1470",
      "p" : "0.009084",
      "s" : "sell",
      "i" : "POND_USD",
      "m" : "4611686018430096727"
    }, {
      "d" : "1756405324674752740",
      "t" : 1756405324674,
      "tn" : 1756405324674752739,
      "q" : "1460",
      "p" : "0.009078",
      "s" : "sell",
      "i" : "POND_USD",
      "m" : "4611686018430096726"
    }, {
      "d" : "1756405324674752739",
      "t" : 1756405324674,
      "tn" : 1756405324674752739,
      "q" : "1690",
      "p" : "0.009078",
      "s" : "sell",
      "i" : "POND_USD",
      "m" : "4611686018430096726"
    }, {
      "d" : "1756405268358391959",
      "t" : 1756405268358,
      "tn" : 1756405268358391959,
      "q" : "1690",
      "p" : "0.009148",
      "s" : "buy",
      "i" : "POND_USD",
      "m" : "4611686018430096725"
    }, {
      "d" : "1756403811269845319",
      "t" : 1756403811269,
      "tn" : 1756403811269845319,
      "q" : "6790",
      "p" : "0.009081",
      "s" : "buy",
      "i" : "POND_USD",
      "m" : "4611686018430096724"
    }, {
      "d" : "1756403811262573713",
      "t" : 1756403811262,
      "tn" : 1756403811262573713,
      "q" : "8540",
      "p" : "0.009081",
      "s" : "sell",
      "i" : "POND_USD",
      "m" : "4611686018430096723"
    }, {
      "d" : "1756402938218987125",
      "t" : 1756402938218,
      "tn" : 1756402938218987125,
      "q" : "3850",
      "p" : "0.009145",
      "s" : "sell",
      "i" : "POND_USD",
      "m" : "4611686018430096722"
    }, {
      "d" : "1756402938213336194",
      "t" : 1756402938213,
      "tn" : 1756402938213336194,
      "q" : "8540",
      "p" : "0.009145",
      "s" : "buy",
      "i" : "POND_USD",
      "m" : "4611686018430096721"
    }, {
      "d" : "1756400359252918219",
      "t" : 1756400359252,
      "tn" : 1756400359252918219,
      "q" : "1990",
      "p" : "0.009078",
      "s" : "buy",
      "i" : "POND_USD",
      "m" : "4611686018430096720"
    }, {
      "d" : "1756400359245804228",
      "t" : 1756400359245,
      "tn" : 1756400359245804228,
      "q" : "8540",
      "p" : "0.009078",
      "s" : "sell",
      "i" : "POND_USD",
      "m" : "4611686018430096719"
    }, {
      "d" : "1756400117338554140",
      "t" : 1756400117338,
      "tn" : 1756400117338554140,
      "q" : "2000",
      "p" : "0.009202",
      "s" : "buy",
      "i" : "POND_USD",
      "m" : "4611686018430096718"
    }, {
      "d" : "1756398739463475150",
      "t" : 1756398739463,
      "tn" : 1756398739463475150,
      "q" : "2870",
      "p" : "0.009233",
      "s" : "buy",
      "i" : "POND_USD",
      "m" : "4611686018430096717"
    }, {
      "d" : "1756398736288843043",
      "t" : 1756398736288,
      "tn" : 1756398736288843043,
      "q" : "7060",
      "p" : "0.009234",
      "s" : "buy",
      "i" : "POND_USD",
      "m" : "4611686018430096716"
    }, {
      "d" : "1756397854079017499",
      "t" : 1756397854079,
      "tn" : 1756397854079017499,
      "q" : "1480",
      "p" : "0.009220",
      "s" : "buy",
      "i" : "POND_USD",
      "m" : "4611686018430096715"
    }, {
      "d" : "1756397292934443291",
      "t" : 1756397292934,
      "tn" : 1756397292934443291,
      "q" : "3220",
      "p" : "0.009133",
      "s" : "sell",
      "i" : "POND_USD",
      "m" : "4611686018430096714"
    }, {
      "d" : "1756397286679359083",
      "t" : 1756397286679,
      "tn" : 1756397286679359083,
      "q" : "4120",
      "p" : "0.009136",
      "s" : "buy",
      "i" : "POND_USD",
      "m" : "4611686018430096713"
    }, {
      "d" : "1756397286675342667",
      "t" : 1756397286675,
      "tn" : 1756397286675342667,
      "q" : "470",
      "p" : "0.009136",
      "s" : "sell",
      "i" : "POND_USD",
      "m" : "4611686018430096712"
    }, {
      "d" : "1756396787249245060",
      "t" : 1756396787249,
      "tn" : 1756396787249245060,
      "q" : "1350",
      "p" : "0.009132",
      "s" : "sell",
      "i" : "POND_USD",
      "m" : "4611686018430096711"
    }, {
      "d" : "1756394864788082887",
      "t" : 1756394864788,
      "tn" : 1756394864788082887,
      "q" : "1820",
      "p" : "0.009210",
      "s" : "buy",
      "i" : "POND_USD",
      "m" : "4611686018430096710"
    }, {
      "d" : "1756394432596035643",
      "t" : 1756394432596,
      "tn" : 1756394432596035643,
      "q" : "5120",
      "p" : "0.009166",
      "s" : "sell",
      "i" : "POND_USD",
      "m" : "4611686018430096709"
    }, {
      "d" : "1756393864454194866",
      "t" : 1756393864454,
      "tn" : 1756393864454194865,
      "q" : "9270",
      "p" : "0.009177",
      "s" : "sell",
      "i" : "POND_USD",
      "m" : "4611686018430096708"
    }, {
      "d" : "1756393864454194865",
      "t" : 1756393864454,
      "tn" : 1756393864454194865,
      "q" : "1760",
      "p" : "0.009177",
      "s" : "sell",
      "i" : "POND_USD",
      "m" : "4611686018430096708"
    }, {
      "d" : "1756391911720939041",
      "t" : 1756391911720,
      "tn" : 1756391911720939041,
      "q" : "1760",
      "p" : "0.009203",
      "s" : "buy",
      "i" : "POND_USD",
      "m" : "4611686018430096707"
    }, {
      "d" : "1756388147591184694",
      "t" : 1756388147591,
      "tn" : 1756388147591184694,
      "q" : "830",
      "p" : "0.009162",
      "s" : "buy",
      "i" : "POND_USD",
      "m" : "4611686018430096706"
    }, {
      "d" : "1756388147585759289",
      "t" : 1756388147585,
      "tn" : 1756388147585759289,
      "q" : "1170",
      "p" : "0.009162",
      "s" : "sell",
      "i" : "POND_USD",
      "m" : "4611686018430096705"
    }, {
      "d" : "1756385328640763474",
      "t" : 1756385328640,
      "tn" : 1756385328640763474,
      "q" : "1170",
      "p" : "0.009210",
      "s" : "buy",
      "i" : "POND_USD",
      "m" : "4611686018430096704"
    }, {
      "d" : "1756384959529939613",
      "t" : 1756384959529,
      "tn" : 1756384959529939613,
      "q" : "1790",
      "p" : "0.009146",
      "s" : "buy",
      "i" : "POND_USD",
      "m" : "4611686018430096703"
    }, {
      "d" : "1756384959525137727",
      "t" : 1756384959525,
      "tn" : 1756384959525137727,
      "q" : "8210",
      "p" : "0.009146",
      "s" : "sell",
      "i" : "POND_USD",
      "m" : "4611686018430096702"
    }, {
      "d" : "1756383451969903432",
      "t" : 1756383451969,
      "tn" : 1756383451969903432,
      "q" : "54450",
      "p" : "0.009106",
      "s" : "buy",
      "i" : "POND_USD",
      "m" : "4611686018430096701"
    }, {
      "d" : "1756383451965957601",
      "t" : 1756383451965,
      "tn" : 1756383451965957601,
      "q" : "580",
      "p" : "0.009106",
      "s" : "sell",
      "i" : "POND_USD",
      "m" : "4611686018430096700"
    }, {
      "d" : "1756382377518729282",
      "t" : 1756382377518,
      "tn" : 1756382377518729282,
      "q" : "7960",
      "p" : "0.009138",
      "s" : "sell",
      "i" : "POND_USD",
      "m" : "4611686018430096699"
    }, {
      "d" : "1756379034072515809",
      "t" : 1756379034072,
      "tn" : 1756379034072515809,
      "q" : "2000",
      "p" : "0.009200",
      "s" : "buy",
      "i" : "POND_USD",
      "m" : "4611686018430096698"
    }, {
      "d" : "1756376656303746162",
      "t" : 1756376656303,
      "tn" : 1756376656303746162,
      "q" : "2440",
      "p" : "0.009181",
      "s" : "sell",
      "i" : "POND_USD",
      "m" : "4611686018430096697"
    }, {
      "d" : "1756376656301120294",
      "t" : 1756376656301,
      "tn" : 1756376656301120294,
      "q" : "4340",
      "p" : "0.009181",
      "s" : "buy",
      "i" : "POND_USD",
      "m" : "4611686018430096696"
    }, {
      "d" : "1756376318143530108",
      "t" : 1756376318143,
      "tn" : 1756376318143530108,
      "q" : "4200",
      "p" : "0.009170",
      "s" : "buy",
      "i" : "POND_USD",
      "m" : "4611686018430096695"
    }, {
      "d" : "1756376049307800367",
      "t" : 1756376049307,
      "tn" : 1756376049307800367,
      "q" : "3630",
      "p" : "0.009110",
      "s" : "sell",
      "i" : "POND_USD",
      "m" : "4611686018430096694"
    }, {
      "d" : "1756375933355368546",
      "t" : 1756375933355,
      "tn" : 1756375933355368545,
      "q" : "70190",
      "p" : "0.009102",
      "s" : "sell",
      "i" : "POND_USD",
      "m" : "4611686018430096693"
    }, {
      "d" : "1756375933355368545",
      "t" : 1756375933355,
      "tn" : 1756375933355368545,
      "q" : "5350",
      "p" : "0.009102",
      "s" : "sell",
      "i" : "POND_USD",
      "m" : "4611686018430096693"
    } ]
  }
}