{
  "id" : -1,
  "method" : "public/get-trades",
  "code" : 0,
  "result" : {
    "data" : [ {
      "d" : "1756462090426173506",
      "t" : 1756462090426,
      "tn" : 1756462090426173506,
      "q" : "199",
      "p" : "0.10350",
      "s" : "buy",
      "i" : "PONKE_USD",
      "m" : "4611686018428003652"
    }, {
      "d" : "1756460861646981216",
      "t" : 1756460861646,
      "tn" : 1756460861646981216,
      "q" : "140",
      "p" : "0.10302",
      "s" : "buy",
      "i" : "PONKE_USD",
      "m" : "4611686018428003651"
    }, {
      "d" : "1756458209000212973",
      "t" : 1756458209000,
      "tn" : 1756458209000212973,
      "q" : "758",
      "p" : "0.10162",
      "s" : "buy",
      "i" : "PONKE_USD",
      "m" : "4611686018428003650"
    }, {
      "d" : "1756455631871836865",
      "t" : 1756455631871,
      "tn" : 1756455631871836865,
      "q" : "2810",
      "p" : "0.10254",
      "s" : "sell",
      "i" : "PONKE_USD",
      "m" : "4611686018428003649"
    }, {
      "d" : "1756455628712136955",
      "t" : 1756455628712,
      "tn" : 1756455628712136955,
      "q" : "3547",
      "p" : "0.10259",
      "s" : "sell",
      "i" : "PONKE_USD",
      "m" : "4611686018428003648"
    }, {
      "d" : "1756455628389935148",
      "t" : 1756455628389,
      "tn" : 1756455628389935148,
      "q" : "1005",
      "p" : "0.10260",
      "s" : "sell",
      "i" : "PONKE_USD",
      "m" : "4611686018428003647"
    }, {
      "d" : "1756455125315178016",
      "t" : 1756455125315,
      "tn" : 1756455125315178016,
      "q" : "2797",
      "p" : "0.10318",
      "s" : "sell",
      "i" : "PONKE_USD",
      "m" : "4611686018428003646"
    }, {
      "d" : "1756455125315175840",
      "t" : 1756455125315,
      "tn" : 1756455125315175840,
      "q" : "11",
      "p" : "0.10388",
      "s" : "sell",
      "i" : "PONKE_USD",
      "m" : "4611686018428003645"
    }, {
      "d" : "1756452724098296861",
      "t" : 1756452724098,
      "tn" : 1756452724098296861,
      "q" : "221",
      "p" : "0.10435",
      "s" : "buy",
      "i" : "PONKE_USD",
      "m" : "4611686018428003644"
    }, {
      "d" : "1756451686887741493",
      "t" : 1756451686887,
      "tn" : 1756451686887741493,
      "q" : "3571",
      "p" : "0.10424",
      "s" : "sell",
      "i" : "PONKE_USD",
      "m" : "4611686018428003643"
    }, {
      "d" : "1756451686371852279",
      "t" : 1756451686371,
      "tn" : 1756451686371852279,
      "q" : "1724",
      "p" : "0.10424",
      "s" : "sell",
      "i" : "PONKE_USD",
      "m" : "4611686018428003642"
    }, {
      "d" : "1756451685975985993",
      "t" : 1756451685975,
      "tn" : 1756451685975985993,
      "q" : "2444",
      "p" : "0.10424",
      "s" : "sell",
      "i" : "PONKE_USD",
      "m" : "4611686018428003641"
    }, {
      "d" : "1756451685459454173",
      "t" : 1756451685459,
      "tn" : 1756451685459454172,
      "q" : "1498",
      "p" : "0.10424",
      "s" : "sell",
      "i" : "PONKE_USD",
      "m" : "4611686018428003640"
    }, {
      "d" : "1756451685459454172",
      "t" : 1756451685459,
      "tn" : 1756451685459454172,
      "q" : "36",
      "p" : "0.10424",
      "s" : "sell",
      "i" : "PONKE_USD",
      "m" : "4611686018428003640"
    }, {
      "d" : "1756451685107780790",
      "t" : 1756451685107,
      "tn" : 1756451685107780790,
      "q" : "26",
      "p" : "0.10424",
      "s" : "sell",
      "i" : "PONKE_USD",
      "m" : "4611686018428003639"
    }, {
      "d" : "1756451684728656781",
      "t" : 1756451684728,
      "tn" : 1756451684728656781,
      "q" : "1278",
      "p" : "0.10424",
      "s" : "sell",
      "i" : "PONKE_USD",
      "m" : "4611686018428003638"
    }, {
      "d" : "1756451684728654073",
      "t" : 1756451684728,
      "tn" : 1756451684728654072,
      "q" : "2378",
      "p" : "0.10425",
      "s" : "sell",
      "i" : "PONKE_USD",
      "m" : "4611686018428003637"
    }, {
      "d" : "1756451684728654072",
      "t" : 1756451684728,
      "tn" : 1756451684728654072,
      "q" : "654",
      "p" : "0.10425",
      "s" : "sell",
      "i" : "PONKE_USD",
      "m" : "4611686018428003637"
    }, {
      "d" : "1756451684417922021",
      "t" : 1756451684417,
      "tn" : 1756451684417922021,
      "q" : "2856",
      "p" : "0.10425",
      "s" : "sell",
      "i" : "PONKE_USD",
      "m" : "4611686018428003636"
    }, {
      "d" : "1756451684095690356",
      "t" : 1756451684095,
      "tn" : 1756451684095690356,
      "q" : "2459",
      "p" : "0.10425",
      "s" : "sell",
      "i" : "PONKE_USD",
      "m" : "4611686018428003635"
    }, {
      "d" : "1756451684095603921",
      "t" : 1756451684095,
      "tn" : 1756451684095603921,
      "q" : "3380",
      "p" : "0.10425",
      "s" : "sell",
      "i" : "PONKE_USD",
      "m" : "4611686018428003634"
    }, {
      "d" : "1756447684865877971",
      "t" : 1756447684865,
      "tn" : 1756447684865877970,
      "q" : "11",
      "p" : "0.10791",
      "s" : "sell",
      "i" : "PONKE_USD",
      "m" : "4611686018428003633"
    }, {
      "d" : "1756447684865877970",
      "t" : 1756447684865,
      "tn" : 1756447684865877970,
      "q" : "11",
      "p" : "0.10791",
      "s" : "sell",
      "i" : "PONKE_USD",
      "m" : "4611686018428003633"
    }, {
      "d" : "1756445812888038950",
      "t" : 1756445812888,
      "tn" : 1756445812888038949,
      "q" : "153",
      "p" : "0.10841",
      "s" : "sell",
      "i" : "PONKE_USD",
      "m" : "4611686018428003632"
    }, {
      "d" : "1756445812888038949",
      "t" : 1756445812888,
      "tn" : 1756445812888038949,
      "q" : "11",
      "p" : "0.10841",
      "s" : "sell",
      "i" : "PONKE_USD",
      "m" : "4611686018428003632"
    }, {
      "d" : "1756442420208561395",
      "t" : 1756442420208,
      "tn" : 1756442420208561395,
      "q" : "153",
      "p" : "0.10901",
      "s" : "buy",
      "i" : "PONKE_USD",
      "m" : "4611686018428003631"
    }, {
      "d" : "1756442420208558942",
      "t" : 1756442420208,
      "tn" : 1756442420208558942,
      "q" : "11",
      "p" : "0.10899",
      "s" : "buy",
      "i" : "PONKE_USD",
      "m" : "4611686018428003630"
    }, {
      "d" : "1756441465000769743",
      "t" : 1756441465000,
      "tn" : 1756441465000769737,
      "q" : "11",
      "p" : "0.10899",
      "s" : "buy",
      "i" : "PONKE_USD",
      "m" : "4611686018428003629"
    }, {
      "d" : "1756441465000769742",
      "t" : 1756441465000,
      "tn" : 1756441465000769737,
      "q" : "11",
      "p" : "0.10899",
      "s" : "buy",
      "i" : "PONKE_USD",
      "m" : "4611686018428003629"
    }, {
      "d" : "1756441465000769741",
      "t" : 1756441465000,
      "tn" : 1756441465000769737,
      "q" : "11",
      "p" : "0.10899",
      "s" : "buy",
      "i" : "PONKE_USD",
      "m" : "4611686018428003629"
    }, {
      "d" : "1756441465000769740",
      "t" : 1756441465000,
      "tn" : 1756441465000769737,
      "q" : "11",
      "p" : "0.10899",
      "s" : "buy",
      "i" : "PONKE_USD",
      "m" : "4611686018428003629"
    }, {
      "d" : "1756441465000769739",
      "t" : 1756441465000,
      "tn" : 1756441465000769737,
      "q" : "11",
      "p" : "0.10899",
      "s" : "buy",
      "i" : "PONKE_USD",
      "m" : "4611686018428003629"
    }, {
      "d" : "1756441465000769738",
      "t" : 1756441465000,
      "tn" : 1756441465000769737,
      "q" : "11",
      "p" : "0.10899",
      "s" : "buy",
      "i" : "PONKE_USD",
      "m" : "4611686018428003629"
    }, {
      "d" : "1756441465000769737",
      "t" : 1756441465000,
      "tn" : 1756441465000769737,
      "q" : "11",
      "p" : "0.10899",
      "s" : "buy",
      "i" : "PONKE_USD",
      "m" : "4611686018428003629"
    }, {
      "d" : "1756440592382779822",
      "t" : 1756440592382,
      "tn" : 1756440592382779822,
      "q" : "1380",
      "p" : "0.10863",
      "s" : "buy",
      "i" : "PONKE_USD",
      "m" : "4611686018428003628"
    }, {
      "d" : "1756440592366790205",
      "t" : 1756440592366,
      "tn" : 1756440592366790204,
      "q" : "1306",
      "p" : "0.10848",
      "s" : "buy",
      "i" : "PONKE_USD",
      "m" : "4611686018428003627"
    }, {
      "d" : "1756440592366790204",
      "t" : 1756440592366,
      "tn" : 1756440592366790204,
      "q" : "1382",
      "p" : "0.10848",
      "s" : "buy",
      "i" : "PONKE_USD",
      "m" : "4611686018428003627"
    }, {
      "d" : "1756439754108545306",
      "t" : 1756439754108,
      "tn" : 1756439754108545305,
      "q" : "11",
      "p" : "0.10855",
      "s" : "sell",
      "i" : "PONKE_USD",
      "m" : "4611686018428003626"
    }, {
      "d" : "1756439754108545305",
      "t" : 1756439754108,
      "tn" : 1756439754108545305,
      "q" : "11",
      "p" : "0.10855",
      "s" : "sell",
      "i" : "PONKE_USD",
      "m" : "4611686018428003626"
    }, {
      "d" : "1756439500539472941",
      "t" : 1756439500539,
      "tn" : 1756439500539472940,
      "q" : "11",
      "p" : "0.10856",
      "s" : "buy",
      "i" : "PONKE_USD",
      "m" : "4611686018428003625"
    }, {
      "d" : "1756439500539472940",
      "t" : 1756439500539,
      "tn" : 1756439500539472940,
      "q" : "11",
      "p" : "0.10856",
      "s" : "buy",
      "i" : "PONKE_USD",
      "m" : "4611686018428003625"
    }, {
      "d" : "1756438766006135555",
      "t" : 1756438766006,
      "tn" : 1756438766006135554,
      "q" : "11",
      "p" : "0.10810",
      "s" : "buy",
      "i" : "PONKE_USD",
      "m" : "4611686018428003624"
    }, {
      "d" : "1756438766006135554",
      "t" : 1756438766006,
      "tn" : 1756438766006135554,
      "q" : "11",
      "p" : "0.10810",
      "s" : "buy",
      "i" : "PONKE_USD",
      "m" : "4611686018428003624"
    }, {
      "d" : "1756438686160991437",
      "t" : 1756438686160,
      "tn" : 1756438686160991437,
      "q" : "633",
      "p" : "0.10826",
      "s" : "buy",
      "i" : "PONKE_USD",
      "m" : "4611686018428003623"
    }, {
      "d" : "1756438685853634351",
      "t" : 1756438685853,
      "tn" : 1756438685853634351,
      "q" : "1660",
      "p" : "0.10826",
      "s" : "buy",
      "i" : "PONKE_USD",
      "m" : "4611686018428003622"
    }, {
      "d" : "1756438685498018696",
      "t" : 1756438685498,
      "tn" : 1756438685498018696,
      "q" : "1112",
      "p" : "0.10826",
      "s" : "buy",
      "i" : "PONKE_USD",
      "m" : "4611686018428003621"
    }, {
      "d" : "1756438685108163334",
      "t" : 1756438685108,
      "tn" : 1756438685108163334,
      "q" : "1555",
      "p" : "0.10826",
      "s" : "buy",
      "i" : "PONKE_USD",
      "m" : "4611686018428003620"
    }, {
      "d" : "1756438684801952467",
      "t" : 1756438684801,
      "tn" : 1756438684801952467,
      "q" : "1230",
      "p" : "0.10826",
      "s" : "buy",
      "i" : "PONKE_USD",
      "m" : "4611686018428003619"
    }, {
      "d" : "1756438684477690195",
      "t" : 1756438684477,
      "tn" : 1756438684477690195,
      "q" : "1119",
      "p" : "0.10826",
      "s" : "buy",
      "i" : "PONKE_USD",
      "m" : "4611686018428003618"
    }, {
      "d" : "1756438684128381212",
      "t" : 1756438684128,
      "tn" : 1756438684128381212,
      "q" : "5818",
      "p" : "0.10826",
      "s" : "buy",
      "i" : "PONKE_USD",
      "m" : "4611686018428003617"
    }, {
      "d" : "1756438683814875980",
      "t" : 1756438683814,
      "tn" : 1756438683814875980,
      "q" : "3482",
      "p" : "0.10826",
      "s" : "buy",
      "i" : "PONKE_USD",
      "m" : "4611686018428003616"
    }, {
      "d" : "1756438682998882329",
      "t" : 1756438682998,
      "tn" : 1756438682998882329,
      "q" : "2518",
      "p" : "0.10826",
      "s" : "buy",
      "i" : "PONKE_USD",
      "m" : "4611686018428003615"
    }, {
      "d" : "1756438682108048497",
      "t" : 1756438682108,
      "tn" : 1756438682108048497,
      "q" : "1042",
      "p" : "0.10826",
      "s" : "buy",
      "i" : "PONKE_USD",
      "m" : "4611686018428003614"
    }, {
      "d" : "1756438681777907465",
      "t" : 1756438681777,
      "tn" : 1756438681777907465,
      "q" : "2610",
      "p" : "0.10826",
      "s" : "buy",
      "i" : "PONKE_USD",
      "m" : "4611686018428003613"
    }, {
      "d" : "1756438681416778747",
      "t" : 1756438681416,
      "tn" : 1756438681416778747,
      "q" : "4018",
      "p" : "0.10826",
      "s" : "buy",
      "i" : "PONKE_USD",
      "m" : "4611686018428003612"
    }, {
      "d" : "1756438681208537751",
      "t" : 1756438681208,
      "tn" : 1756438681208537751,
      "q" : "920",
      "p" : "0.10826",
      "s" : "buy",
      "i" : "PONKE_USD",
      "m" : "4611686018428003611"
    }, {
      "d" : "1756438681107005723",
      "t" : 1756438681107,
      "tn" : 1756438681107005722,
      "q" : "1737",
      "p" : "0.10826",
      "s" : "buy",
      "i" : "PONKE_USD",
      "m" : "4611686018428003610"
    }, {
      "d" : "1756438681107005722",
      "t" : 1756438681107,
      "tn" : 1756438681107005722,
      "q" : "2486",
      "p" : "0.10826",
      "s" : "buy",
      "i" : "PONKE_USD",
      "m" : "4611686018428003610"
    }, {
      "d" : "1756438680708504376",
      "t" : 1756438680708,
      "tn" : 1756438680708504376,
      "q" : "920",
      "p" : "0.10826",
      "s" : "buy",
      "i" : "PONKE_USD",
      "m" : "4611686018428003609"
    }, {
      "d" : "1756438680524931586",
      "t" : 1756438680524,
      "tn" : 1756438680524931586,
      "q" : "6489",
      "p" : "0.10826",
      "s" : "buy",
      "i" : "PONKE_USD",
      "m" : "4611686018428003608"
    }, {
      "d" : "1756438680210006103",
      "t" : 1756438680210,
      "tn" : 1756438680210006103,
      "q" : "3394",
      "p" : "0.10826",
      "s" : "buy",
      "i" : "PONKE_USD",
      "m" : "4611686018428003607"
    }, {
      "d" : "1756438677321346565",
      "t" : 1756438677321,
      "tn" : 1756438677321346565,
      "q" : "799",
      "p" : "0.10812",
      "s" : "buy",
      "i" : "PONKE_USD",
      "m" : "4611686018428003606"
    }, {
      "d" : "1756438676933155938",
      "t" : 1756438676933,
      "tn" : 1756438676933155938,
      "q" : "1845",
      "p" : "0.10812",
      "s" : "buy",
      "i" : "PONKE_USD",
      "m" : "4611686018428003605"
    }, {
      "d" : "1756438676572440121",
      "t" : 1756438676572,
      "tn" : 1756438676572440121,
      "q" : "1175",
      "p" : "0.10812",
      "s" : "buy",
      "i" : "PONKE_USD",
      "m" : "4611686018428003604"
    }, {
      "d" : "1756438676270837885",
      "t" : 1756438676270,
      "tn" : 1756438676270837885,
      "q" : "2236",
      "p" : "0.10812",
      "s" : "buy",
      "i" : "PONKE_USD",
      "m" : "4611686018428003603"
    }, {
      "d" : "1756438675881379082",
      "t" : 1756438675881,
      "tn" : 1756438675881379082,
      "q" : "4805",
      "p" : "0.10812",
      "s" : "buy",
      "i" : "PONKE_USD",
      "m" : "4611686018428003602"
    }, {
      "d" : "1756438675555709631",
      "t" : 1756438675555,
      "tn" : 1756438675555709631,
      "q" : "1556",
      "p" : "0.10812",
      "s" : "buy",
      "i" : "PONKE_USD",
      "m" : "4611686018428003601"
    }, {
      "d" : "1756438675218974729",
      "t" : 1756438675218,
      "tn" : 1756438675218974729,
      "q" : "2063",
      "p" : "0.10812",
      "s" : "buy",
      "i" : "PONKE_USD",
      "m" : "4611686018428003600"
    }, {
      "d" : "1756438674865114338",
      "t" : 1756438674865,
      "tn" : 1756438674865114334,
      "q" : "2890",
      "p" : "0.10812",
      "s" : "buy",
      "i" : "PONKE_USD",
      "m" : "4611686018428003599"
    }, {
      "d" : "1756438674865114337",
      "t" : 1756438674865,
      "tn" : 1756438674865114334,
      "q" : "11",
      "p" : "0.10812",
      "s" : "buy",
      "i" : "PONKE_USD",
      "m" : "4611686018428003599"
    }, {
      "d" : "1756438674865114336",
      "t" : 1756438674865,
      "tn" : 1756438674865114334,
      "q" : "11",
      "p" : "0.10812",
      "s" : "buy",
      "i" : "PONKE_USD",
      "m" : "4611686018428003599"
    }, {
      "d" : "1756438674865114335",
      "t" : 1756438674865,
      "tn" : 1756438674865114334,
      "q" : "11",
      "p" : "0.10812",
      "s" : "buy",
      "i" : "PONKE_USD",
      "m" : "4611686018428003599"
    }, {
      "d" : "1756438674865114334",
      "t" : 1756438674865,
      "tn" : 1756438674865114334,
      "q" : "11",
      "p" : "0.10812",
      "s" : "buy",
      "i" : "PONKE_USD",
      "m" : "4611686018428003599"
    }, {
      "d" : "1756438674865106677",
      "t" : 1756438674865,
      "tn" : 1756438674865106677,
      "q" : "11",
      "p" : "0.10763",
      "s" : "buy",
      "i" : "PONKE_USD",
      "m" : "4611686018428003598"
    }, {
      "d" : "1756438505446951543",
      "t" : 1756438505446,
      "tn" : 1756438505446951542,
      "q" : "11",
      "p" : "0.10757",
      "s" : "sell",
      "i" : "PONKE_USD",
      "m" : "4611686018428003597"
    }, {
      "d" : "1756438505446951542",
      "t" : 1756438505446,
      "tn" : 1756438505446951542,
      "q" : "11",
      "p" : "0.10757",
      "s" : "sell",
      "i" : "PONKE_USD",
      "m" : "4611686018428003597"
    }, {
      "d" : "1756437404588948632",
      "t" : 1756437404588,
      "tn" : 1756437404588948631,
      "q" : "11",
      "p" : "0.10741",
      "s" : "sell",
      "i" : "PONKE_USD",
      "m" : "4611686018428003596"
    }, {
      "d" : "1756437404588948631",
      "t" : 1756437404588,
      "tn" : 1756437404588948631,
      "q" : "11",
      "p" : "0.10741",
      "s" : "sell",
      "i" : "PONKE_USD",
      "m" : "4611686018428003596"
    }, {
      "d" : "1756434701186765258",
      "t" : 1756434701186,
      "tn" : 1756434701186765258,
      "q" : "11",
      "p" : "0.10766",
      "s" : "sell",
      "i" : "PONKE_USD",
      "m" : "4611686018428003595"
    }, {
      "d" : "1756434701186763128",
      "t" : 1756434701186,
      "tn" : 1756434701186763128,
      "q" : "11",
      "p" : "0.10812",
      "s" : "sell",
      "i" : "PONKE_USD",
      "m" : "4611686018428003594"
    }, {
      "d" : "1756433641591881769",
      "t" : 1756433641591,
      "tn" : 1756433641591881769,
      "q" : "143",
      "p" : "0.10811",
      "s" : "buy",
      "i" : "PONKE_USD",
      "m" : "4611686018428003593"
    }, {
      "d" : "1756433119769327221",
      "t" : 1756433119769,
      "tn" : 1756433119769327221,
      "q" : "929",
      "p" : "0.10744",
      "s" : "buy",
      "i" : "PONKE_USD",
      "m" : "4611686018428003592"
    }, {
      "d" : "1756432960257696195",
      "t" : 1756432960257,
      "tn" : 1756432960257696195,
      "q" : "4571",
      "p" : "0.10665",
      "s" : "sell",
      "i" : "PONKE_USD",
      "m" : "4611686018428003591"
    }, {
      "d" : "1756430233336827998",
      "t" : 1756430233336,
      "tn" : 1756430233336827998,
      "q" : "165",
      "p" : "0.10822",
      "s" : "sell",
      "i" : "PONKE_USD",
      "m" : "4611686018428003590"
    }, {
      "d" : "1756429547726253856",
      "t" : 1756429547726,
      "tn" : 1756429547726253856,
      "q" : "11",
      "p" : "0.10899",
      "s" : "sell",
      "i" : "PONKE_USD",
      "m" : "4611686018428003589"
    }, {
      "d" : "1756429547726251726",
      "t" : 1756429547726,
      "tn" : 1756429547726251726,
      "q" : "11",
      "p" : "0.10983",
      "s" : "sell",
      "i" : "PONKE_USD",
      "m" : "4611686018428003588"
    }, {
      "d" : "1756428178241115154",
      "t" : 1756428178241,
      "tn" : 1756428178241115154,
      "q" : "120",
      "p" : "0.10934",
      "s" : "sell",
      "i" : "PONKE_USD",
      "m" : "4611686018428003587"
    }, {
      "d" : "1756428178241111926",
      "t" : 1756428178241,
      "tn" : 1756428178241111926,
      "q" : "11",
      "p" : "0.10978",
      "s" : "sell",
      "i" : "PONKE_USD",
      "m" : "4611686018428003586"
    }, {
      "d" : "1756427368464829740",
      "t" : 1756427368464,
      "tn" : 1756427368464829740,
      "q" : "4527",
      "p" : "0.11098",
      "s" : "buy",
      "i" : "PONKE_USD",
      "m" : "4611686018428003585"
    }, {
      "d" : "1756427368464827384",
      "t" : 1756427368464,
      "tn" : 1756427368464827384,
      "q" : "11",
      "p" : "0.11096",
      "s" : "buy",
      "i" : "PONKE_USD",
      "m" : "4611686018428003584"
    }, {
      "d" : "1756427289108122146",
      "t" : 1756427289108,
      "tn" : 1756427289108122146,
      "q" : "2614",
      "p" : "0.11050",
      "s" : "buy",
      "i" : "PONKE_USD",
      "m" : "4611686018428003583"
    }, {
      "d" : "1756427289108120484",
      "t" : 1756427289108,
      "tn" : 1756427289108120484,
      "q" : "11",
      "p" : "0.11025",
      "s" : "buy",
      "i" : "PONKE_USD",
      "m" : "4611686018428003582"
    }, {
      "d" : "1756426681394820661",
      "t" : 1756426681394,
      "tn" : 1756426681394820660,
      "q" : "11",
      "p" : "0.11025",
      "s" : "sell",
      "i" : "PONKE_USD",
      "m" : "4611686018428003581"
    }, {
      "d" : "1756426681394820660",
      "t" : 1756426681394,
      "tn" : 1756426681394820660,
      "q" : "11",
      "p" : "0.11025",
      "s" : "sell",
      "i" : "PONKE_USD",
      "m" : "4611686018428003581"
    }, {
      "d" : "1756425740271192004",
      "t" : 1756425740271,
      "tn" : 1756425740271192004,
      "q" : "165",
      "p" : "0.10995",
      "s" : "buy",
      "i" : "PONKE_USD",
      "m" : "4611686018428003580"
    }, {
      "d" : "1756418038799566486",
      "t" : 1756418038799,
      "tn" : 1756418038799566486,
      "q" : "183",
      "p" : "0.10750",
      "s" : "buy",
      "i" : "PONKE_USD",
      "m" : "4611686018428003579"
    }, {
      "d" : "1756415640395266653",
      "t" : 1756415640395,
      "tn" : 1756415640395266653,
      "q" : "183",
      "p" : "0.10693",
      "s" : "buy",
      "i" : "PONKE_USD",
      "m" : "4611686018428003578"
    }, {
      "d" : "1756412760847441629",
      "t" : 1756412760847,
      "tn" : 1756412760847441629,
      "q" : "178",
      "p" : "0.10660",
      "s" : "buy",
      "i" : "PONKE_USD",
      "m" : "4611686018428003577"
    }, {
      "d" : "1756411971483076254",
      "t" : 1756411971483,
      "tn" : 1756411971483076254,
      "q" : "178",
      "p" : "0.10573",
      "s" : "buy",
      "i" : "PONKE_USD",
      "m" : "4611686018428003576"
    }, {
      "d" : "1756411474016737892",
      "t" : 1756411474016,
      "tn" : 1756411474016737892,
      "q" : "1909",
      "p" : "0.10591",
      "s" : "buy",
      "i" : "PONKE_USD",
      "m" : "4611686018428003575"
    }, {
      "d" : "1756411474016629493",
      "t" : 1756411474016,
      "tn" : 1756411474016629492,
      "q" : "2832",
      "p" : "0.10590",
      "s" : "buy",
      "i" : "PONKE_USD",
      "m" : "4611686018428003574"
    }, {
      "d" : "1756411474016629492",
      "t" : 1756411474016,
      "tn" : 1756411474016629492,
      "q" : "1416",
      "p" : "0.10590",
      "s" : "buy",
      "i" : "PONKE_USD",
      "m" : "4611686018428003574"
    }, {
      "d" : "1756404425722750290",
      "t" : 1756404425722,
      "tn" : 1756404425722750290,
      "q" : "289",
      "p" : "0.10591",
      "s" : "sell",
      "i" : "PONKE_USD",
      "m" : "4611686018428003573"
    }, {
      "d" : "1756400916408998152",
      "t" : 1756400916408,
      "tn" : 1756400916408998152,
      "q" : "1544",
      "p" : "0.10543",
      "s" : "buy",
      "i" : "PONKE_USD",
      "m" : "4611686018428003572"
    }, {
      "d" : "1756400916021681255",
      "t" : 1756400916021,
      "tn" : 1756400916021681255,
      "q" : "2951",
      "p" : "0.10543",
      "s" : "buy",
      "i" : "PONKE_USD",
      "m" : "4611686018428003571"
    }, {
      "d" : "1756400915425963513",
      "t" : 1756400915425,
      "tn" : 1756400915425963513,
      "q" : "3295",
      "p" : "0.10543",
      "s" : "buy",
      "i" : "PONKE_USD",
      "m" : "4611686018428003570"
    }, {
      "d" : "1756400370422934820",
      "t" : 1756400370422,
      "tn" : 1756400370422934820,
      "q" : "1717",
      "p" : "0.10484",
      "s" : "sell",
      "i" : "PONKE_USD",
      "m" : "4611686018428003569"
    }, {
      "d" : "1756400357985770615",
      "t" : 1756400357985,
      "tn" : 1756400357985770615,
      "q" : "2019",
      "p" : "0.10484",
      "s" : "sell",
      "i" : "PONKE_USD",
      "m" : "4611686018428003568"
    }, {
      "d" : "1756400357547609314",
      "t" : 1756400357547,
      "tn" : 1756400357547609314,
      "q" : "1137",
      "p" : "0.10484",
      "s" : "sell",
      "i" : "PONKE_USD",
      "m" : "4611686018428003567"
    }, {
      "d" : "1756400357227232171",
      "t" : 1756400357227,
      "tn" : 1756400357227232171,
      "q" : "4166",
      "p" : "0.10484",
      "s" : "sell",
      "i" : "PONKE_USD",
      "m" : "4611686018428003566"
    }, {
      "d" : "1756400137648904869",
      "t" : 1756400137648,
      "tn" : 1756400137648904869,
      "q" : "1778",
      "p" : "0.10635",
      "s" : "sell",
      "i" : "PONKE_USD",
      "m" : "4611686018428003565"
    }, {
      "d" : "1756400137344619665",
      "t" : 1756400137344,
      "tn" : 1756400137344619665,
      "q" : "5944",
      "p" : "0.10635",
      "s" : "sell",
      "i" : "PONKE_USD",
      "m" : "4611686018428003564"
    }, {
      "d" : "1756400137038517471",
      "t" : 1756400137038,
      "tn" : 1756400137038517471,
      "q" : "4106",
      "p" : "0.10635",
      "s" : "sell",
      "i" : "PONKE_USD",
      "m" : "4611686018428003563"
    }, {
      "d" : "1756400136646717954",
      "t" : 1756400136646,
      "tn" : 1756400136646717954,
      "q" : "3412",
      "p" : "0.10635",
      "s" : "sell",
      "i" : "PONKE_USD",
      "m" : "4611686018428003562"
    }, {
      "d" : "1756396927125693182",
      "t" : 1756396927125,
      "tn" : 1756396927125693182,
      "q" : "2678",
      "p" : "0.10845",
      "s" : "sell",
      "i" : "PONKE_USD",
      "m" : "4611686018428003561"
    }, {
      "d" : "1756396927125691262",
      "t" : 1756396927125,
      "tn" : 1756396927125691262,
      "q" : "148",
      "p" : "0.10846",
      "s" : "sell",
      "i" : "PONKE_USD",
      "m" : "4611686018428003560"
    }, {
      "d" : "1756396155162440506",
      "t" : 1756396155162,
      "tn" : 1756396155162440506,
      "q" : "3637",
      "p" : "0.10835",
      "s" : "sell",
      "i" : "PONKE_USD",
      "m" : "4611686018428003559"
    }, {
      "d" : "1756396155162437748",
      "t" : 1756396155162,
      "tn" : 1756396155162437748,
      "q" : "121",
      "p" : "0.10836",
      "s" : "sell",
      "i" : "PONKE_USD",
      "m" : "4611686018428003558"
    }, {
      "d" : "1756396154841426550",
      "t" : 1756396154841,
      "tn" : 1756396154841426550,
      "q" : "129",
      "p" : "0.10836",
      "s" : "sell",
      "i" : "PONKE_USD",
      "m" : "4611686018428003557"
    }, {
      "d" : "1756396154250573844",
      "t" : 1756396154250,
      "tn" : 1756396154250573844,
      "q" : "1891",
      "p" : "0.10838",
      "s" : "sell",
      "i" : "PONKE_USD",
      "m" : "4611686018428003556"
    }, {
      "d" : "1756396153560606749",
      "t" : 1756396153560,
      "tn" : 1756396153560606748,
      "q" : "317",
      "p" : "0.10838",
      "s" : "sell",
      "i" : "PONKE_USD",
      "m" : "4611686018428003555"
    }, {
      "d" : "1756396153560606748",
      "t" : 1756396153560,
      "tn" : 1756396153560606748,
      "q" : "3031",
      "p" : "0.10838",
      "s" : "sell",
      "i" : "PONKE_USD",
      "m" : "4611686018428003555"
    }, {
      "d" : "1756396153119828931",
      "t" : 1756396153119,
      "tn" : 1756396153119828931,
      "q" : "2206",
      "p" : "0.10838",
      "s" : "sell",
      "i" : "PONKE_USD",
      "m" : "4611686018428003554"
    }, {
      "d" : "1756396152496400354",
      "t" : 1756396152496,
      "tn" : 1756396152496400354,
      "q" : "3078",
      "p" : "0.10838",
      "s" : "sell",
      "i" : "PONKE_USD",
      "m" : "4611686018428003553"
    }, {
      "d" : "1756394583072712972",
      "t" : 1756394583072,
      "tn" : 1756394583072712972,
      "q" : "1778",
      "p" : "0.10987",
      "s" : "sell",
      "i" : "PONKE_USD",
      "m" : "4611686018428003552"
    }, {
      "d" : "1756394582574912508",
      "t" : 1756394582574,
      "tn" : 1756394582574912508,
      "q" : "2580",
      "p" : "0.10987",
      "s" : "sell",
      "i" : "PONKE_USD",
      "m" : "4611686018428003551"
    }, {
      "d" : "1756394582079532570",
      "t" : 1756394582079,
      "tn" : 1756394582079532570,
      "q" : "875",
      "p" : "0.10987",
      "s" : "sell",
      "i" : "PONKE_USD",
      "m" : "4611686018428003550"
    }, {
      "d" : "1756394581732675557",
      "t" : 1756394581732,
      "tn" : 1756394581732675557,
      "q" : "1605",
      "p" : "0.10987",
      "s" : "sell",
      "i" : "PONKE_USD",
      "m" : "4611686018428003549"
    }, {
      "d" : "1756394581272854879",
      "t" : 1756394581272,
      "tn" : 1756394581272854879,
      "q" : "2609",
      "p" : "0.10987",
      "s" : "sell",
      "i" : "PONKE_USD",
      "m" : "4611686018428003548"
    }, {
      "d" : "1756394580920167657",
      "t" : 1756394580920,
      "tn" : 1756394580920167657,
      "q" : "425",
      "p" : "0.10987",
      "s" : "sell",
      "i" : "PONKE_USD",
      "m" : "4611686018428003547"
    }, {
      "d" : "1756394580508454112",
      "t" : 1756394580508,
      "tn" : 1756394580508454112,
      "q" : "2585",
      "p" : "0.10987",
      "s" : "sell",
      "i" : "PONKE_USD",
      "m" : "4611686018428003546"
    }, {
      "d" : "1756394580195027283",
      "t" : 1756394580195,
      "tn" : 1756394580195027283,
      "q" : "302",
      "p" : "0.10987",
      "s" : "sell",
      "i" : "PONKE_USD",
      "m" : "4611686018428003545"
    }, {
      "d" : "1756394579764466169",
      "t" : 1756394579764,
      "tn" : 1756394579764466169,
      "q" : "656",
      "p" : "0.10987",
      "s" : "sell",
      "i" : "PONKE_USD",
      "m" : "4611686018428003544"
    }, {
      "d" : "1756394579454850226",
      "t" : 1756394579454,
      "tn" : 1756394579454850225,
      "q" : "588",
      "p" : "0.10987",
      "s" : "sell",
      "i" : "PONKE_USD",
      "m" : "4611686018428003543"
    }, {
      "d" : "1756394579454850225",
      "t" : 1756394579454,
      "tn" : 1756394579454850225,
      "q" : "6305",
      "p" : "0.10987",
      "s" : "sell",
      "i" : "PONKE_USD",
      "m" : "4611686018428003543"
    }, {
      "d" : "1756394579154790843",
      "t" : 1756394579154,
      "tn" : 1756394579154790843,
      "q" : "353",
      "p" : "0.10987",
      "s" : "sell",
      "i" : "PONKE_USD",
      "m" : "4611686018428003542"
    }, {
      "d" : "1756394575288271558",
      "t" : 1756394575288,
      "tn" : 1756394575288271558,
      "q" : "11698",
      "p" : "0.10987",
      "s" : "sell",
      "i" : "PONKE_USD",
      "m" : "4611686018428003541"
    }, {
      "d" : "1756394574992310764",
      "t" : 1756394574992,
      "tn" : 1756394574992310764,
      "q" : "1350",
      "p" : "0.10981",
      "s" : "sell",
      "i" : "PONKE_USD",
      "m" : "4611686018428003540"
    }, {
      "d" : "1756394574984987997",
      "t" : 1756394574984,
      "tn" : 1756394574984987997,
      "q" : "89",
      "p" : "0.10981",
      "s" : "sell",
      "i" : "PONKE_USD",
      "m" : "4611686018428003539"
    }, {
      "d" : "1756394574984985025",
      "t" : 1756394574984,
      "tn" : 1756394574984985025,
      "q" : "330",
      "p" : "0.10983",
      "s" : "sell",
      "i" : "PONKE_USD",
      "m" : "4611686018428003538"
    }, {
      "d" : "1756394574984879735",
      "t" : 1756394574984,
      "tn" : 1756394574984879735,
      "q" : "1707",
      "p" : "0.10983",
      "s" : "sell",
      "i" : "PONKE_USD",
      "m" : "4611686018428003537"
    }, {
      "d" : "1756394574984878119",
      "t" : 1756394574984,
      "tn" : 1756394574984878119,
      "q" : "8044",
      "p" : "0.10984",
      "s" : "sell",
      "i" : "PONKE_USD",
      "m" : "4611686018428003536"
    }, {
      "d" : "1756394574984875687",
      "t" : 1756394574984,
      "tn" : 1756394574984875687,
      "q" : "1695",
      "p" : "0.10986",
      "s" : "sell",
      "i" : "PONKE_USD",
      "m" : "4611686018428003535"
    }, {
      "d" : "1756394574981602229",
      "t" : 1756394574981,
      "tn" : 1756394574981602229,
      "q" : "891",
      "p" : "0.10984",
      "s" : "sell",
      "i" : "PONKE_USD",
      "m" : "4611686018428003534"
    }, {
      "d" : "1756394574981600457",
      "t" : 1756394574981,
      "tn" : 1756394574981600457,
      "q" : "1695",
      "p" : "0.10986",
      "s" : "sell",
      "i" : "PONKE_USD",
      "m" : "4611686018428003533"
    }, {
      "d" : "1756394522063199606",
      "t" : 1756394522063,
      "tn" : 1756394522063199606,
      "q" : "1267",
      "p" : "0.11013",
      "s" : "sell",
      "i" : "PONKE_USD",
      "m" : "4611686018428003532"
    }, {
      "d" : "1756394521620357485",
      "t" : 1756394521620,
      "tn" : 1756394521620357485,
      "q" : "1357",
      "p" : "0.11013",
      "s" : "sell",
      "i" : "PONKE_USD",
      "m" : "4611686018428003531"
    }, {
      "d" : "1756394521211414633",
      "t" : 1756394521211,
      "tn" : 1756394521211414633,
      "q" : "5631",
      "p" : "0.11013",
      "s" : "sell",
      "i" : "PONKE_USD",
      "m" : "4611686018428003530"
    }, {
      "d" : "1756394520900043423",
      "t" : 1756394520900,
      "tn" : 1756394520900043423,
      "q" : "2514",
      "p" : "0.11013",
      "s" : "sell",
      "i" : "PONKE_USD",
      "m" : "4611686018428003529"
    }, {
      "d" : "1756391176495050541",
      "t" : 1756391176495,
      "tn" : 1756391176495050541,
      "q" : "4268",
      "p" : "0.10994",
      "s" : "buy",
      "i" : "PONKE_USD",
      "m" : "4611686018428003528"
    } ]
  }
}