{
  "id" : -1,
  "method" : "public/get-trades",
  "code" : 0,
  "result" : {
    "data" : [ {
      "d" : "1756451681415910479",
      "t" : 1756451681415,
      "tn" : 1756451681415910479,
      "q" : "10",
      "p" : "0.10433",
      "s" : "sell",
      "i" : "PONKEUSD-PERP",
      "m" : "4611686018428034277"
    }, {
      "d" : "1756440592368679645",
      "t" : 1756440592368,
      "tn" : 1756440592368679645,
      "q" : "10",
      "p" : "0.10831",
      "s" : "buy",
      "i" : "PONKEUSD-PERP",
      "m" : "4611686018428034276"
    }, {
      "d" : "1756440592366894679",
      "t" : 1756440592366,
      "tn" : 1756440592366894679,
      "q" : "20",
      "p" : "0.10854",
      "s" : "buy",
      "i" : "PONKEUSD-PERP",
      "m" : "4611686018428034275"
    }, {
      "d" : "1756440592366834867",
      "t" : 1756440592366,
      "tn" : 1756440592366834867,
      "q" : "440",
      "p" : "0.10854",
      "s" : "buy",
      "i" : "PONKEUSD-PERP",
      "m" : "4611686018428034274"
    }, {
      "d" : "1756440592366832947",
      "t" : 1756440592366,
      "tn" : 1756440592366832947,
      "q" : "460",
      "p" : "0.10852",
      "s" : "buy",
      "i" : "PONKEUSD-PERP",
      "m" : "4611686018428034273"
    }, {
      "d" : "1756440592366830122",
      "t" : 1756440592366,
      "tn" : 1756440592366830122,
      "q" : "460",
      "p" : "0.10850",
      "s" : "buy",
      "i" : "PONKEUSD-PERP",
      "m" : "4611686018428034272"
    }, {
      "d" : "1756440592366827523",
      "t" : 1756440592366,
      "tn" : 1756440592366827523,
      "q" : "920",
      "p" : "0.10846",
      "s" : "buy",
      "i" : "PONKEUSD-PERP",
      "m" : "4611686018428034271"
    }, {
      "d" : "1756440592366824278",
      "t" : 1756440592366,
      "tn" : 1756440592366824278,
      "q" : "10",
      "p" : "0.10825",
      "s" : "buy",
      "i" : "PONKEUSD-PERP",
      "m" : "4611686018428034270"
    }, {
      "d" : "1756440592366821404",
      "t" : 1756440592366,
      "tn" : 1756440592366821404,
      "q" : "10",
      "p" : "0.10823",
      "s" : "buy",
      "i" : "PONKEUSD-PERP",
      "m" : "4611686018428034269"
    }, {
      "d" : "1756438681207443230",
      "t" : 1756438681207,
      "tn" : 1756438681207443230,
      "q" : "920",
      "p" : "0.10830",
      "s" : "buy",
      "i" : "PONKEUSD-PERP",
      "m" : "4611686018428034268"
    }, {
      "d" : "1756438680707427971",
      "t" : 1756438680707,
      "tn" : 1756438680707427971,
      "q" : "920",
      "p" : "0.10828",
      "s" : "buy",
      "i" : "PONKEUSD-PERP",
      "m" : "4611686018428034267"
    }, {
      "d" : "1756433665428047500",
      "t" : 1756433665428,
      "tn" : 1756433665428047500,
      "q" : "10",
      "p" : "0.10831",
      "s" : "sell",
      "i" : "PONKEUSD-PERP",
      "m" : "4611686018428034266"
    }, {
      "d" : "1756433665428044961",
      "t" : 1756433665428,
      "tn" : 1756433665428044961,
      "q" : "10",
      "p" : "0.10833",
      "s" : "sell",
      "i" : "PONKEUSD-PERP",
      "m" : "4611686018428034265"
    }, {
      "d" : "1756433119765293397",
      "t" : 1756433119765,
      "tn" : 1756433119765293397,
      "q" : "930",
      "p" : "0.10712",
      "s" : "buy",
      "i" : "PONKEUSD-PERP",
      "m" : "4611686018428034264"
    }, {
      "d" : "1756433119765291100",
      "t" : 1756433119765,
      "tn" : 1756433119765291100,
      "q" : "10",
      "p" : "0.10705",
      "s" : "buy",
      "i" : "PONKEUSD-PERP",
      "m" : "4611686018428034263"
    }, {
      "d" : "1756433119765288590",
      "t" : 1756433119765,
      "tn" : 1756433119765288590,
      "q" : "10",
      "p" : "0.10703",
      "s" : "buy",
      "i" : "PONKEUSD-PERP",
      "m" : "4611686018428034262"
    }, {
      "d" : "1756429988018929686",
      "t" : 1756429988018,
      "tn" : 1756429988018929686,
      "q" : "10",
      "p" : "0.10851",
      "s" : "sell",
      "i" : "PONKEUSD-PERP",
      "m" : "4611686018428034261"
    }, {
      "d" : "1756429988018927525",
      "t" : 1756429988018,
      "tn" : 1756429988018927525,
      "q" : "10",
      "p" : "0.10854",
      "s" : "sell",
      "i" : "PONKEUSD-PERP",
      "m" : "4611686018428034260"
    }, {
      "d" : "1756426499886506464",
      "t" : 1756426499886,
      "tn" : 1756426499886506464,
      "q" : "10",
      "p" : "0.11000",
      "s" : "buy",
      "i" : "PONKEUSD-PERP",
      "m" : "4611686018428034259"
    }, {
      "d" : "1756425623361515512",
      "t" : 1756425623361,
      "tn" : 1756425623361515512,
      "q" : "10",
      "p" : "0.10998",
      "s" : "buy",
      "i" : "PONKEUSD-PERP",
      "m" : "4611686018428034258"
    }, {
      "d" : "1756425623361513143",
      "t" : 1756425623361,
      "tn" : 1756425623361513143,
      "q" : "10",
      "p" : "0.10996",
      "s" : "buy",
      "i" : "PONKEUSD-PERP",
      "m" : "4611686018428034257"
    }, {
      "d" : "1756412343575743720",
      "t" : 1756412343575,
      "tn" : 1756412343575743720,
      "q" : "10",
      "p" : "0.10627",
      "s" : "buy",
      "i" : "PONKEUSD-PERP",
      "m" : "4611686018428034256"
    }, {
      "d" : "1756411474017591281",
      "t" : 1756411474017,
      "tn" : 1756411474017591281,
      "q" : "10",
      "p" : "0.10578",
      "s" : "buy",
      "i" : "PONKEUSD-PERP",
      "m" : "4611686018428034255"
    }, {
      "d" : "1756400742883520599",
      "t" : 1756400742883,
      "tn" : 1756400742883520599,
      "q" : "10",
      "p" : "0.10467",
      "s" : "buy",
      "i" : "PONKEUSD-PERP",
      "m" : "4611686018428034254"
    }, {
      "d" : "1756400293413877788",
      "t" : 1756400293413,
      "tn" : 1756400293413877788,
      "q" : "10",
      "p" : "0.10549",
      "s" : "sell",
      "i" : "PONKEUSD-PERP",
      "m" : "4611686018428034253"
    }, {
      "d" : "1756400293413875044",
      "t" : 1756400293413,
      "tn" : 1756400293413875044,
      "q" : "10",
      "p" : "0.10551",
      "s" : "sell",
      "i" : "PONKEUSD-PERP",
      "m" : "4611686018428034252"
    }, {
      "d" : "1756400137591093206",
      "t" : 1756400137591,
      "tn" : 1756400137591093206,
      "q" : "10",
      "p" : "0.10628",
      "s" : "sell",
      "i" : "PONKEUSD-PERP",
      "m" : "4611686018428034251"
    }, {
      "d" : "1756395427878278481",
      "t" : 1756395427878,
      "tn" : 1756395427878278481,
      "q" : "10",
      "p" : "0.10929",
      "s" : "sell",
      "i" : "PONKEUSD-PERP",
      "m" : "4611686018428034250"
    }, {
      "d" : "1756395427878275908",
      "t" : 1756395427878,
      "tn" : 1756395427878275908,
      "q" : "10",
      "p" : "0.10932",
      "s" : "sell",
      "i" : "PONKEUSD-PERP",
      "m" : "4611686018428034249"
    }, {
      "d" : "1756394574981460906",
      "t" : 1756394574981,
      "tn" : 1756394574981460906,
      "q" : "450",
      "p" : "0.10984",
      "s" : "sell",
      "i" : "PONKEUSD-PERP",
      "m" : "4611686018428034248"
    }, {
      "d" : "1756394574981458802",
      "t" : 1756394574981,
      "tn" : 1756394574981458802,
      "q" : "450",
      "p" : "0.10986",
      "s" : "sell",
      "i" : "PONKEUSD-PERP",
      "m" : "4611686018428034247"
    }, {
      "d" : "1756394574981456570",
      "t" : 1756394574981,
      "tn" : 1756394574981456570,
      "q" : "450",
      "p" : "0.10988",
      "s" : "sell",
      "i" : "PONKEUSD-PERP",
      "m" : "4611686018428034246"
    }, {
      "d" : "1756394574981454459",
      "t" : 1756394574981,
      "tn" : 1756394574981454459,
      "q" : "450",
      "p" : "0.10990",
      "s" : "sell",
      "i" : "PONKEUSD-PERP",
      "m" : "4611686018428034245"
    }, {
      "d" : "1756394574981451896",
      "t" : 1756394574981,
      "tn" : 1756394574981451896,
      "q" : "10",
      "p" : "0.11001",
      "s" : "sell",
      "i" : "PONKEUSD-PERP",
      "m" : "4611686018428034244"
    }, {
      "d" : "1756394574981449436",
      "t" : 1756394574981,
      "tn" : 1756394574981449436,
      "q" : "10",
      "p" : "0.11007",
      "s" : "sell",
      "i" : "PONKEUSD-PERP",
      "m" : "4611686018428034243"
    }, {
      "d" : "1756387848408749058",
      "t" : 1756387848408,
      "tn" : 1756387848408749057,
      "q" : "10",
      "p" : "0.10946",
      "s" : "buy",
      "i" : "PONKEUSD-PERP",
      "m" : "4611686018428034242"
    }, {
      "d" : "1756387848408749057",
      "t" : 1756387848408,
      "tn" : 1756387848408749057,
      "q" : "10",
      "p" : "0.10946",
      "s" : "buy",
      "i" : "PONKEUSD-PERP",
      "m" : "4611686018428034242"
    }, {
      "d" : "1756384377573784104",
      "t" : 1756384377573,
      "tn" : 1756384377573784104,
      "q" : "10",
      "p" : "0.10878",
      "s" : "buy",
      "i" : "PONKEUSD-PERP",
      "m" : "4611686018428034241"
    }, {
      "d" : "1756384375437819782",
      "t" : 1756384375437,
      "tn" : 1756384375437819782,
      "q" : "10",
      "p" : "0.10857",
      "s" : "buy",
      "i" : "PONKEUSD-PERP",
      "m" : "4611686018428034240"
    } ]
  }
}