{
  "id" : -1,
  "method" : "public/get-trades",
  "code" : 0,
  "result" : {
    "data" : [ {
      "d" : "1756454952141456962",
      "t" : 1756454952141,
      "tn" : 1756454952141456962,
      "q" : "1",
      "p" : "0.25944",
      "s" : "sell",
      "i" : "POPCATUSD-PERP",
      "m" : "4611686018427869771"
    }, {
      "d" : "1756454952141454968",
      "t" : 1756454952141,
      "tn" : 1756454952141454968,
      "q" : "1",
      "p" : "0.25946",
      "s" : "sell",
      "i" : "POPCATUSD-PERP",
      "m" : "4611686018427869770"
    }, {
      "d" : "1756452757517973829",
      "t" : 1756452757517,
      "tn" : 1756452757517973829,
      "q" : "1",
      "p" : "0.26193",
      "s" : "buy",
      "i" : "POPCATUSD-PERP",
      "m" : "4611686018427869769"
    }, {
      "d" : "1756451595421913682",
      "t" : 1756451595421,
      "tn" : 1756451595421913682,
      "q" : "50",
      "p" : "0.26190",
      "s" : "sell",
      "i" : "POPCATUSD-PERP",
      "m" : "4611686018427869768"
    }, {
      "d" : "1756451595421911870",
      "t" : 1756451595421,
      "tn" : 1756451595421911870,
      "q" : "1",
      "p" : "0.26196",
      "s" : "sell",
      "i" : "POPCATUSD-PERP",
      "m" : "4611686018427869767"
    }, {
      "d" : "1756451296081547521",
      "t" : 1756451296081,
      "tn" : 1756451296081547521,
      "q" : "1",
      "p" : "0.26349",
      "s" : "sell",
      "i" : "POPCATUSD-PERP",
      "m" : "4611686018427869766"
    }, {
      "d" : "1756451296081545045",
      "t" : 1756451296081,
      "tn" : 1756451296081545045,
      "q" : "1",
      "p" : "0.26356",
      "s" : "sell",
      "i" : "POPCATUSD-PERP",
      "m" : "4611686018427869765"
    }, {
      "d" : "1756451291073728275",
      "t" : 1756451291073,
      "tn" : 1756451291073728275,
      "q" : "1",
      "p" : "0.26373",
      "s" : "sell",
      "i" : "POPCATUSD-PERP",
      "m" : "4611686018427869764"
    }, {
      "d" : "1756451291073725635",
      "t" : 1756451291073,
      "tn" : 1756451291073725635,
      "q" : "1",
      "p" : "0.26376",
      "s" : "sell",
      "i" : "POPCATUSD-PERP",
      "m" : "4611686018427869763"
    }, {
      "d" : "1756450984598670255",
      "t" : 1756450984598,
      "tn" : 1756450984598670255,
      "q" : "3000",
      "p" : "0.26474",
      "s" : "buy",
      "i" : "POPCATUSD-PERP",
      "m" : "4611686018427869762"
    }, {
      "d" : "1756450902320745658",
      "t" : 1756450902320,
      "tn" : 1756450902320745658,
      "q" : "30",
      "p" : "0.26597",
      "s" : "sell",
      "i" : "POPCATUSD-PERP",
      "m" : "4611686018427869761"
    }, {
      "d" : "1756440318404922574",
      "t" : 1756440318404,
      "tn" : 1756440318404922574,
      "q" : "1",
      "p" : "0.27294",
      "s" : "buy",
      "i" : "POPCATUSD-PERP",
      "m" : "4611686018427869760"
    }, {
      "d" : "1756432386926485436",
      "t" : 1756432386926,
      "tn" : 1756432386926485436,
      "q" : "1",
      "p" : "0.26922",
      "s" : "sell",
      "i" : "POPCATUSD-PERP",
      "m" : "4611686018427869759"
    }, {
      "d" : "1756432386926483560",
      "t" : 1756432386926,
      "tn" : 1756432386926483560,
      "q" : "1",
      "p" : "0.26927",
      "s" : "sell",
      "i" : "POPCATUSD-PERP",
      "m" : "4611686018427869758"
    }, {
      "d" : "1756432381822869454",
      "t" : 1756432381822,
      "tn" : 1756432381822869454,
      "q" : "1122",
      "p" : "0.26888",
      "s" : "sell",
      "i" : "POPCATUSD-PERP",
      "m" : "4611686018427869757"
    }, {
      "d" : "1756432381822867795",
      "t" : 1756432381822,
      "tn" : 1756432381822867795,
      "q" : "7",
      "p" : "0.26900",
      "s" : "sell",
      "i" : "POPCATUSD-PERP",
      "m" : "4611686018427869756"
    }, {
      "d" : "1756432381822865152",
      "t" : 1756432381822,
      "tn" : 1756432381822865152,
      "q" : "100",
      "p" : "0.26901",
      "s" : "sell",
      "i" : "POPCATUSD-PERP",
      "m" : "4611686018427869755"
    }, {
      "d" : "1756429709260203567",
      "t" : 1756429709260,
      "tn" : 1756429709260203567,
      "q" : "1",
      "p" : "0.27075",
      "s" : "sell",
      "i" : "POPCATUSD-PERP",
      "m" : "4611686018427869754"
    }, {
      "d" : "1756429709260201724",
      "t" : 1756429709260,
      "tn" : 1756429709260201724,
      "q" : "1",
      "p" : "0.27087",
      "s" : "sell",
      "i" : "POPCATUSD-PERP",
      "m" : "4611686018427869753"
    }, {
      "d" : "1756429695661213752",
      "t" : 1756429695661,
      "tn" : 1756429695661213752,
      "q" : "1",
      "p" : "0.27126",
      "s" : "sell",
      "i" : "POPCATUSD-PERP",
      "m" : "4611686018427869752"
    }, {
      "d" : "1756429695661211109",
      "t" : 1756429695661,
      "tn" : 1756429695661211109,
      "q" : "1",
      "p" : "0.27137",
      "s" : "sell",
      "i" : "POPCATUSD-PERP",
      "m" : "4611686018427869751"
    }, {
      "d" : "1756429554161393280",
      "t" : 1756429554161,
      "tn" : 1756429554161393280,
      "q" : "1",
      "p" : "0.27162",
      "s" : "sell",
      "i" : "POPCATUSD-PERP",
      "m" : "4611686018427869750"
    }, {
      "d" : "1756429554161391127",
      "t" : 1756429554161,
      "tn" : 1756429554161391127,
      "q" : "1",
      "p" : "0.27167",
      "s" : "sell",
      "i" : "POPCATUSD-PERP",
      "m" : "4611686018427869749"
    }, {
      "d" : "1756420361826274439",
      "t" : 1756420361826,
      "tn" : 1756420361826274439,
      "q" : "492",
      "p" : "0.27464",
      "s" : "buy",
      "i" : "POPCATUSD-PERP",
      "m" : "4611686018427869748"
    }, {
      "d" : "1756420361826272341",
      "t" : 1756420361826,
      "tn" : 1756420361826272341,
      "q" : "728",
      "p" : "0.27462",
      "s" : "buy",
      "i" : "POPCATUSD-PERP",
      "m" : "4611686018427869747"
    }, {
      "d" : "1756420361826269530",
      "t" : 1756420361826,
      "tn" : 1756420361826269530,
      "q" : "7",
      "p" : "0.27432",
      "s" : "buy",
      "i" : "POPCATUSD-PERP",
      "m" : "4611686018427869746"
    }, {
      "d" : "1756420361826266404",
      "t" : 1756420361826,
      "tn" : 1756420361826266404,
      "q" : "1",
      "p" : "0.27417",
      "s" : "buy",
      "i" : "POPCATUSD-PERP",
      "m" : "4611686018427869745"
    }, {
      "d" : "1756420361826263919",
      "t" : 1756420361826,
      "tn" : 1756420361826263919,
      "q" : "1",
      "p" : "0.27404",
      "s" : "buy",
      "i" : "POPCATUSD-PERP",
      "m" : "4611686018427869744"
    }, {
      "d" : "1756419791121669146",
      "t" : 1756419791121,
      "tn" : 1756419791121669146,
      "q" : "1",
      "p" : "0.27297",
      "s" : "sell",
      "i" : "POPCATUSD-PERP",
      "m" : "4611686018427869743"
    }, {
      "d" : "1756419791121666539",
      "t" : 1756419791121,
      "tn" : 1756419791121666539,
      "q" : "1",
      "p" : "0.27307",
      "s" : "sell",
      "i" : "POPCATUSD-PERP",
      "m" : "4611686018427869742"
    }, {
      "d" : "1756408678206854392",
      "t" : 1756408678206,
      "tn" : 1756408678206854392,
      "q" : "558",
      "p" : "0.26874",
      "s" : "sell",
      "i" : "POPCATUSD-PERP",
      "m" : "4611686018427869741"
    }, {
      "d" : "1756401546334911764",
      "t" : 1756401546334,
      "tn" : 1756401546334911764,
      "q" : "1",
      "p" : "0.26524",
      "s" : "buy",
      "i" : "POPCATUSD-PERP",
      "m" : "4611686018427869740"
    }, {
      "d" : "1756401536148072077",
      "t" : 1756401536148,
      "tn" : 1756401536148072077,
      "q" : "1",
      "p" : "0.26524",
      "s" : "buy",
      "i" : "POPCATUSD-PERP",
      "m" : "4611686018427869739"
    }, {
      "d" : "1756401524788146986",
      "t" : 1756401524788,
      "tn" : 1756401524788146986,
      "q" : "1",
      "p" : "0.26504",
      "s" : "buy",
      "i" : "POPCATUSD-PERP",
      "m" : "4611686018427869738"
    }, {
      "d" : "1756401514495159980",
      "t" : 1756401514495,
      "tn" : 1756401514495159980,
      "q" : "1",
      "p" : "0.26484",
      "s" : "buy",
      "i" : "POPCATUSD-PERP",
      "m" : "4611686018427869737"
    }, {
      "d" : "1756401341022161115",
      "t" : 1756401341022,
      "tn" : 1756401341022161115,
      "q" : "1",
      "p" : "0.26453",
      "s" : "buy",
      "i" : "POPCATUSD-PERP",
      "m" : "4611686018427869736"
    }, {
      "d" : "1756401325098561946",
      "t" : 1756401325098,
      "tn" : 1756401325098561946,
      "q" : "1",
      "p" : "0.26483",
      "s" : "buy",
      "i" : "POPCATUSD-PERP",
      "m" : "4611686018427869735"
    }, {
      "d" : "1756401311104993150",
      "t" : 1756401311104,
      "tn" : 1756401311104993150,
      "q" : "1",
      "p" : "0.26483",
      "s" : "buy",
      "i" : "POPCATUSD-PERP",
      "m" : "4611686018427869734"
    }, {
      "d" : "1756401295121056151",
      "t" : 1756401295121,
      "tn" : 1756401295121056151,
      "q" : "1",
      "p" : "0.26473",
      "s" : "buy",
      "i" : "POPCATUSD-PERP",
      "m" : "4611686018427869733"
    }, {
      "d" : "1756401281946717734",
      "t" : 1756401281946,
      "tn" : 1756401281946717734,
      "q" : "1",
      "p" : "0.26463",
      "s" : "buy",
      "i" : "POPCATUSD-PERP",
      "m" : "4611686018427869732"
    }, {
      "d" : "1756401271939419603",
      "t" : 1756401271939,
      "tn" : 1756401271939419603,
      "q" : "1",
      "p" : "0.26463",
      "s" : "buy",
      "i" : "POPCATUSD-PERP",
      "m" : "4611686018427869731"
    }, {
      "d" : "1756401261880980322",
      "t" : 1756401261880,
      "tn" : 1756401261880980322,
      "q" : "1",
      "p" : "0.26462",
      "s" : "buy",
      "i" : "POPCATUSD-PERP",
      "m" : "4611686018427869730"
    }, {
      "d" : "1756400804486753547",
      "t" : 1756400804486,
      "tn" : 1756400804486753547,
      "q" : "1",
      "p" : "0.26432",
      "s" : "buy",
      "i" : "POPCATUSD-PERP",
      "m" : "4611686018427869729"
    }, {
      "d" : "1756400776432911742",
      "t" : 1756400776432,
      "tn" : 1756400776432911742,
      "q" : "1",
      "p" : "0.26412",
      "s" : "buy",
      "i" : "POPCATUSD-PERP",
      "m" : "4611686018427869728"
    }, {
      "d" : "1756400765307018242",
      "t" : 1756400765307,
      "tn" : 1756400765307018242,
      "q" : "1",
      "p" : "0.26422",
      "s" : "buy",
      "i" : "POPCATUSD-PERP",
      "m" : "4611686018427869727"
    }, {
      "d" : "1756400741240852346",
      "t" : 1756400741240,
      "tn" : 1756400741240852346,
      "q" : "1",
      "p" : "0.26372",
      "s" : "buy",
      "i" : "POPCATUSD-PERP",
      "m" : "4611686018427869726"
    }, {
      "d" : "1756400727450092089",
      "t" : 1756400727450,
      "tn" : 1756400727450092089,
      "q" : "1",
      "p" : "0.26422",
      "s" : "buy",
      "i" : "POPCATUSD-PERP",
      "m" : "4611686018427869725"
    }, {
      "d" : "1756400568817120059",
      "t" : 1756400568817,
      "tn" : 1756400568817120059,
      "q" : "1",
      "p" : "0.26531",
      "s" : "buy",
      "i" : "POPCATUSD-PERP",
      "m" : "4611686018427869724"
    }, {
      "d" : "1756400558689848050",
      "t" : 1756400558689,
      "tn" : 1756400558689848050,
      "q" : "1",
      "p" : "0.26521",
      "s" : "buy",
      "i" : "POPCATUSD-PERP",
      "m" : "4611686018427869723"
    }, {
      "d" : "1756400547999769565",
      "t" : 1756400547999,
      "tn" : 1756400547999769565,
      "q" : "1",
      "p" : "0.26531",
      "s" : "buy",
      "i" : "POPCATUSD-PERP",
      "m" : "4611686018427869722"
    }, {
      "d" : "1756400537952512913",
      "t" : 1756400537952,
      "tn" : 1756400537952512913,
      "q" : "1",
      "p" : "0.26551",
      "s" : "buy",
      "i" : "POPCATUSD-PERP",
      "m" : "4611686018427869721"
    }, {
      "d" : "1756400526665941087",
      "t" : 1756400526665,
      "tn" : 1756400526665941087,
      "q" : "1",
      "p" : "0.26541",
      "s" : "buy",
      "i" : "POPCATUSD-PERP",
      "m" : "4611686018427869720"
    }, {
      "d" : "1756400516617543657",
      "t" : 1756400516617,
      "tn" : 1756400516617543657,
      "q" : "1",
      "p" : "0.26521",
      "s" : "buy",
      "i" : "POPCATUSD-PERP",
      "m" : "4611686018427869719"
    }, {
      "d" : "1756400504885364136",
      "t" : 1756400504885,
      "tn" : 1756400504885364136,
      "q" : "1",
      "p" : "0.26520",
      "s" : "buy",
      "i" : "POPCATUSD-PERP",
      "m" : "4611686018427869718"
    }, {
      "d" : "1756400493478596172",
      "t" : 1756400493478,
      "tn" : 1756400493478596172,
      "q" : "1",
      "p" : "0.26490",
      "s" : "buy",
      "i" : "POPCATUSD-PERP",
      "m" : "4611686018427869717"
    }, {
      "d" : "1756400483476246405",
      "t" : 1756400483476,
      "tn" : 1756400483476246405,
      "q" : "1",
      "p" : "0.26490",
      "s" : "buy",
      "i" : "POPCATUSD-PERP",
      "m" : "4611686018427869716"
    }, {
      "d" : "1756400473191155861",
      "t" : 1756400473191,
      "tn" : 1756400473191155861,
      "q" : "1",
      "p" : "0.26480",
      "s" : "buy",
      "i" : "POPCATUSD-PERP",
      "m" : "4611686018427869715"
    }, {
      "d" : "1756400361721714162",
      "t" : 1756400361721,
      "tn" : 1756400361721714162,
      "q" : "1",
      "p" : "0.26439",
      "s" : "sell",
      "i" : "POPCATUSD-PERP",
      "m" : "4611686018427869714"
    }, {
      "d" : "1756400361721711820",
      "t" : 1756400361721,
      "tn" : 1756400361721711820,
      "q" : "1",
      "p" : "0.26443",
      "s" : "sell",
      "i" : "POPCATUSD-PERP",
      "m" : "4611686018427869713"
    }, {
      "d" : "1756400325152578157",
      "t" : 1756400325152,
      "tn" : 1756400325152578157,
      "q" : "1",
      "p" : "0.26590",
      "s" : "buy",
      "i" : "POPCATUSD-PERP",
      "m" : "4611686018427869712"
    }, {
      "d" : "1756400313121756135",
      "t" : 1756400313121,
      "tn" : 1756400313121756135,
      "q" : "1",
      "p" : "0.26590",
      "s" : "buy",
      "i" : "POPCATUSD-PERP",
      "m" : "4611686018427869711"
    }, {
      "d" : "1756400299840960032",
      "t" : 1756400299840,
      "tn" : 1756400299840960032,
      "q" : "1",
      "p" : "0.26600",
      "s" : "buy",
      "i" : "POPCATUSD-PERP",
      "m" : "4611686018427869710"
    }, {
      "d" : "1756400288720006750",
      "t" : 1756400288720,
      "tn" : 1756400288720006750,
      "q" : "1",
      "p" : "0.26640",
      "s" : "buy",
      "i" : "POPCATUSD-PERP",
      "m" : "4611686018427869709"
    }, {
      "d" : "1756400276150719610",
      "t" : 1756400276150,
      "tn" : 1756400276150719610,
      "q" : "1",
      "p" : "0.26639",
      "s" : "buy",
      "i" : "POPCATUSD-PERP",
      "m" : "4611686018427869708"
    }, {
      "d" : "1756400266126173968",
      "t" : 1756400266126,
      "tn" : 1756400266126173968,
      "q" : "1",
      "p" : "0.26649",
      "s" : "buy",
      "i" : "POPCATUSD-PERP",
      "m" : "4611686018427869707"
    }, {
      "d" : "1756400256094126399",
      "t" : 1756400256094,
      "tn" : 1756400256094126399,
      "q" : "1",
      "p" : "0.26659",
      "s" : "buy",
      "i" : "POPCATUSD-PERP",
      "m" : "4611686018427869706"
    }, {
      "d" : "1756400246072111553",
      "t" : 1756400246072,
      "tn" : 1756400246072111553,
      "q" : "1",
      "p" : "0.26669",
      "s" : "buy",
      "i" : "POPCATUSD-PERP",
      "m" : "4611686018427869705"
    }, {
      "d" : "1756400236022435213",
      "t" : 1756400236022,
      "tn" : 1756400236022435213,
      "q" : "1",
      "p" : "0.26689",
      "s" : "buy",
      "i" : "POPCATUSD-PERP",
      "m" : "4611686018427869704"
    }, {
      "d" : "1756399958193323585",
      "t" : 1756399958193,
      "tn" : 1756399958193323585,
      "q" : "1",
      "p" : "0.26849",
      "s" : "buy",
      "i" : "POPCATUSD-PERP",
      "m" : "4611686018427869703"
    }, {
      "d" : "1756399941526120267",
      "t" : 1756399941526,
      "tn" : 1756399941526120267,
      "q" : "1",
      "p" : "0.26848",
      "s" : "buy",
      "i" : "POPCATUSD-PERP",
      "m" : "4611686018427869702"
    }, {
      "d" : "1756399930500251665",
      "t" : 1756399930500,
      "tn" : 1756399930500251665,
      "q" : "1",
      "p" : "0.26848",
      "s" : "buy",
      "i" : "POPCATUSD-PERP",
      "m" : "4611686018427869701"
    }, {
      "d" : "1756399450619999043",
      "t" : 1756399450619,
      "tn" : 1756399450619999043,
      "q" : "1",
      "p" : "0.26978",
      "s" : "buy",
      "i" : "POPCATUSD-PERP",
      "m" : "4611686018427869700"
    }, {
      "d" : "1756399440378916040",
      "t" : 1756399440378,
      "tn" : 1756399440378916040,
      "q" : "1",
      "p" : "0.26978",
      "s" : "buy",
      "i" : "POPCATUSD-PERP",
      "m" : "4611686018427869699"
    }, {
      "d" : "1756399426203091005",
      "t" : 1756399426203,
      "tn" : 1756399426203091005,
      "q" : "1",
      "p" : "0.26988",
      "s" : "buy",
      "i" : "POPCATUSD-PERP",
      "m" : "4611686018427869698"
    }, {
      "d" : "1756399404193023247",
      "t" : 1756399404193,
      "tn" : 1756399404193023247,
      "q" : "1",
      "p" : "0.26988",
      "s" : "buy",
      "i" : "POPCATUSD-PERP",
      "m" : "4611686018427869697"
    }, {
      "d" : "1756399394120595977",
      "t" : 1756399394120,
      "tn" : 1756399394120595977,
      "q" : "1",
      "p" : "0.26997",
      "s" : "buy",
      "i" : "POPCATUSD-PERP",
      "m" : "4611686018427869696"
    }, {
      "d" : "1756399379809064443",
      "t" : 1756399379809,
      "tn" : 1756399379809064443,
      "q" : "1",
      "p" : "0.26997",
      "s" : "buy",
      "i" : "POPCATUSD-PERP",
      "m" : "4611686018427869695"
    }, {
      "d" : "1756397774382870748",
      "t" : 1756397774382,
      "tn" : 1756397774382870748,
      "q" : "1",
      "p" : "0.27110",
      "s" : "sell",
      "i" : "POPCATUSD-PERP",
      "m" : "4611686018427869694"
    }, {
      "d" : "1756397774382868497",
      "t" : 1756397774382,
      "tn" : 1756397774382868497,
      "q" : "1",
      "p" : "0.27111",
      "s" : "sell",
      "i" : "POPCATUSD-PERP",
      "m" : "4611686018427869693"
    }, {
      "d" : "1756397445398439446",
      "t" : 1756397445398,
      "tn" : 1756397445398439446,
      "q" : "1",
      "p" : "0.26997",
      "s" : "buy",
      "i" : "POPCATUSD-PERP",
      "m" : "4611686018427869692"
    }, {
      "d" : "1756397031624013938",
      "t" : 1756397031624,
      "tn" : 1756397031624013938,
      "q" : "1",
      "p" : "0.26947",
      "s" : "buy",
      "i" : "POPCATUSD-PERP",
      "m" : "4611686018427869691"
    }, {
      "d" : "1756396220801466984",
      "t" : 1756396220801,
      "tn" : 1756396220801466984,
      "q" : "1",
      "p" : "0.26880",
      "s" : "sell",
      "i" : "POPCATUSD-PERP",
      "m" : "4611686018427869690"
    }, {
      "d" : "1756396220801464766",
      "t" : 1756396220801,
      "tn" : 1756396220801464766,
      "q" : "1",
      "p" : "0.26883",
      "s" : "sell",
      "i" : "POPCATUSD-PERP",
      "m" : "4611686018427869689"
    }, {
      "d" : "1756394309764948173",
      "t" : 1756394309764,
      "tn" : 1756394309764948173,
      "q" : "419",
      "p" : "0.27382",
      "s" : "sell",
      "i" : "POPCATUSD-PERP",
      "m" : "4611686018427869688"
    }, {
      "d" : "1756390682682978018",
      "t" : 1756390682682,
      "tn" : 1756390682682978018,
      "q" : "549",
      "p" : "0.27322",
      "s" : "sell",
      "i" : "POPCATUSD-PERP",
      "m" : "4611686018427869687"
    }, {
      "d" : "1756389586507657000",
      "t" : 1756389586507,
      "tn" : 1756389586507657000,
      "q" : "1",
      "p" : "0.27147",
      "s" : "buy",
      "i" : "POPCATUSD-PERP",
      "m" : "4611686018427869686"
    }, {
      "d" : "1756389247681225250",
      "t" : 1756389247681,
      "tn" : 1756389247681225250,
      "q" : "1",
      "p" : "0.27007",
      "s" : "buy",
      "i" : "POPCATUSD-PERP",
      "m" : "4611686018427869685"
    }, {
      "d" : "1756389041145429464",
      "t" : 1756389041145,
      "tn" : 1756389041145429464,
      "q" : "555",
      "p" : "0.26971",
      "s" : "sell",
      "i" : "POPCATUSD-PERP",
      "m" : "4611686018427869684"
    }, {
      "d" : "1756389041145427781",
      "t" : 1756389041145,
      "tn" : 1756389041145427781,
      "q" : "1",
      "p" : "0.26973",
      "s" : "sell",
      "i" : "POPCATUSD-PERP",
      "m" : "4611686018427869683"
    }, {
      "d" : "1756388809376361316",
      "t" : 1756388809376,
      "tn" : 1756388809376361316,
      "q" : "1",
      "p" : "0.27111",
      "s" : "sell",
      "i" : "POPCATUSD-PERP",
      "m" : "4611686018427869682"
    }, {
      "d" : "1756388251325743315",
      "t" : 1756388251325,
      "tn" : 1756388251325743315,
      "q" : "1",
      "p" : "0.27117",
      "s" : "buy",
      "i" : "POPCATUSD-PERP",
      "m" : "4611686018427869681"
    }, {
      "d" : "1756385180382266053",
      "t" : 1756385180382,
      "tn" : 1756385180382266053,
      "q" : "1",
      "p" : "0.27077",
      "s" : "buy",
      "i" : "POPCATUSD-PERP",
      "m" : "4611686018427869680"
    }, {
      "d" : "1756384155279883376",
      "t" : 1756384155279,
      "tn" : 1756384155279883376,
      "q" : "1",
      "p" : "0.26931",
      "s" : "sell",
      "i" : "POPCATUSD-PERP",
      "m" : "4611686018427869679"
    }, {
      "d" : "1756383548654664639",
      "t" : 1756383548654,
      "tn" : 1756383548654664639,
      "q" : "1",
      "p" : "0.27063",
      "s" : "sell",
      "i" : "POPCATUSD-PERP",
      "m" : "4611686018427869678"
    }, {
      "d" : "1756383543417999701",
      "t" : 1756383543417,
      "tn" : 1756383543417999701,
      "q" : "1",
      "p" : "0.27051",
      "s" : "sell",
      "i" : "POPCATUSD-PERP",
      "m" : "4611686018427869677"
    }, {
      "d" : "1756383530553518802",
      "t" : 1756383530553,
      "tn" : 1756383530553518802,
      "q" : "1",
      "p" : "0.27042",
      "s" : "sell",
      "i" : "POPCATUSD-PERP",
      "m" : "4611686018427869676"
    }, {
      "d" : "1756383530369302654",
      "t" : 1756383530369,
      "tn" : 1756383530369302654,
      "q" : "1",
      "p" : "0.27049",
      "s" : "sell",
      "i" : "POPCATUSD-PERP",
      "m" : "4611686018427869675"
    }, {
      "d" : "1756383530369300991",
      "t" : 1756383530369,
      "tn" : 1756383530369300991,
      "q" : "1",
      "p" : "0.27051",
      "s" : "sell",
      "i" : "POPCATUSD-PERP",
      "m" : "4611686018427869674"
    }, {
      "d" : "1756383520478668186",
      "t" : 1756383520478,
      "tn" : 1756383520478668186,
      "q" : "1",
      "p" : "0.27042",
      "s" : "sell",
      "i" : "POPCATUSD-PERP",
      "m" : "4611686018427869673"
    }, {
      "d" : "1756383514057090533",
      "t" : 1756383514057,
      "tn" : 1756383514057090533,
      "q" : "1",
      "p" : "0.27050",
      "s" : "sell",
      "i" : "POPCATUSD-PERP",
      "m" : "4611686018427869672"
    }, {
      "d" : "1756383514057088205",
      "t" : 1756383514057,
      "tn" : 1756383514057088205,
      "q" : "1",
      "p" : "0.27051",
      "s" : "sell",
      "i" : "POPCATUSD-PERP",
      "m" : "4611686018427869671"
    }, {
      "d" : "1756383510453755098",
      "t" : 1756383510453,
      "tn" : 1756383510453755098,
      "q" : "1",
      "p" : "0.27030",
      "s" : "sell",
      "i" : "POPCATUSD-PERP",
      "m" : "4611686018427869670"
    }, {
      "d" : "1756383510453752764",
      "t" : 1756383510453,
      "tn" : 1756383510453752764,
      "q" : "1",
      "p" : "0.27033",
      "s" : "sell",
      "i" : "POPCATUSD-PERP",
      "m" : "4611686018427869669"
    }, {
      "d" : "1756383500235984614",
      "t" : 1756383500235,
      "tn" : 1756383500235984614,
      "q" : "1",
      "p" : "0.27030",
      "s" : "sell",
      "i" : "POPCATUSD-PERP",
      "m" : "4611686018427869668"
    }, {
      "d" : "1756383500235982122",
      "t" : 1756383500235,
      "tn" : 1756383500235982122,
      "q" : "1",
      "p" : "0.27033",
      "s" : "sell",
      "i" : "POPCATUSD-PERP",
      "m" : "4611686018427869667"
    }, {
      "d" : "1756383484827927580",
      "t" : 1756383484827,
      "tn" : 1756383484827927580,
      "q" : "1",
      "p" : "0.27030",
      "s" : "sell",
      "i" : "POPCATUSD-PERP",
      "m" : "4611686018427869666"
    }, {
      "d" : "1756383484827925468",
      "t" : 1756383484827,
      "tn" : 1756383484827925468,
      "q" : "1",
      "p" : "0.27033",
      "s" : "sell",
      "i" : "POPCATUSD-PERP",
      "m" : "4611686018427869665"
    }, {
      "d" : "1756383474769067239",
      "t" : 1756383474769,
      "tn" : 1756383474769067239,
      "q" : "1",
      "p" : "0.27030",
      "s" : "sell",
      "i" : "POPCATUSD-PERP",
      "m" : "4611686018427869664"
    }, {
      "d" : "1756383474769065012",
      "t" : 1756383474769,
      "tn" : 1756383474769065012,
      "q" : "1",
      "p" : "0.27033",
      "s" : "sell",
      "i" : "POPCATUSD-PERP",
      "m" : "4611686018427869663"
    }, {
      "d" : "1756383464715846557",
      "t" : 1756383464715,
      "tn" : 1756383464715846557,
      "q" : "1",
      "p" : "0.27033",
      "s" : "sell",
      "i" : "POPCATUSD-PERP",
      "m" : "4611686018427869662"
    }, {
      "d" : "1756383454457040765",
      "t" : 1756383454457,
      "tn" : 1756383454457040765,
      "q" : "1",
      "p" : "0.27030",
      "s" : "sell",
      "i" : "POPCATUSD-PERP",
      "m" : "4611686018427869661"
    }, {
      "d" : "1756383454457039059",
      "t" : 1756383454457,
      "tn" : 1756383454457039059,
      "q" : "1",
      "p" : "0.27033",
      "s" : "sell",
      "i" : "POPCATUSD-PERP",
      "m" : "4611686018427869660"
    }, {
      "d" : "1756383309351688157",
      "t" : 1756383309351,
      "tn" : 1756383309351688157,
      "q" : "1",
      "p" : "0.27041",
      "s" : "sell",
      "i" : "POPCATUSD-PERP",
      "m" : "4611686018427869659"
    }, {
      "d" : "1756383309351686311",
      "t" : 1756383309351,
      "tn" : 1756383309351686311,
      "q" : "1",
      "p" : "0.27042",
      "s" : "sell",
      "i" : "POPCATUSD-PERP",
      "m" : "4611686018427869658"
    }, {
      "d" : "1756383285894073136",
      "t" : 1756383285894,
      "tn" : 1756383285894073136,
      "q" : "1",
      "p" : "0.27041",
      "s" : "sell",
      "i" : "POPCATUSD-PERP",
      "m" : "4611686018427869657"
    }, {
      "d" : "1756383285894071473",
      "t" : 1756383285894,
      "tn" : 1756383285894071473,
      "q" : "1",
      "p" : "0.27042",
      "s" : "sell",
      "i" : "POPCATUSD-PERP",
      "m" : "4611686018427869656"
    }, {
      "d" : "1756383246910049038",
      "t" : 1756383246910,
      "tn" : 1756383246910049038,
      "q" : "1",
      "p" : "0.27041",
      "s" : "sell",
      "i" : "POPCATUSD-PERP",
      "m" : "4611686018427869655"
    }, {
      "d" : "1756383246910047479",
      "t" : 1756383246910,
      "tn" : 1756383246910047479,
      "q" : "1",
      "p" : "0.27042",
      "s" : "sell",
      "i" : "POPCATUSD-PERP",
      "m" : "4611686018427869654"
    }, {
      "d" : "1756383215401855377",
      "t" : 1756383215401,
      "tn" : 1756383215401855377,
      "q" : "1",
      "p" : "0.27054",
      "s" : "sell",
      "i" : "POPCATUSD-PERP",
      "m" : "4611686018427869653"
    }, {
      "d" : "1756383191387630084",
      "t" : 1756383191387,
      "tn" : 1756383191387630084,
      "q" : "1",
      "p" : "0.27054",
      "s" : "sell",
      "i" : "POPCATUSD-PERP",
      "m" : "4611686018427869652"
    }, {
      "d" : "1756383180856577575",
      "t" : 1756383180856,
      "tn" : 1756383180856577575,
      "q" : "1",
      "p" : "0.27054",
      "s" : "sell",
      "i" : "POPCATUSD-PERP",
      "m" : "4611686018427869651"
    }, {
      "d" : "1756383154273243121",
      "t" : 1756383154273,
      "tn" : 1756383154273243120,
      "q" : "1",
      "p" : "0.27061",
      "s" : "sell",
      "i" : "POPCATUSD-PERP",
      "m" : "4611686018427869650"
    }, {
      "d" : "1756383154273243120",
      "t" : 1756383154273,
      "tn" : 1756383154273243120,
      "q" : "554",
      "p" : "0.27061",
      "s" : "sell",
      "i" : "POPCATUSD-PERP",
      "m" : "4611686018427869650"
    }, {
      "d" : "1756383154273238589",
      "t" : 1756383154273,
      "tn" : 1756383154273238589,
      "q" : "1",
      "p" : "0.27063",
      "s" : "sell",
      "i" : "POPCATUSD-PERP",
      "m" : "4611686018427869649"
    }, {
      "d" : "1756383142660574563",
      "t" : 1756383142660,
      "tn" : 1756383142660574563,
      "q" : "1",
      "p" : "0.27084",
      "s" : "sell",
      "i" : "POPCATUSD-PERP",
      "m" : "4611686018427869648"
    }, {
      "d" : "1756383119824064977",
      "t" : 1756383119824,
      "tn" : 1756383119824064977,
      "q" : "1",
      "p" : "0.27091",
      "s" : "sell",
      "i" : "POPCATUSD-PERP",
      "m" : "4611686018427869647"
    }, {
      "d" : "1756383119824062254",
      "t" : 1756383119824,
      "tn" : 1756383119824062254,
      "q" : "1",
      "p" : "0.27093",
      "s" : "sell",
      "i" : "POPCATUSD-PERP",
      "m" : "4611686018427869646"
    }, {
      "d" : "1756383097501103258",
      "t" : 1756383097501,
      "tn" : 1756383097501103258,
      "q" : "1",
      "p" : "0.27101",
      "s" : "sell",
      "i" : "POPCATUSD-PERP",
      "m" : "4611686018427869645"
    }, {
      "d" : "1756383097501101182",
      "t" : 1756383097501,
      "tn" : 1756383097501101182,
      "q" : "1",
      "p" : "0.27102",
      "s" : "sell",
      "i" : "POPCATUSD-PERP",
      "m" : "4611686018427869644"
    }, {
      "d" : "1756383079515838177",
      "t" : 1756383079515,
      "tn" : 1756383079515838177,
      "q" : "1",
      "p" : "0.27093",
      "s" : "sell",
      "i" : "POPCATUSD-PERP",
      "m" : "4611686018427869643"
    }, {
      "d" : "1756383066245950862",
      "t" : 1756383066245,
      "tn" : 1756383066245950862,
      "q" : "1",
      "p" : "0.27084",
      "s" : "sell",
      "i" : "POPCATUSD-PERP",
      "m" : "4611686018427869642"
    }, {
      "d" : "1756383058662179503",
      "t" : 1756383058662,
      "tn" : 1756383058662179502,
      "q" : "1",
      "p" : "0.27102",
      "s" : "sell",
      "i" : "POPCATUSD-PERP",
      "m" : "4611686018427869641"
    }, {
      "d" : "1756383058662179502",
      "t" : 1756383058662,
      "tn" : 1756383058662179502,
      "q" : "1",
      "p" : "0.27102",
      "s" : "sell",
      "i" : "POPCATUSD-PERP",
      "m" : "4611686018427869641"
    }, {
      "d" : "1756383044867765125",
      "t" : 1756383044867,
      "tn" : 1756383044867765124,
      "q" : "1",
      "p" : "0.27102",
      "s" : "sell",
      "i" : "POPCATUSD-PERP",
      "m" : "4611686018427869640"
    }, {
      "d" : "1756383044867765124",
      "t" : 1756383044867,
      "tn" : 1756383044867765124,
      "q" : "1",
      "p" : "0.27102",
      "s" : "sell",
      "i" : "POPCATUSD-PERP",
      "m" : "4611686018427869640"
    }, {
      "d" : "1756383030709238678",
      "t" : 1756383030709,
      "tn" : 1756383030709238677,
      "q" : "1",
      "p" : "0.27102",
      "s" : "sell",
      "i" : "POPCATUSD-PERP",
      "m" : "4611686018427869639"
    }, {
      "d" : "1756383030709238677",
      "t" : 1756383030709,
      "tn" : 1756383030709238677,
      "q" : "1",
      "p" : "0.27102",
      "s" : "sell",
      "i" : "POPCATUSD-PERP",
      "m" : "4611686018427869639"
    }, {
      "d" : "1756383004232086802",
      "t" : 1756383004232,
      "tn" : 1756383004232086801,
      "q" : "1",
      "p" : "0.27102",
      "s" : "sell",
      "i" : "POPCATUSD-PERP",
      "m" : "4611686018427869638"
    }, {
      "d" : "1756383004232086801",
      "t" : 1756383004232,
      "tn" : 1756383004232086801,
      "q" : "1",
      "p" : "0.27102",
      "s" : "sell",
      "i" : "POPCATUSD-PERP",
      "m" : "4611686018427869638"
    }, {
      "d" : "1756383002943588178",
      "t" : 1756383002943,
      "tn" : 1756383002943588177,
      "q" : "1",
      "p" : "0.27102",
      "s" : "sell",
      "i" : "POPCATUSD-PERP",
      "m" : "4611686018427869637"
    }, {
      "d" : "1756383002943588177",
      "t" : 1756383002943,
      "tn" : 1756383002943588177,
      "q" : "1",
      "p" : "0.27102",
      "s" : "sell",
      "i" : "POPCATUSD-PERP",
      "m" : "4611686018427869637"
    }, {
      "d" : "1756382993611082357",
      "t" : 1756382993611,
      "tn" : 1756382993611082357,
      "q" : "1",
      "p" : "0.27105",
      "s" : "sell",
      "i" : "POPCATUSD-PERP",
      "m" : "4611686018427869636"
    }, {
      "d" : "1756382983887254800",
      "t" : 1756382983887,
      "tn" : 1756382983887254800,
      "q" : "1",
      "p" : "0.27105",
      "s" : "sell",
      "i" : "POPCATUSD-PERP",
      "m" : "4611686018427869635"
    }, {
      "d" : "1756382983580329966",
      "t" : 1756382983580,
      "tn" : 1756382983580329966,
      "q" : "1",
      "p" : "0.27105",
      "s" : "sell",
      "i" : "POPCATUSD-PERP",
      "m" : "4611686018427869634"
    }, {
      "d" : "1756382973524629384",
      "t" : 1756382973524,
      "tn" : 1756382973524629384,
      "q" : "1",
      "p" : "0.27105",
      "s" : "sell",
      "i" : "POPCATUSD-PERP",
      "m" : "4611686018427869633"
    }, {
      "d" : "1756382966678471396",
      "t" : 1756382966678,
      "tn" : 1756382966678471396,
      "q" : "1",
      "p" : "0.27114",
      "s" : "sell",
      "i" : "POPCATUSD-PERP",
      "m" : "4611686018427869632"
    }, {
      "d" : "1756382963517531568",
      "t" : 1756382963517,
      "tn" : 1756382963517531568,
      "q" : "1",
      "p" : "0.27114",
      "s" : "sell",
      "i" : "POPCATUSD-PERP",
      "m" : "4611686018427869631"
    }, {
      "d" : "1756382953468462196",
      "t" : 1756382953468,
      "tn" : 1756382953468462196,
      "q" : "1",
      "p" : "0.27122",
      "s" : "sell",
      "i" : "POPCATUSD-PERP",
      "m" : "4611686018427869630"
    }, {
      "d" : "1756382953468459397",
      "t" : 1756382953468,
      "tn" : 1756382953468459397,
      "q" : "1",
      "p" : "0.27123",
      "s" : "sell",
      "i" : "POPCATUSD-PERP",
      "m" : "4611686018427869629"
    }, {
      "d" : "1756382949143539757",
      "t" : 1756382949143,
      "tn" : 1756382949143539757,
      "q" : "1",
      "p" : "0.27133",
      "s" : "sell",
      "i" : "POPCATUSD-PERP",
      "m" : "4611686018427869628"
    } ]
  }
}