{
  "id" : -1,
  "method" : "public/get-trades",
  "code" : 0,
  "result" : {
    "data" : [ {
      "d" : "1756461163391717945",
      "t" : 1756461163391,
      "tn" : 1756461163391717945,
      "q" : "3",
      "p" : "0.25848",
      "s" : "buy",
      "i" : "POPCAT_USD",
      "m" : "4611686018428002104"
    }, {
      "d" : "1756460909598833032",
      "t" : 1756460909598,
      "tn" : 1756460909598833032,
      "q" : "340",
      "p" : "0.25938",
      "s" : "buy",
      "i" : "POPCAT_USD",
      "m" : "4611686018428002103"
    }, {
      "d" : "1756460909598830721",
      "t" : 1756460909598,
      "tn" : 1756460909598830721,
      "q" : "45",
      "p" : "0.25937",
      "s" : "buy",
      "i" : "POPCAT_USD",
      "m" : "4611686018428002102"
    }, {
      "d" : "1756452136551703476",
      "t" : 1756452136551,
      "tn" : 1756452136551703476,
      "q" : "6",
      "p" : "0.26015",
      "s" : "sell",
      "i" : "POPCAT_USD",
      "m" : "4611686018428002101"
    }, {
      "d" : "1756452136551700742",
      "t" : 1756452136551,
      "tn" : 1756452136551700742,
      "q" : "44",
      "p" : "0.26016",
      "s" : "sell",
      "i" : "POPCAT_USD",
      "m" : "4611686018428002100"
    }, {
      "d" : "1756452136117907153",
      "t" : 1756452136117,
      "tn" : 1756452136117907153,
      "q" : "50",
      "p" : "0.26199",
      "s" : "sell",
      "i" : "POPCAT_USD",
      "m" : "4611686018428002099"
    }, {
      "d" : "1756440098638995266",
      "t" : 1756440098638,
      "tn" : 1756440098638995266,
      "q" : "327",
      "p" : "0.27307",
      "s" : "sell",
      "i" : "POPCAT_USD",
      "m" : "4611686018428002098"
    }, {
      "d" : "1756440098638993361",
      "t" : 1756440098638,
      "tn" : 1756440098638993361,
      "q" : "43",
      "p" : "0.27308",
      "s" : "sell",
      "i" : "POPCAT_USD",
      "m" : "4611686018428002097"
    }, {
      "d" : "1756439421631202493",
      "t" : 1756439421631,
      "tn" : 1756439421631202493,
      "q" : "44",
      "p" : "0.27365",
      "s" : "buy",
      "i" : "POPCAT_USD",
      "m" : "4611686018428002096"
    }, {
      "d" : "1756439421372141805",
      "t" : 1756439421372,
      "tn" : 1756439421372141805,
      "q" : "44",
      "p" : "0.27263",
      "s" : "buy",
      "i" : "POPCAT_USD",
      "m" : "4611686018428002095"
    }, {
      "d" : "1756434221404572907",
      "t" : 1756434221404,
      "tn" : 1756434221404572907,
      "q" : "351",
      "p" : "0.27208",
      "s" : "sell",
      "i" : "POPCAT_USD",
      "m" : "4611686018428002094"
    }, {
      "d" : "1756427529099908206",
      "t" : 1756427529099,
      "tn" : 1756427529099908206,
      "q" : "372",
      "p" : "0.27374",
      "s" : "sell",
      "i" : "POPCAT_USD",
      "m" : "4611686018428002093"
    }, {
      "d" : "1756425859487194637",
      "t" : 1756425859487,
      "tn" : 1756425859487194637,
      "q" : "327",
      "p" : "0.27434",
      "s" : "sell",
      "i" : "POPCAT_USD",
      "m" : "4611686018428002092"
    }, {
      "d" : "1756425859487192782",
      "t" : 1756425859487,
      "tn" : 1756425859487192782,
      "q" : "43",
      "p" : "0.27435",
      "s" : "sell",
      "i" : "POPCAT_USD",
      "m" : "4611686018428002091"
    }, {
      "d" : "1756416074939917221",
      "t" : 1756416074939,
      "tn" : 1756416074939917221,
      "q" : "4",
      "p" : "0.26785",
      "s" : "sell",
      "i" : "POPCAT_USD",
      "m" : "4611686018428002090"
    }, {
      "d" : "1756411911881502528",
      "t" : 1756411911881,
      "tn" : 1756411911881502528,
      "q" : "150",
      "p" : "0.26508",
      "s" : "buy",
      "i" : "POPCAT_USD",
      "m" : "4611686018428002089"
    }, {
      "d" : "1756399664506884576",
      "t" : 1756399664506,
      "tn" : 1756399664506884576,
      "q" : "380",
      "p" : "0.26827",
      "s" : "sell",
      "i" : "POPCAT_USD",
      "m" : "4611686018428002088"
    }, {
      "d" : "1756389580615742755",
      "t" : 1756389580615,
      "tn" : 1756389580615742755,
      "q" : "853",
      "p" : "0.27073",
      "s" : "sell",
      "i" : "POPCAT_USD",
      "m" : "4611686018428002087"
    }, {
      "d" : "1756385634694316708",
      "t" : 1756385634694,
      "tn" : 1756385634694316708,
      "q" : "4294",
      "p" : "0.27025",
      "s" : "sell",
      "i" : "POPCAT_USD",
      "m" : "4611686018428002086"
    }, {
      "d" : "1756385634694315237",
      "t" : 1756385634694,
      "tn" : 1756385634694315237,
      "q" : "2562",
      "p" : "0.27027",
      "s" : "sell",
      "i" : "POPCAT_USD",
      "m" : "4611686018428002085"
    }, {
      "d" : "1756385634694312146",
      "t" : 1756385634694,
      "tn" : 1756385634694312146,
      "q" : "2613",
      "p" : "0.27033",
      "s" : "sell",
      "i" : "POPCAT_USD",
      "m" : "4611686018428002084"
    }, {
      "d" : "1756385634694309678",
      "t" : 1756385634694,
      "tn" : 1756385634694309678,
      "q" : "784",
      "p" : "0.27034",
      "s" : "sell",
      "i" : "POPCAT_USD",
      "m" : "4611686018428002083"
    }, {
      "d" : "1756385634694306884",
      "t" : 1756385634694,
      "tn" : 1756385634694306884,
      "q" : "858",
      "p" : "0.27035",
      "s" : "sell",
      "i" : "POPCAT_USD",
      "m" : "4611686018428002082"
    }, {
      "d" : "1756384602858177253",
      "t" : 1756384602858,
      "tn" : 1756384602858177253,
      "q" : "185",
      "p" : "0.27000",
      "s" : "sell",
      "i" : "POPCAT_USD",
      "m" : "4611686018428002081"
    }, {
      "d" : "1756384293309094534",
      "t" : 1756384293309,
      "tn" : 1756384293309094534,
      "q" : "972",
      "p" : "0.27059",
      "s" : "buy",
      "i" : "POPCAT_USD",
      "m" : "4611686018428002080"
    }, {
      "d" : "1756384293258177835",
      "t" : 1756384293258,
      "tn" : 1756384293258177835,
      "q" : "1292",
      "p" : "0.27059",
      "s" : "buy",
      "i" : "POPCAT_USD",
      "m" : "4611686018428002079"
    }, {
      "d" : "1756384262828319539",
      "t" : 1756384262828,
      "tn" : 1756384262828319539,
      "q" : "466",
      "p" : "0.26944",
      "s" : "sell",
      "i" : "POPCAT_USD",
      "m" : "4611686018428002078"
    }, {
      "d" : "1756384260337650040",
      "t" : 1756384260337,
      "tn" : 1756384260337650040,
      "q" : "467",
      "p" : "0.26971",
      "s" : "sell",
      "i" : "POPCAT_USD",
      "m" : "4611686018428002077"
    }, {
      "d" : "1756376780585602369",
      "t" : 1756376780585,
      "tn" : 1756376780585602369,
      "q" : "1493",
      "p" : "0.27000",
      "s" : "buy",
      "i" : "POPCAT_USD",
      "m" : "4611686018428002076"
    }, {
      "d" : "1756376780585600282",
      "t" : 1756376780585,
      "tn" : 1756376780585600282,
      "q" : "2613",
      "p" : "0.26992",
      "s" : "buy",
      "i" : "POPCAT_USD",
      "m" : "4611686018428002075"
    }, {
      "d" : "1756376780585597626",
      "t" : 1756376780585,
      "tn" : 1756376780585597626,
      "q" : "851",
      "p" : "0.26985",
      "s" : "buy",
      "i" : "POPCAT_USD",
      "m" : "4611686018428002074"
    }, {
      "d" : "1756376780585594696",
      "t" : 1756376780585,
      "tn" : 1756376780585594696,
      "q" : "43",
      "p" : "0.26984",
      "s" : "buy",
      "i" : "POPCAT_USD",
      "m" : "4611686018428002073"
    } ]
  }
}