{
  "id" : -1,
  "method" : "public/get-trades",
  "code" : 0,
  "result" : {
    "data" : [ {
      "d" : "1756458018377673172",
      "t" : 1756458018377,
      "tn" : 1756458018377673172,
      "q" : "659",
      "p" : "0.15870",
      "s" : "buy",
      "i" : "POWR_USD",
      "m" : "4611686018430043059"
    }, {
      "d" : "1756458018377248614",
      "t" : 1756458018377,
      "tn" : 1756458018377248614,
      "q" : "105",
      "p" : "0.15870",
      "s" : "buy",
      "i" : "POWR_USD",
      "m" : "4611686018430043058"
    }, {
      "d" : "1756458018370954201",
      "t" : 1756458018370,
      "tn" : 1756458018370954201,
      "q" : "4236",
      "p" : "0.15870",
      "s" : "sell",
      "i" : "POWR_USD",
      "m" : "4611686018430043057"
    }, {
      "d" : "1756457465609259997",
      "t" : 1756457465609,
      "tn" : 1756457465609259997,
      "q" : "272",
      "p" : "0.15950",
      "s" : "sell",
      "i" : "POWR_USD",
      "m" : "4611686018430043056"
    }, {
      "d" : "1756433331251333842",
      "t" : 1756433331251,
      "tn" : 1756433331251333842,
      "q" : "620",
      "p" : "0.16500",
      "s" : "sell",
      "i" : "POWR_USD",
      "m" : "4611686018430043055"
    }, {
      "d" : "1756432953780499392",
      "t" : 1756432953780,
      "tn" : 1756432953780499392,
      "q" : "320",
      "p" : "0.16470",
      "s" : "sell",
      "i" : "POWR_USD",
      "m" : "4611686018430043054"
    }, {
      "d" : "1756430122525964813",
      "t" : 1756430122525,
      "tn" : 1756430122525964813,
      "q" : "100",
      "p" : "0.16568",
      "s" : "sell",
      "i" : "POWR_USD",
      "m" : "4611686018430043053"
    }, {
      "d" : "1756424330524294556",
      "t" : 1756424330524,
      "tn" : 1756424330524294556,
      "q" : "6",
      "p" : "0.16668",
      "s" : "sell",
      "i" : "POWR_USD",
      "m" : "4611686018430043052"
    }, {
      "d" : "1756418520133644188",
      "t" : 1756418520133,
      "tn" : 1756418520133644188,
      "q" : "140",
      "p" : "0.16468",
      "s" : "sell",
      "i" : "POWR_USD",
      "m" : "4611686018430043051"
    }, {
      "d" : "1756414034673092838",
      "t" : 1756414034673,
      "tn" : 1756414034673092838,
      "q" : "1128",
      "p" : "0.16329",
      "s" : "sell",
      "i" : "POWR_USD",
      "m" : "4611686018430043050"
    }, {
      "d" : "1756411027284255755",
      "t" : 1756411027284,
      "tn" : 1756411027284255755,
      "q" : "140",
      "p" : "0.16239",
      "s" : "sell",
      "i" : "POWR_USD",
      "m" : "4611686018430043049"
    }, {
      "d" : "1756407561378704604",
      "t" : 1756407561378,
      "tn" : 1756407561378704604,
      "q" : "59",
      "p" : "0.16418",
      "s" : "sell",
      "i" : "POWR_USD",
      "m" : "4611686018430043048"
    }, {
      "d" : "1756407310150057607",
      "t" : 1756407310150,
      "tn" : 1756407310150057607,
      "q" : "88",
      "p" : "0.16428",
      "s" : "sell",
      "i" : "POWR_USD",
      "m" : "4611686018430043047"
    }, {
      "d" : "1756405102116796257",
      "t" : 1756405102116,
      "tn" : 1756405102116796257,
      "q" : "10",
      "p" : "0.16329",
      "s" : "sell",
      "i" : "POWR_USD",
      "m" : "4611686018430043046"
    }, {
      "d" : "1756402801432149624",
      "t" : 1756402801432,
      "tn" : 1756402801432149624,
      "q" : "40",
      "p" : "0.16388",
      "s" : "sell",
      "i" : "POWR_USD",
      "m" : "4611686018430043045"
    }, {
      "d" : "1756399529090000327",
      "t" : 1756399529090,
      "tn" : 1756399529090000327,
      "q" : "32",
      "p" : "0.16510",
      "s" : "sell",
      "i" : "POWR_USD",
      "m" : "4611686018430043044"
    }, {
      "d" : "1756397305710094365",
      "t" : 1756397305710,
      "tn" : 1756397305710094365,
      "q" : "12",
      "p" : "0.16637",
      "s" : "buy",
      "i" : "POWR_USD",
      "m" : "4611686018430043043"
    }, {
      "d" : "1756397004078952812",
      "t" : 1756397004078,
      "tn" : 1756397004078952812,
      "q" : "32",
      "p" : "0.16598",
      "s" : "buy",
      "i" : "POWR_USD",
      "m" : "4611686018430043042"
    }, {
      "d" : "1756396806294185139",
      "t" : 1756396806294,
      "tn" : 1756396806294185139,
      "q" : "50",
      "p" : "0.16470",
      "s" : "sell",
      "i" : "POWR_USD",
      "m" : "4611686018430043041"
    }, {
      "d" : "1756394196266550846",
      "t" : 1756394196266,
      "tn" : 1756394196266550846,
      "q" : "69",
      "p" : "0.16638",
      "s" : "sell",
      "i" : "POWR_USD",
      "m" : "4611686018430043040"
    }, {
      "d" : "1756384611654223306",
      "t" : 1756384611654,
      "tn" : 1756384611654223306,
      "q" : "140",
      "p" : "0.16428",
      "s" : "sell",
      "i" : "POWR_USD",
      "m" : "4611686018430043039"
    }, {
      "d" : "1756379115721787732",
      "t" : 1756379115721,
      "tn" : 1756379115721787732,
      "q" : "70",
      "p" : "0.16398",
      "s" : "sell",
      "i" : "POWR_USD",
      "m" : "4611686018430043038"
    } ]
  }
}