{
  "id" : -1,
  "method" : "public/get-trades",
  "code" : 0,
  "result" : {
    "data" : [ {
      "d" : "1756458585813877654",
      "t" : 1756458585813,
      "tn" : 1756458585813877654,
      "q" : "70.6",
      "p" : "0.07406",
      "s" : "buy",
      "i" : "PRCL_USD",
      "m" : "4611686018428243889"
    }, {
      "d" : "1756451445833616559",
      "t" : 1756451445833,
      "tn" : 1756451445833616559,
      "q" : "102.6",
      "p" : "0.07708",
      "s" : "buy",
      "i" : "PRCL_USD",
      "m" : "4611686018428243888"
    }, {
      "d" : "1756415603242110294",
      "t" : 1756415603242,
      "tn" : 1756415603242110294,
      "q" : "135.9",
      "p" : "0.07730",
      "s" : "buy",
      "i" : "PRCL_USD",
      "m" : "4611686018428243887"
    }, {
      "d" : "1756389042451014872",
      "t" : 1756389042451,
      "tn" : 1756389042451014872,
      "q" : "93.1",
      "p" : "0.07713",
      "s" : "sell",
      "i" : "PRCL_USD",
      "m" : "4611686018428243886"
    }, {
      "d" : "1756389042451013050",
      "t" : 1756389042451,
      "tn" : 1756389042451013050,
      "q" : "255.6",
      "p" : "0.07714",
      "s" : "sell",
      "i" : "PRCL_USD",
      "m" : "4611686018428243885"
    }, {
      "d" : "1756389042451010219",
      "t" : 1756389042451,
      "tn" : 1756389042451010219,
      "q" : "226.4",
      "p" : "0.07715",
      "s" : "sell",
      "i" : "PRCL_USD",
      "m" : "4611686018428243884"
    }, {
      "d" : "1756389041200606131",
      "t" : 1756389041200,
      "tn" : 1756389041200606131,
      "q" : "731.6",
      "p" : "0.07715",
      "s" : "sell",
      "i" : "PRCL_USD",
      "m" : "4611686018428243883"
    }, {
      "d" : "1756376547050636600",
      "t" : 1756376547050,
      "tn" : 1756376547050636600,
      "q" : "600.0",
      "p" : "0.07720",
      "s" : "sell",
      "i" : "PRCL_USD",
      "m" : "4611686018428243882"
    }, {
      "d" : "1756376079259206644",
      "t" : 1756376079259,
      "tn" : 1756376079259206644,
      "q" : "258.7",
      "p" : "0.07730",
      "s" : "buy",
      "i" : "PRCL_USD",
      "m" : "4611686018428243881"
    }, {
      "d" : "1756376078679669828",
      "t" : 1756376078679,
      "tn" : 1756376078679669828,
      "q" : "731.7",
      "p" : "0.07730",
      "s" : "buy",
      "i" : "PRCL_USD",
      "m" : "4611686018428243880"
    }, {
      "d" : "1756376078252328390",
      "t" : 1756376078252,
      "tn" : 1756376078252328390,
      "q" : "734.9",
      "p" : "0.07730",
      "s" : "buy",
      "i" : "PRCL_USD",
      "m" : "4611686018428243879"
    }, {
      "d" : "1756376078034481096",
      "t" : 1756376078034,
      "tn" : 1756376078034481096,
      "q" : "646.8",
      "p" : "0.07730",
      "s" : "buy",
      "i" : "PRCL_USD",
      "m" : "4611686018428243878"
    }, {
      "d" : "1756376077808812824",
      "t" : 1756376077808,
      "tn" : 1756376077808812824,
      "q" : "576.8",
      "p" : "0.07730",
      "s" : "buy",
      "i" : "PRCL_USD",
      "m" : "4611686018428243877"
    }, {
      "d" : "1756376077726513318",
      "t" : 1756376077726,
      "tn" : 1756376077726513318,
      "q" : "736.2",
      "p" : "0.07730",
      "s" : "buy",
      "i" : "PRCL_USD",
      "m" : "4611686018428243876"
    }, {
      "d" : "1756376077652873459",
      "t" : 1756376077652,
      "tn" : 1756376077652873459,
      "q" : "796.7",
      "p" : "0.07730",
      "s" : "buy",
      "i" : "PRCL_USD",
      "m" : "4611686018428243875"
    }, {
      "d" : "1756376077222589614",
      "t" : 1756376077222,
      "tn" : 1756376077222589614,
      "q" : "1164.3",
      "p" : "0.07730",
      "s" : "buy",
      "i" : "PRCL_USD",
      "m" : "4611686018428243874"
    }, {
      "d" : "1756376077155293650",
      "t" : 1756376077155,
      "tn" : 1756376077155293650,
      "q" : "1164.3",
      "p" : "0.07730",
      "s" : "buy",
      "i" : "PRCL_USD",
      "m" : "4611686018428243873"
    }, {
      "d" : "1756376077085300536",
      "t" : 1756376077085,
      "tn" : 1756376077085300536,
      "q" : "1164.3",
      "p" : "0.07730",
      "s" : "buy",
      "i" : "PRCL_USD",
      "m" : "4611686018428243872"
    }, {
      "d" : "1756376077075384452",
      "t" : 1756376077075,
      "tn" : 1756376077075384452,
      "q" : "1824.1",
      "p" : "0.07730",
      "s" : "sell",
      "i" : "PRCL_USD",
      "m" : "4611686018428243871"
    } ]
  }
}