{
  "id" : -1,
  "method" : "public/get-trades",
  "code" : 0,
  "result" : {
    "data" : [ {
      "d" : "1756459266905961613",
      "t" : 1756459266905,
      "tn" : 1756459266905961613,
      "q" : "10.39",
      "p" : "1.970",
      "s" : "sell",
      "i" : "PRIME_USD",
      "m" : "4611686018429107598"
    }, {
      "d" : "1756458373947048035",
      "t" : 1756458373947,
      "tn" : 1756458373947048035,
      "q" : "12.03",
      "p" : "1.975",
      "s" : "buy",
      "i" : "PRIME_USD",
      "m" : "4611686018429107597"
    }, {
      "d" : "1756458373919891865",
      "t" : 1756458373919,
      "tn" : 1756458373919891865,
      "q" : "45.57",
      "p" : "1.975",
      "s" : "buy",
      "i" : "PRIME_USD",
      "m" : "4611686018429107596"
    }, {
      "d" : "1756457817197302095",
      "t" : 1756457817197,
      "tn" : 1756457817197302095,
      "q" : "10.92",
      "p" : "1.983",
      "s" : "sell",
      "i" : "PRIME_USD",
      "m" : "4611686018429107595"
    }, {
      "d" : "1756454310865199920",
      "t" : 1756454310865,
      "tn" : 1756454310865199920,
      "q" : "7.05",
      "p" : "2.010",
      "s" : "sell",
      "i" : "PRIME_USD",
      "m" : "4611686018429107594"
    }, {
      "d" : "1756452136812014140",
      "t" : 1756452136812,
      "tn" : 1756452136812014140,
      "q" : "4.00",
      "p" : "2.020",
      "s" : "sell",
      "i" : "PRIME_USD",
      "m" : "4611686018429107593"
    }, {
      "d" : "1756449717275849726",
      "t" : 1756449717275,
      "tn" : 1756449717275849726,
      "q" : "12.37",
      "p" : "2.021",
      "s" : "sell",
      "i" : "PRIME_USD",
      "m" : "4611686018429107592"
    }, {
      "d" : "1756449717136324831",
      "t" : 1756449717136,
      "tn" : 1756449717136324831,
      "q" : "19.79",
      "p" : "2.021",
      "s" : "sell",
      "i" : "PRIME_USD",
      "m" : "4611686018429107591"
    }, {
      "d" : "1756449305114846825",
      "t" : 1756449305114,
      "tn" : 1756449305114846825,
      "q" : "4.89",
      "p" : "2.020",
      "s" : "sell",
      "i" : "PRIME_USD",
      "m" : "4611686018429107590"
    }, {
      "d" : "1756448707745263477",
      "t" : 1756448707745,
      "tn" : 1756448707745263477,
      "q" : "39.60",
      "p" : "2.020",
      "s" : "sell",
      "i" : "PRIME_USD",
      "m" : "4611686018429107589"
    }, {
      "d" : "1756430471886207175",
      "t" : 1756430471886,
      "tn" : 1756430471886207175,
      "q" : "12.44",
      "p" : "2.010",
      "s" : "sell",
      "i" : "PRIME_USD",
      "m" : "4611686018429107588"
    }, {
      "d" : "1756430471864860332",
      "t" : 1756430471864,
      "tn" : 1756430471864860332,
      "q" : "99.50",
      "p" : "2.010",
      "s" : "sell",
      "i" : "PRIME_USD",
      "m" : "4611686018429107587"
    }, {
      "d" : "1756430398700150462",
      "t" : 1756430398700,
      "tn" : 1756430398700150462,
      "q" : "12.40",
      "p" : "2.010",
      "s" : "sell",
      "i" : "PRIME_USD",
      "m" : "4611686018429107586"
    }, {
      "d" : "1756430398640295462",
      "t" : 1756430398640,
      "tn" : 1756430398640295462,
      "q" : "10.35",
      "p" : "2.010",
      "s" : "sell",
      "i" : "PRIME_USD",
      "m" : "4611686018429107585"
    }, {
      "d" : "1756430398586240135",
      "t" : 1756430398586,
      "tn" : 1756430398586240135,
      "q" : "66.75",
      "p" : "2.010",
      "s" : "sell",
      "i" : "PRIME_USD",
      "m" : "4611686018429107584"
    }, {
      "d" : "1756430398504457007",
      "t" : 1756430398504,
      "tn" : 1756430398504457007,
      "q" : "12.34",
      "p" : "2.010",
      "s" : "sell",
      "i" : "PRIME_USD",
      "m" : "4611686018429107583"
    }, {
      "d" : "1756430217749163418",
      "t" : 1756430217749,
      "tn" : 1756430217749163418,
      "q" : "12.33",
      "p" : "2.010",
      "s" : "sell",
      "i" : "PRIME_USD",
      "m" : "4611686018429107582"
    }, {
      "d" : "1756430217557160967",
      "t" : 1756430217557,
      "tn" : 1756430217557160967,
      "q" : "12.21",
      "p" : "2.010",
      "s" : "sell",
      "i" : "PRIME_USD",
      "m" : "4611686018429107581"
    }, {
      "d" : "1756430217550133713",
      "t" : 1756430217550,
      "tn" : 1756430217550133713,
      "q" : "12.21",
      "p" : "2.010",
      "s" : "sell",
      "i" : "PRIME_USD",
      "m" : "4611686018429107580"
    }, {
      "d" : "1756430217547108113",
      "t" : 1756430217547,
      "tn" : 1756430217547108113,
      "q" : "12.21",
      "p" : "2.010",
      "s" : "sell",
      "i" : "PRIME_USD",
      "m" : "4611686018429107579"
    }, {
      "d" : "1756430217540060851",
      "t" : 1756430217540,
      "tn" : 1756430217540060851,
      "q" : "12.21",
      "p" : "2.010",
      "s" : "sell",
      "i" : "PRIME_USD",
      "m" : "4611686018429107578"
    }, {
      "d" : "1756430217537229995",
      "t" : 1756430217537,
      "tn" : 1756430217537229995,
      "q" : "12.21",
      "p" : "2.010",
      "s" : "sell",
      "i" : "PRIME_USD",
      "m" : "4611686018429107577"
    }, {
      "d" : "1756430217530174858",
      "t" : 1756430217530,
      "tn" : 1756430217530174858,
      "q" : "12.21",
      "p" : "2.010",
      "s" : "sell",
      "i" : "PRIME_USD",
      "m" : "4611686018429107576"
    }, {
      "d" : "1756421955031677108",
      "t" : 1756421955031,
      "tn" : 1756421955031677108,
      "q" : "162.25",
      "p" : "2.023",
      "s" : "buy",
      "i" : "PRIME_USD",
      "m" : "4611686018429107575"
    }, {
      "d" : "1756421955031674973",
      "t" : 1756421955031,
      "tn" : 1756421955031674973,
      "q" : "337.75",
      "p" : "2.022",
      "s" : "buy",
      "i" : "PRIME_USD",
      "m" : "4611686018429107574"
    }, {
      "d" : "1756420553518713885",
      "t" : 1756420553518,
      "tn" : 1756420553518713885,
      "q" : "3.07",
      "p" : "2.024",
      "s" : "sell",
      "i" : "PRIME_USD",
      "m" : "4611686018429107573"
    }, {
      "d" : "1756420553307109834",
      "t" : 1756420553307,
      "tn" : 1756420553307109833,
      "q" : "180.15",
      "p" : "2.024",
      "s" : "sell",
      "i" : "PRIME_USD",
      "m" : "4611686018429107572"
    }, {
      "d" : "1756420553307109833",
      "t" : 1756420553307,
      "tn" : 1756420553307109833,
      "q" : "9.63",
      "p" : "2.024",
      "s" : "sell",
      "i" : "PRIME_USD",
      "m" : "4611686018429107572"
    }, {
      "d" : "1756420553307105676",
      "t" : 1756420553307,
      "tn" : 1756420553307105676,
      "q" : "7.85",
      "p" : "2.025",
      "s" : "sell",
      "i" : "PRIME_USD",
      "m" : "4611686018429107571"
    }, {
      "d" : "1756420553238855692",
      "t" : 1756420553238,
      "tn" : 1756420553238855692,
      "q" : "39.51",
      "p" : "2.025",
      "s" : "sell",
      "i" : "PRIME_USD",
      "m" : "4611686018429107570"
    }, {
      "d" : "1756420553220453540",
      "t" : 1756420553220,
      "tn" : 1756420553220453540,
      "q" : "197.53",
      "p" : "2.025",
      "s" : "sell",
      "i" : "PRIME_USD",
      "m" : "4611686018429107569"
    }, {
      "d" : "1756420552550898971",
      "t" : 1756420552550,
      "tn" : 1756420552550898971,
      "q" : "61.71",
      "p" : "2.024",
      "s" : "sell",
      "i" : "PRIME_USD",
      "m" : "4611686018429107568"
    }, {
      "d" : "1756420552530540916",
      "t" : 1756420552530,
      "tn" : 1756420552530540916,
      "q" : "119.87",
      "p" : "2.024",
      "s" : "sell",
      "i" : "PRIME_USD",
      "m" : "4611686018429107567"
    }, {
      "d" : "1756420552501665443",
      "t" : 1756420552501,
      "tn" : 1756420552501665443,
      "q" : "247.04",
      "p" : "2.024",
      "s" : "sell",
      "i" : "PRIME_USD",
      "m" : "4611686018429107566"
    }, {
      "d" : "1756420552497459975",
      "t" : 1756420552497,
      "tn" : 1756420552497459975,
      "q" : "61.75",
      "p" : "2.024",
      "s" : "buy",
      "i" : "PRIME_USD",
      "m" : "4611686018429107565"
    }, {
      "d" : "1756419753139575454",
      "t" : 1756419753139,
      "tn" : 1756419753139575454,
      "q" : "7.00",
      "p" : "2.022",
      "s" : "buy",
      "i" : "PRIME_USD",
      "m" : "4611686018429107564"
    }, {
      "d" : "1756419679334135370",
      "t" : 1756419679334,
      "tn" : 1756419679334135370,
      "q" : "34.28",
      "p" : "2.029",
      "s" : "buy",
      "i" : "PRIME_USD",
      "m" : "4611686018429107563"
    }, {
      "d" : "1756419617591752154",
      "t" : 1756419617591,
      "tn" : 1756419617591752154,
      "q" : "68.92",
      "p" : "2.024",
      "s" : "buy",
      "i" : "PRIME_USD",
      "m" : "4611686018429107562"
    }, {
      "d" : "1756419617591749692",
      "t" : 1756419617591,
      "tn" : 1756419617591749692,
      "q" : "7.27",
      "p" : "2.023",
      "s" : "buy",
      "i" : "PRIME_USD",
      "m" : "4611686018429107561"
    }, {
      "d" : "1756419617591746070",
      "t" : 1756419617591,
      "tn" : 1756419617591746070,
      "q" : "61.81",
      "p" : "2.022",
      "s" : "buy",
      "i" : "PRIME_USD",
      "m" : "4611686018429107560"
    }, {
      "d" : "1756417533034385136",
      "t" : 1756417533034,
      "tn" : 1756417533034385136,
      "q" : "39.78",
      "p" : "2.011",
      "s" : "sell",
      "i" : "PRIME_USD",
      "m" : "4611686018429107559"
    }, {
      "d" : "1756417238392205205",
      "t" : 1756417238392,
      "tn" : 1756417238392205205,
      "q" : "43.58",
      "p" : "2.010",
      "s" : "sell",
      "i" : "PRIME_USD",
      "m" : "4611686018429107558"
    }, {
      "d" : "1756416927623092214",
      "t" : 1756416927623,
      "tn" : 1756416927623092214,
      "q" : "49.43",
      "p" : "2.023",
      "s" : "buy",
      "i" : "PRIME_USD",
      "m" : "4611686018429107557"
    }, {
      "d" : "1756415696734194451",
      "t" : 1756415696734,
      "tn" : 1756415696734194451,
      "q" : "143.30",
      "p" : "2.027",
      "s" : "buy",
      "i" : "PRIME_USD",
      "m" : "4611686018429107556"
    }, {
      "d" : "1756415696734192167",
      "t" : 1756415696734,
      "tn" : 1756415696734192167,
      "q" : "295.52",
      "p" : "2.023",
      "s" : "buy",
      "i" : "PRIME_USD",
      "m" : "4611686018429107555"
    }, {
      "d" : "1756415696734188362",
      "t" : 1756415696734,
      "tn" : 1756415696734188362,
      "q" : "61.18",
      "p" : "2.022",
      "s" : "buy",
      "i" : "PRIME_USD",
      "m" : "4611686018429107554"
    }, {
      "d" : "1756410630904764784",
      "t" : 1756410630904,
      "tn" : 1756410630904764784,
      "q" : "4.44",
      "p" : "2.040",
      "s" : "sell",
      "i" : "PRIME_USD",
      "m" : "4611686018429107553"
    }, {
      "d" : "1756410630511720808",
      "t" : 1756410630511,
      "tn" : 1756410630511720808,
      "q" : "19.61",
      "p" : "2.040",
      "s" : "sell",
      "i" : "PRIME_USD",
      "m" : "4611686018429107552"
    }, {
      "d" : "1756410630448053457",
      "t" : 1756410630448,
      "tn" : 1756410630448053457,
      "q" : "39.22",
      "p" : "2.040",
      "s" : "sell",
      "i" : "PRIME_USD",
      "m" : "4611686018429107551"
    }, {
      "d" : "1756410630420461575",
      "t" : 1756410630420,
      "tn" : 1756410630420461575,
      "q" : "14.20",
      "p" : "2.040",
      "s" : "sell",
      "i" : "PRIME_USD",
      "m" : "4611686018429107550"
    }, {
      "d" : "1756410630397678539",
      "t" : 1756410630397,
      "tn" : 1756410630397678539,
      "q" : "11.48",
      "p" : "2.040",
      "s" : "sell",
      "i" : "PRIME_USD",
      "m" : "4611686018429107549"
    }, {
      "d" : "1756410630366993680",
      "t" : 1756410630366,
      "tn" : 1756410630366993680,
      "q" : "23.81",
      "p" : "2.040",
      "s" : "sell",
      "i" : "PRIME_USD",
      "m" : "4611686018429107548"
    }, {
      "d" : "1756410630340380918",
      "t" : 1756410630340,
      "tn" : 1756410630340380918,
      "q" : "22.42",
      "p" : "2.040",
      "s" : "sell",
      "i" : "PRIME_USD",
      "m" : "4611686018429107547"
    }, {
      "d" : "1756410630313874517",
      "t" : 1756410630313,
      "tn" : 1756410630313874517,
      "q" : "11.48",
      "p" : "2.040",
      "s" : "sell",
      "i" : "PRIME_USD",
      "m" : "4611686018429107546"
    }, {
      "d" : "1756410624250330521",
      "t" : 1756410624250,
      "tn" : 1756410624250330521,
      "q" : "24.28",
      "p" : "2.040",
      "s" : "sell",
      "i" : "PRIME_USD",
      "m" : "4611686018429107545"
    }, {
      "d" : "1756410621106553794",
      "t" : 1756410621106,
      "tn" : 1756410621106553794,
      "q" : "38.47",
      "p" : "2.040",
      "s" : "sell",
      "i" : "PRIME_USD",
      "m" : "4611686018429107544"
    }, {
      "d" : "1756410621106552032",
      "t" : 1756410621106,
      "tn" : 1756410621106552032,
      "q" : "1.41",
      "p" : "2.041",
      "s" : "sell",
      "i" : "PRIME_USD",
      "m" : "4611686018429107543"
    }, {
      "d" : "1756410620944263749",
      "t" : 1756410620944,
      "tn" : 1756410620944263749,
      "q" : "9.80",
      "p" : "2.041",
      "s" : "sell",
      "i" : "PRIME_USD",
      "m" : "4611686018429107542"
    }, {
      "d" : "1756410620915449835",
      "t" : 1756410620915,
      "tn" : 1756410620915449835,
      "q" : "19.60",
      "p" : "2.041",
      "s" : "sell",
      "i" : "PRIME_USD",
      "m" : "4611686018429107541"
    }, {
      "d" : "1756410620795978277",
      "t" : 1756410620795,
      "tn" : 1756410620795978277,
      "q" : "39.20",
      "p" : "2.041",
      "s" : "sell",
      "i" : "PRIME_USD",
      "m" : "4611686018429107540"
    }, {
      "d" : "1756410618945805139",
      "t" : 1756410618945,
      "tn" : 1756410618945805139,
      "q" : "41.57",
      "p" : "2.040",
      "s" : "sell",
      "i" : "PRIME_USD",
      "m" : "4611686018429107539"
    }, {
      "d" : "1756410372260451660",
      "t" : 1756410372260,
      "tn" : 1756410372260451660,
      "q" : "19.61",
      "p" : "2.040",
      "s" : "sell",
      "i" : "PRIME_USD",
      "m" : "4611686018429107538"
    }, {
      "d" : "1756410187515871586",
      "t" : 1756410187515,
      "tn" : 1756410187515871586,
      "q" : "9.80",
      "p" : "2.040",
      "s" : "sell",
      "i" : "PRIME_USD",
      "m" : "4611686018429107537"
    }, {
      "d" : "1756410187416312845",
      "t" : 1756410187416,
      "tn" : 1756410187416312845,
      "q" : "19.61",
      "p" : "2.040",
      "s" : "sell",
      "i" : "PRIME_USD",
      "m" : "4611686018429107536"
    }, {
      "d" : "1756409714950106656",
      "t" : 1756409714950,
      "tn" : 1756409714950106656,
      "q" : "7.46",
      "p" : "2.055",
      "s" : "sell",
      "i" : "PRIME_USD",
      "m" : "4611686018429107535"
    }, {
      "d" : "1756409109855231307",
      "t" : 1756409109855,
      "tn" : 1756409109855231307,
      "q" : "97.32",
      "p" : "2.055",
      "s" : "sell",
      "i" : "PRIME_USD",
      "m" : "4611686018429107534"
    }, {
      "d" : "1756409109836237580",
      "t" : 1756409109836,
      "tn" : 1756409109836237580,
      "q" : "60.82",
      "p" : "2.055",
      "s" : "sell",
      "i" : "PRIME_USD",
      "m" : "4611686018429107533"
    }, {
      "d" : "1756409109821461757",
      "t" : 1756409109821,
      "tn" : 1756409109821461757,
      "q" : "72.99",
      "p" : "2.055",
      "s" : "sell",
      "i" : "PRIME_USD",
      "m" : "4611686018429107532"
    }, {
      "d" : "1756409109794569416",
      "t" : 1756409109794,
      "tn" : 1756409109794569416,
      "q" : "12.15",
      "p" : "2.055",
      "s" : "sell",
      "i" : "PRIME_USD",
      "m" : "4611686018429107531"
    }, {
      "d" : "1756408155288393204",
      "t" : 1756408155288,
      "tn" : 1756408155288393204,
      "q" : "12.26",
      "p" : "2.057",
      "s" : "sell",
      "i" : "PRIME_USD",
      "m" : "4611686018429107530"
    }, {
      "d" : "1756408155176116225",
      "t" : 1756408155176,
      "tn" : 1756408155176116225,
      "q" : "9.72",
      "p" : "2.057",
      "s" : "sell",
      "i" : "PRIME_USD",
      "m" : "4611686018429107529"
    }, {
      "d" : "1756407585513968883",
      "t" : 1756407585513,
      "tn" : 1756407585513968883,
      "q" : "2.72",
      "p" : "2.058",
      "s" : "sell",
      "i" : "PRIME_USD",
      "m" : "4611686018429107528"
    }, {
      "d" : "1756407585513967105",
      "t" : 1756407585513,
      "tn" : 1756407585513967105,
      "q" : "9.34",
      "p" : "2.060",
      "s" : "sell",
      "i" : "PRIME_USD",
      "m" : "4611686018429107527"
    }, {
      "d" : "1756407585158086821",
      "t" : 1756407585158,
      "tn" : 1756407585158086821,
      "q" : "19.42",
      "p" : "2.060",
      "s" : "sell",
      "i" : "PRIME_USD",
      "m" : "4611686018429107526"
    }, {
      "d" : "1756407585114630591",
      "t" : 1756407585114,
      "tn" : 1756407585114630591,
      "q" : "38.83",
      "p" : "2.060",
      "s" : "sell",
      "i" : "PRIME_USD",
      "m" : "4611686018429107525"
    }, {
      "d" : "1756407585056195067",
      "t" : 1756407585056,
      "tn" : 1756407585056195067,
      "q" : "38.92",
      "p" : "2.060",
      "s" : "sell",
      "i" : "PRIME_USD",
      "m" : "4611686018429107524"
    }, {
      "d" : "1756407585056192980",
      "t" : 1756407585056,
      "tn" : 1756407585056192979,
      "q" : "28.59",
      "p" : "2.061",
      "s" : "sell",
      "i" : "PRIME_USD",
      "m" : "4611686018429107523"
    }, {
      "d" : "1756407585056192979",
      "t" : 1756407585056,
      "tn" : 1756407585056192979,
      "q" : "175.21",
      "p" : "2.061",
      "s" : "sell",
      "i" : "PRIME_USD",
      "m" : "4611686018429107523"
    }, {
      "d" : "1756407584953758487",
      "t" : 1756407584953,
      "tn" : 1756407584953758487,
      "q" : "11.07",
      "p" : "2.058",
      "s" : "sell",
      "i" : "PRIME_USD",
      "m" : "4611686018429107522"
    }, {
      "d" : "1756407584953756691",
      "t" : 1756407584953,
      "tn" : 1756407584953756691,
      "q" : "0.96",
      "p" : "2.059",
      "s" : "sell",
      "i" : "PRIME_USD",
      "m" : "4611686018429107521"
    }, {
      "d" : "1756407584709870662",
      "t" : 1756407584709,
      "tn" : 1756407584709870662,
      "q" : "6.29",
      "p" : "2.059",
      "s" : "sell",
      "i" : "PRIME_USD",
      "m" : "4611686018429107520"
    }, {
      "d" : "1756407584709868864",
      "t" : 1756407584709,
      "tn" : 1756407584709868864,
      "q" : "28.63",
      "p" : "2.060",
      "s" : "sell",
      "i" : "PRIME_USD",
      "m" : "4611686018429107519"
    }, {
      "d" : "1756407584576367420",
      "t" : 1756407584576,
      "tn" : 1756407584576367420,
      "q" : "19.43",
      "p" : "2.059",
      "s" : "sell",
      "i" : "PRIME_USD",
      "m" : "4611686018429107518"
    }, {
      "d" : "1756407584433289246",
      "t" : 1756407584433,
      "tn" : 1756407584433289246,
      "q" : "10.25",
      "p" : "2.059",
      "s" : "sell",
      "i" : "PRIME_USD",
      "m" : "4611686018429107517"
    }, {
      "d" : "1756407584433287067",
      "t" : 1756407584433,
      "tn" : 1756407584433287067,
      "q" : "28.60",
      "p" : "2.060",
      "s" : "sell",
      "i" : "PRIME_USD",
      "m" : "4611686018429107516"
    }, {
      "d" : "1756407580988708057",
      "t" : 1756407580988,
      "tn" : 1756407580988708057,
      "q" : "12.07",
      "p" : "2.058",
      "s" : "sell",
      "i" : "PRIME_USD",
      "m" : "4611686018429107515"
    }, {
      "d" : "1756407580886858072",
      "t" : 1756407580886,
      "tn" : 1756407580886858072,
      "q" : "9.72",
      "p" : "2.058",
      "s" : "sell",
      "i" : "PRIME_USD",
      "m" : "4611686018429107514"
    }, {
      "d" : "1756407576028216083",
      "t" : 1756407576028,
      "tn" : 1756407576028216083,
      "q" : "12.12",
      "p" : "2.058",
      "s" : "sell",
      "i" : "PRIME_USD",
      "m" : "4611686018429107513"
    }, {
      "d" : "1756407575753882326",
      "t" : 1756407575753,
      "tn" : 1756407575753882326,
      "q" : "10.84",
      "p" : "2.057",
      "s" : "sell",
      "i" : "PRIME_USD",
      "m" : "4611686018429107512"
    }, {
      "d" : "1756407575728897338",
      "t" : 1756407575728,
      "tn" : 1756407575728897338,
      "q" : "6.00",
      "p" : "2.057",
      "s" : "sell",
      "i" : "PRIME_USD",
      "m" : "4611686018429107511"
    }, {
      "d" : "1756407575728895524",
      "t" : 1756407575728,
      "tn" : 1756407575728895524,
      "q" : "6.22",
      "p" : "2.059",
      "s" : "sell",
      "i" : "PRIME_USD",
      "m" : "4611686018429107510"
    }, {
      "d" : "1756407575656709884",
      "t" : 1756407575656,
      "tn" : 1756407575656709884,
      "q" : "12.14",
      "p" : "2.059",
      "s" : "sell",
      "i" : "PRIME_USD",
      "m" : "4611686018429107509"
    }, {
      "d" : "1756407575555547003",
      "t" : 1756407575555,
      "tn" : 1756407575555547003,
      "q" : "38.83",
      "p" : "2.060",
      "s" : "sell",
      "i" : "PRIME_USD",
      "m" : "4611686018429107508"
    }, {
      "d" : "1756407575031779959",
      "t" : 1756407575031,
      "tn" : 1756407575031779959,
      "q" : "12.04",
      "p" : "2.057",
      "s" : "sell",
      "i" : "PRIME_USD",
      "m" : "4611686018429107507"
    }, {
      "d" : "1756407574855406686",
      "t" : 1756407574855,
      "tn" : 1756407574855406686,
      "q" : "19.44",
      "p" : "2.058",
      "s" : "sell",
      "i" : "PRIME_USD",
      "m" : "4611686018429107506"
    }, {
      "d" : "1756407574775493341",
      "t" : 1756407574775,
      "tn" : 1756407574775493341,
      "q" : "12.17",
      "p" : "2.055",
      "s" : "sell",
      "i" : "PRIME_USD",
      "m" : "4611686018429107505"
    }, {
      "d" : "1756407372163579880",
      "t" : 1756407372163,
      "tn" : 1756407372163579880,
      "q" : "9.73",
      "p" : "2.055",
      "s" : "sell",
      "i" : "PRIME_USD",
      "m" : "4611686018429107504"
    }, {
      "d" : "1756403645505168338",
      "t" : 1756403645505,
      "tn" : 1756403645505168338,
      "q" : "201.60",
      "p" : "2.065",
      "s" : "buy",
      "i" : "PRIME_USD",
      "m" : "4611686018429107503"
    }, {
      "d" : "1756403645505166187",
      "t" : 1756403645505,
      "tn" : 1756403645505166187,
      "q" : "431.90",
      "p" : "2.064",
      "s" : "buy",
      "i" : "PRIME_USD",
      "m" : "4611686018429107502"
    }, {
      "d" : "1756403645505163111",
      "t" : 1756403645505,
      "tn" : 1756403645505163111,
      "q" : "28.75",
      "p" : "2.063",
      "s" : "buy",
      "i" : "PRIME_USD",
      "m" : "4611686018429107501"
    }, {
      "d" : "1756403645505159528",
      "t" : 1756403645505,
      "tn" : 1756403645505159528,
      "q" : "337.75",
      "p" : "2.059",
      "s" : "buy",
      "i" : "PRIME_USD",
      "m" : "4611686018429107500"
    }, {
      "d" : "1756403478075384173",
      "t" : 1756403478075,
      "tn" : 1756403478075384173,
      "q" : "28.76",
      "p" : "2.071",
      "s" : "buy",
      "i" : "PRIME_USD",
      "m" : "4611686018429107499"
    }, {
      "d" : "1756401477733977833",
      "t" : 1756401477733,
      "tn" : 1756401477733977833,
      "q" : "337.75",
      "p" : "2.054",
      "s" : "buy",
      "i" : "PRIME_USD",
      "m" : "4611686018429107498"
    }, {
      "d" : "1756401477733974936",
      "t" : 1756401477733,
      "tn" : 1756401477733974936,
      "q" : "336.09",
      "p" : "2.053",
      "s" : "buy",
      "i" : "PRIME_USD",
      "m" : "4611686018429107497"
    }, {
      "d" : "1756401477733971885",
      "t" : 1756401477733,
      "tn" : 1756401477733971885,
      "q" : "4.88",
      "p" : "2.052",
      "s" : "buy",
      "i" : "PRIME_USD",
      "m" : "4611686018429107496"
    }, {
      "d" : "1756401477733968459",
      "t" : 1756401477733,
      "tn" : 1756401477733968459,
      "q" : "48.64",
      "p" : "2.051",
      "s" : "buy",
      "i" : "PRIME_USD",
      "m" : "4611686018429107495"
    }, {
      "d" : "1756389702348795674",
      "t" : 1756389702348,
      "tn" : 1756389702348795674,
      "q" : "48.05",
      "p" : "2.081",
      "s" : "buy",
      "i" : "PRIME_USD",
      "m" : "4611686018429107494"
    }, {
      "d" : "1756389573002364660",
      "t" : 1756389573002,
      "tn" : 1756389573002364660,
      "q" : "81.98",
      "p" : "2.078",
      "s" : "buy",
      "i" : "PRIME_USD",
      "m" : "4611686018429107493"
    }, {
      "d" : "1756389556673063263",
      "t" : 1756389556673,
      "tn" : 1756389556673063263,
      "q" : "327.91",
      "p" : "2.078",
      "s" : "buy",
      "i" : "PRIME_USD",
      "m" : "4611686018429107492"
    }, {
      "d" : "1756381739002464715",
      "t" : 1756381739002,
      "tn" : 1756381739002464715,
      "q" : "0.60",
      "p" : "2.039",
      "s" : "sell",
      "i" : "PRIME_USD",
      "m" : "4611686018429107491"
    }, {
      "d" : "1756381739002462808",
      "t" : 1756381739002,
      "tn" : 1756381739002462808,
      "q" : "2.00",
      "p" : "2.073",
      "s" : "sell",
      "i" : "PRIME_USD",
      "m" : "4611686018429107490"
    } ]
  }
}