{
  "id" : -1,
  "method" : "public/get-trades",
  "code" : 0,
  "result" : {
    "data" : [ {
      "d" : "1756451207644835564",
      "t" : 1756451207644,
      "tn" : 1756451207644835564,
      "q" : "10",
      "p" : "0.18818",
      "s" : "sell",
      "i" : "PROMPTUSD-PERP",
      "m" : "4611686018427502667"
    }, {
      "d" : "1756451205114916430",
      "t" : 1756451205114,
      "tn" : 1756451205114916429,
      "q" : "10",
      "p" : "0.19408",
      "s" : "sell",
      "i" : "PROMPTUSD-PERP",
      "m" : "4611686018427502666"
    }, {
      "d" : "1756451205114916429",
      "t" : 1756451205114,
      "tn" : 1756451205114916429,
      "q" : "10",
      "p" : "0.19408",
      "s" : "sell",
      "i" : "PROMPTUSD-PERP",
      "m" : "4611686018427502666"
    }, {
      "d" : "1756434418481224319",
      "t" : 1756434418481,
      "tn" : 1756434418481224319,
      "q" : "470",
      "p" : "0.20494",
      "s" : "buy",
      "i" : "PROMPTUSD-PERP",
      "m" : "4611686018427502665"
    }, {
      "d" : "1756434418481222182",
      "t" : 1756434418481,
      "tn" : 1756434418481222182,
      "q" : "10",
      "p" : "0.20438",
      "s" : "buy",
      "i" : "PROMPTUSD-PERP",
      "m" : "4611686018427502664"
    }, {
      "d" : "1756402279908564763",
      "t" : 1756402279908,
      "tn" : 1756402279908564763,
      "q" : "140",
      "p" : "0.20400",
      "s" : "sell",
      "i" : "PROMPTUSD-PERP",
      "m" : "4611686018427502663"
    }, {
      "d" : "1756400230176434780",
      "t" : 1756400230176,
      "tn" : 1756400230176434780,
      "q" : "10",
      "p" : "0.20647",
      "s" : "buy",
      "i" : "PROMPTUSD-PERP",
      "m" : "4611686018427502662"
    }, {
      "d" : "1756395004901573664",
      "t" : 1756395004901,
      "tn" : 1756395004901573664,
      "q" : "490",
      "p" : "0.20020",
      "s" : "buy",
      "i" : "PROMPTUSD-PERP",
      "m" : "4611686018427502661"
    }, {
      "d" : "1756394234812811096",
      "t" : 1756394234812,
      "tn" : 1756394234812811096,
      "q" : "10",
      "p" : "0.19956",
      "s" : "buy",
      "i" : "PROMPTUSD-PERP",
      "m" : "4611686018427502660"
    }, {
      "d" : "1756392304900550697",
      "t" : 1756392304900,
      "tn" : 1756392304900550697,
      "q" : "480",
      "p" : "0.20063",
      "s" : "buy",
      "i" : "PROMPTUSD-PERP",
      "m" : "4611686018427502659"
    }, {
      "d" : "1756392304900548692",
      "t" : 1756392304900,
      "tn" : 1756392304900548692,
      "q" : "10",
      "p" : "0.20016",
      "s" : "buy",
      "i" : "PROMPTUSD-PERP",
      "m" : "4611686018427502658"
    }, {
      "d" : "1756391940379491122",
      "t" : 1756391940379,
      "tn" : 1756391940379491122,
      "q" : "10",
      "p" : "0.20085",
      "s" : "buy",
      "i" : "PROMPTUSD-PERP",
      "m" : "4611686018427502657"
    }, {
      "d" : "1756391939778251300",
      "t" : 1756391939778,
      "tn" : 1756391939778251300,
      "q" : "10",
      "p" : "0.20075",
      "s" : "buy",
      "i" : "PROMPTUSD-PERP",
      "m" : "4611686018427502656"
    }, {
      "d" : "1756391939658187304",
      "t" : 1756391939658,
      "tn" : 1756391939658187304,
      "q" : "10",
      "p" : "0.20094",
      "s" : "buy",
      "i" : "PROMPTUSD-PERP",
      "m" : "4611686018427502655"
    }, {
      "d" : "1756391937773842654",
      "t" : 1756391937773,
      "tn" : 1756391937773842654,
      "q" : "10",
      "p" : "0.20074",
      "s" : "buy",
      "i" : "PROMPTUSD-PERP",
      "m" : "4611686018427502654"
    }, {
      "d" : "1756391937337208160",
      "t" : 1756391937337,
      "tn" : 1756391937337208160,
      "q" : "10",
      "p" : "0.20043",
      "s" : "buy",
      "i" : "PROMPTUSD-PERP",
      "m" : "4611686018427502653"
    }, {
      "d" : "1756391936972771406",
      "t" : 1756391936972,
      "tn" : 1756391936972771406,
      "q" : "10",
      "p" : "0.20032",
      "s" : "buy",
      "i" : "PROMPTUSD-PERP",
      "m" : "4611686018427502652"
    }, {
      "d" : "1756391936853744921",
      "t" : 1756391936853,
      "tn" : 1756391936853744921,
      "q" : "10",
      "p" : "0.20022",
      "s" : "buy",
      "i" : "PROMPTUSD-PERP",
      "m" : "4611686018427502651"
    }, {
      "d" : "1756391936676665761",
      "t" : 1756391936676,
      "tn" : 1756391936676665761,
      "q" : "10",
      "p" : "0.20031",
      "s" : "buy",
      "i" : "PROMPTUSD-PERP",
      "m" : "4611686018427502650"
    }, {
      "d" : "1756391935890014064",
      "t" : 1756391935890,
      "tn" : 1756391935890014064,
      "q" : "10",
      "p" : "0.20021",
      "s" : "buy",
      "i" : "PROMPTUSD-PERP",
      "m" : "4611686018427502649"
    }, {
      "d" : "1756391935619622697",
      "t" : 1756391935619,
      "tn" : 1756391935619622697,
      "q" : "10",
      "p" : "0.20010",
      "s" : "buy",
      "i" : "PROMPTUSD-PERP",
      "m" : "4611686018427502648"
    }, {
      "d" : "1756391935439482434",
      "t" : 1756391935439,
      "tn" : 1756391935439482434,
      "q" : "10",
      "p" : "0.20020",
      "s" : "buy",
      "i" : "PROMPTUSD-PERP",
      "m" : "4611686018427502647"
    }, {
      "d" : "1756391934657838536",
      "t" : 1756391934657,
      "tn" : 1756391934657838536,
      "q" : "10",
      "p" : "0.20009",
      "s" : "buy",
      "i" : "PROMPTUSD-PERP",
      "m" : "4611686018427502646"
    }, {
      "d" : "1756391932247450963",
      "t" : 1756391932247,
      "tn" : 1756391932247450963,
      "q" : "10",
      "p" : "0.20008",
      "s" : "buy",
      "i" : "PROMPTUSD-PERP",
      "m" : "4611686018427502645"
    }, {
      "d" : "1756391932012162311",
      "t" : 1756391932012,
      "tn" : 1756391932012162311,
      "q" : "10",
      "p" : "0.20018",
      "s" : "buy",
      "i" : "PROMPTUSD-PERP",
      "m" : "4611686018427502644"
    }, {
      "d" : "1756391931896896666",
      "t" : 1756391931896,
      "tn" : 1756391931896896666,
      "q" : "10",
      "p" : "0.20007",
      "s" : "buy",
      "i" : "PROMPTUSD-PERP",
      "m" : "4611686018427502643"
    }, {
      "d" : "1756391931686576371",
      "t" : 1756391931686,
      "tn" : 1756391931686576371,
      "q" : "10",
      "p" : "0.20017",
      "s" : "buy",
      "i" : "PROMPTUSD-PERP",
      "m" : "4611686018427502642"
    }, {
      "d" : "1756391931486402733",
      "t" : 1756391931486,
      "tn" : 1756391931486402733,
      "q" : "10",
      "p" : "0.20049",
      "s" : "buy",
      "i" : "PROMPTUSD-PERP",
      "m" : "4611686018427502641"
    }, {
      "d" : "1756391930906356527",
      "t" : 1756391930906,
      "tn" : 1756391930906356527,
      "q" : "10",
      "p" : "0.19966",
      "s" : "buy",
      "i" : "PROMPTUSD-PERP",
      "m" : "4611686018427502640"
    }, {
      "d" : "1756391930596209987",
      "t" : 1756391930596,
      "tn" : 1756391930596209987,
      "q" : "10",
      "p" : "0.19885",
      "s" : "buy",
      "i" : "PROMPTUSD-PERP",
      "m" : "4611686018427502639"
    }, {
      "d" : "1756391930464437097",
      "t" : 1756391930464,
      "tn" : 1756391930464437097,
      "q" : "10",
      "p" : "0.19865",
      "s" : "buy",
      "i" : "PROMPTUSD-PERP",
      "m" : "4611686018427502638"
    }, {
      "d" : "1756391930348631344",
      "t" : 1756391930348,
      "tn" : 1756391930348631344,
      "q" : "10",
      "p" : "0.19854",
      "s" : "buy",
      "i" : "PROMPTUSD-PERP",
      "m" : "4611686018427502637"
    }, {
      "d" : "1756391930085041592",
      "t" : 1756391930085,
      "tn" : 1756391930085041592,
      "q" : "10",
      "p" : "0.19813",
      "s" : "buy",
      "i" : "PROMPTUSD-PERP",
      "m" : "4611686018427502636"
    }, {
      "d" : "1756391929933101331",
      "t" : 1756391929933,
      "tn" : 1756391929933101331,
      "q" : "10",
      "p" : "0.19773",
      "s" : "buy",
      "i" : "PROMPTUSD-PERP",
      "m" : "4611686018427502635"
    }, {
      "d" : "1756391929792932486",
      "t" : 1756391929792,
      "tn" : 1756391929792932486,
      "q" : "10",
      "p" : "0.19782",
      "s" : "buy",
      "i" : "PROMPTUSD-PERP",
      "m" : "4611686018427502634"
    }, {
      "d" : "1756391929675601334",
      "t" : 1756391929675,
      "tn" : 1756391929675601334,
      "q" : "560",
      "p" : "0.19844",
      "s" : "buy",
      "i" : "PROMPTUSD-PERP",
      "m" : "4611686018427502633"
    }, {
      "d" : "1756391929670470709",
      "t" : 1756391929670,
      "tn" : 1756391929670470709,
      "q" : "10",
      "p" : "0.19826",
      "s" : "buy",
      "i" : "PROMPTUSD-PERP",
      "m" : "4611686018427502632"
    }, {
      "d" : "1756391929566809265",
      "t" : 1756391929566,
      "tn" : 1756391929566809265,
      "q" : "250",
      "p" : "0.19824",
      "s" : "buy",
      "i" : "PROMPTUSD-PERP",
      "m" : "4611686018427502631"
    }, {
      "d" : "1756391929408565854",
      "t" : 1756391929408,
      "tn" : 1756391929408565854,
      "q" : "500",
      "p" : "0.19796",
      "s" : "buy",
      "i" : "PROMPTUSD-PERP",
      "m" : "4611686018427502630"
    }, {
      "d" : "1756391929336654014",
      "t" : 1756391929336,
      "tn" : 1756391929336654014,
      "q" : "10",
      "p" : "0.19742",
      "s" : "buy",
      "i" : "PROMPTUSD-PERP",
      "m" : "4611686018427502629"
    }, {
      "d" : "1756391929136400630",
      "t" : 1756391929136,
      "tn" : 1756391929136400630,
      "q" : "10",
      "p" : "0.19731",
      "s" : "buy",
      "i" : "PROMPTUSD-PERP",
      "m" : "4611686018427502628"
    }, {
      "d" : "1756391929016265419",
      "t" : 1756391929016,
      "tn" : 1756391929016265419,
      "q" : "10",
      "p" : "0.19721",
      "s" : "buy",
      "i" : "PROMPTUSD-PERP",
      "m" : "4611686018427502627"
    }, {
      "d" : "1756391928826077910",
      "t" : 1756391928826,
      "tn" : 1756391928826077910,
      "q" : "10",
      "p" : "0.19700",
      "s" : "buy",
      "i" : "PROMPTUSD-PERP",
      "m" : "4611686018427502626"
    }, {
      "d" : "1756391928715775165",
      "t" : 1756391928715,
      "tn" : 1756391928715775165,
      "q" : "10",
      "p" : "0.19669",
      "s" : "buy",
      "i" : "PROMPTUSD-PERP",
      "m" : "4611686018427502625"
    }, {
      "d" : "1756391928570797257",
      "t" : 1756391928570,
      "tn" : 1756391928570797257,
      "q" : "10",
      "p" : "0.19759",
      "s" : "buy",
      "i" : "PROMPTUSD-PERP",
      "m" : "4611686018427502624"
    }, {
      "d" : "1756391928515649263",
      "t" : 1756391928515,
      "tn" : 1756391928515649263,
      "q" : "500",
      "p" : "0.19836",
      "s" : "buy",
      "i" : "PROMPTUSD-PERP",
      "m" : "4611686018427502623"
    }, {
      "d" : "1756391926034352660",
      "t" : 1756391926034,
      "tn" : 1756391926034352660,
      "q" : "500",
      "p" : "0.19852",
      "s" : "buy",
      "i" : "PROMPTUSD-PERP",
      "m" : "4611686018427502622"
    }, {
      "d" : "1756391925266701648",
      "t" : 1756391925266,
      "tn" : 1756391925266701648,
      "q" : "10",
      "p" : "0.20138",
      "s" : "sell",
      "i" : "PROMPTUSD-PERP",
      "m" : "4611686018427502621"
    }, {
      "d" : "1756391925058429982",
      "t" : 1756391925058,
      "tn" : 1756391925058429982,
      "q" : "10",
      "p" : "0.20128",
      "s" : "buy",
      "i" : "PROMPTUSD-PERP",
      "m" : "4611686018427502620"
    }, {
      "d" : "1756391924587717571",
      "t" : 1756391924587,
      "tn" : 1756391924587717571,
      "q" : "10",
      "p" : "0.20138",
      "s" : "buy",
      "i" : "PROMPTUSD-PERP",
      "m" : "4611686018427502619"
    }, {
      "d" : "1756391923169663596",
      "t" : 1756391923169,
      "tn" : 1756391923169663596,
      "q" : "210",
      "p" : "0.20216",
      "s" : "buy",
      "i" : "PROMPTUSD-PERP",
      "m" : "4611686018427502618"
    }, {
      "d" : "1756391923169661644",
      "t" : 1756391923169,
      "tn" : 1756391923169661644,
      "q" : "240",
      "p" : "0.20212",
      "s" : "buy",
      "i" : "PROMPTUSD-PERP",
      "m" : "4611686018427502617"
    }, {
      "d" : "1756391923164515039",
      "t" : 1756391923164,
      "tn" : 1756391923164515039,
      "q" : "10",
      "p" : "0.20137",
      "s" : "buy",
      "i" : "PROMPTUSD-PERP",
      "m" : "4611686018427502616"
    }, {
      "d" : "1756391923044363162",
      "t" : 1756391923044,
      "tn" : 1756391923044363162,
      "q" : "10",
      "p" : "0.20136",
      "s" : "buy",
      "i" : "PROMPTUSD-PERP",
      "m" : "4611686018427502615"
    }, {
      "d" : "1756391922966225858",
      "t" : 1756391922966,
      "tn" : 1756391922966225858,
      "q" : "490",
      "p" : "0.20180",
      "s" : "buy",
      "i" : "PROMPTUSD-PERP",
      "m" : "4611686018427502614"
    }, {
      "d" : "1756391922824067106",
      "t" : 1756391922824,
      "tn" : 1756391922824067106,
      "q" : "10",
      "p" : "0.20126",
      "s" : "buy",
      "i" : "PROMPTUSD-PERP",
      "m" : "4611686018427502613"
    }, {
      "d" : "1756391922703925142",
      "t" : 1756391922703,
      "tn" : 1756391922703925142,
      "q" : "10",
      "p" : "0.20115",
      "s" : "buy",
      "i" : "PROMPTUSD-PERP",
      "m" : "4611686018427502612"
    }, {
      "d" : "1756391922593798298",
      "t" : 1756391922593,
      "tn" : 1756391922593798298,
      "q" : "10",
      "p" : "0.20149",
      "s" : "buy",
      "i" : "PROMPTUSD-PERP",
      "m" : "4611686018427502611"
    }, {
      "d" : "1756391922485664222",
      "t" : 1756391922485,
      "tn" : 1756391922485664222,
      "q" : "10",
      "p" : "0.20114",
      "s" : "buy",
      "i" : "PROMPTUSD-PERP",
      "m" : "4611686018427502610"
    }, {
      "d" : "1756391922242637937",
      "t" : 1756391922242,
      "tn" : 1756391922242637937,
      "q" : "10",
      "p" : "0.20074",
      "s" : "buy",
      "i" : "PROMPTUSD-PERP",
      "m" : "4611686018427502609"
    }, {
      "d" : "1756391922097591420",
      "t" : 1756391922097,
      "tn" : 1756391922097591420,
      "q" : "10",
      "p" : "0.20063",
      "s" : "buy",
      "i" : "PROMPTUSD-PERP",
      "m" : "4611686018427502608"
    }, {
      "d" : "1756391921826956899",
      "t" : 1756391921826,
      "tn" : 1756391921826956899,
      "q" : "10",
      "p" : "0.20053",
      "s" : "buy",
      "i" : "PROMPTUSD-PERP",
      "m" : "4611686018427502607"
    }, {
      "d" : "1756391921701732109",
      "t" : 1756391921701,
      "tn" : 1756391921701732109,
      "q" : "10",
      "p" : "0.20052",
      "s" : "buy",
      "i" : "PROMPTUSD-PERP",
      "m" : "4611686018427502606"
    }, {
      "d" : "1756391921596636380",
      "t" : 1756391921596,
      "tn" : 1756391921596636380,
      "q" : "10",
      "p" : "0.20051",
      "s" : "buy",
      "i" : "PROMPTUSD-PERP",
      "m" : "4611686018427502605"
    }, {
      "d" : "1756391921476356923",
      "t" : 1756391921476,
      "tn" : 1756391921476356923,
      "q" : "10",
      "p" : "0.20059",
      "s" : "buy",
      "i" : "PROMPTUSD-PERP",
      "m" : "4611686018427502604"
    }, {
      "d" : "1756391921317226687",
      "t" : 1756391921317,
      "tn" : 1756391921317226687,
      "q" : "10",
      "p" : "0.20080",
      "s" : "buy",
      "i" : "PROMPTUSD-PERP",
      "m" : "4611686018427502603"
    }, {
      "d" : "1756391921045623624",
      "t" : 1756391921045,
      "tn" : 1756391921045623624,
      "q" : "200",
      "p" : "0.20160",
      "s" : "buy",
      "i" : "PROMPTUSD-PERP",
      "m" : "4611686018427502602"
    }, {
      "d" : "1756391921045621675",
      "t" : 1756391921045,
      "tn" : 1756391921045621675,
      "q" : "10",
      "p" : "0.20158",
      "s" : "buy",
      "i" : "PROMPTUSD-PERP",
      "m" : "4611686018427502601"
    }, {
      "d" : "1756391921038383461",
      "t" : 1756391921038,
      "tn" : 1756391921038383461,
      "q" : "10",
      "p" : "0.20110",
      "s" : "buy",
      "i" : "PROMPTUSD-PERP",
      "m" : "4611686018427502600"
    }, {
      "d" : "1756391920814614887",
      "t" : 1756391920814,
      "tn" : 1756391920814614887,
      "q" : "10",
      "p" : "0.20100",
      "s" : "buy",
      "i" : "PROMPTUSD-PERP",
      "m" : "4611686018427502599"
    }, {
      "d" : "1756391920644365635",
      "t" : 1756391920644,
      "tn" : 1756391920644365635,
      "q" : "10",
      "p" : "0.20119",
      "s" : "buy",
      "i" : "PROMPTUSD-PERP",
      "m" : "4611686018427502598"
    }, {
      "d" : "1756391920625775603",
      "t" : 1756391920625,
      "tn" : 1756391920625775603,
      "q" : "490",
      "p" : "0.20172",
      "s" : "buy",
      "i" : "PROMPTUSD-PERP",
      "m" : "4611686018427502597"
    }, {
      "d" : "1756391918374381461",
      "t" : 1756391918374,
      "tn" : 1756391918374381461,
      "q" : "490",
      "p" : "0.20240",
      "s" : "buy",
      "i" : "PROMPTUSD-PERP",
      "m" : "4611686018427502596"
    }, {
      "d" : "1756391917186784143",
      "t" : 1756391917186,
      "tn" : 1756391917186784143,
      "q" : "10",
      "p" : "0.20139",
      "s" : "buy",
      "i" : "PROMPTUSD-PERP",
      "m" : "4611686018427502595"
    }, {
      "d" : "1756391917076546862",
      "t" : 1756391917076,
      "tn" : 1756391917076546862,
      "q" : "10",
      "p" : "0.20109",
      "s" : "buy",
      "i" : "PROMPTUSD-PERP",
      "m" : "4611686018427502594"
    }, {
      "d" : "1756391917045135911",
      "t" : 1756391917045,
      "tn" : 1756391917045135911,
      "q" : "90",
      "p" : "0.20212",
      "s" : "sell",
      "i" : "PROMPTUSD-PERP",
      "m" : "4611686018427502593"
    }, {
      "d" : "1756391917045134368",
      "t" : 1756391917045,
      "tn" : 1756391917045134368,
      "q" : "400",
      "p" : "0.20245",
      "s" : "sell",
      "i" : "PROMPTUSD-PERP",
      "m" : "4611686018427502592"
    }, {
      "d" : "1756391917039271907",
      "t" : 1756391917039,
      "tn" : 1756391917039271907,
      "q" : "4930",
      "p" : "0.20245",
      "s" : "sell",
      "i" : "PROMPTUSD-PERP",
      "m" : "4611686018427502591"
    }, {
      "d" : "1756391916946438305",
      "t" : 1756391916946,
      "tn" : 1756391916946438305,
      "q" : "10",
      "p" : "0.20287",
      "s" : "buy",
      "i" : "PROMPTUSD-PERP",
      "m" : "4611686018427502590"
    }, {
      "d" : "1756391916829121926",
      "t" : 1756391916829,
      "tn" : 1756391916829121926,
      "q" : "10",
      "p" : "0.20286",
      "s" : "buy",
      "i" : "PROMPTUSD-PERP",
      "m" : "4611686018427502589"
    }, {
      "d" : "1756391916715877458",
      "t" : 1756391916715,
      "tn" : 1756391916715877458,
      "q" : "10",
      "p" : "0.20305",
      "s" : "buy",
      "i" : "PROMPTUSD-PERP",
      "m" : "4611686018427502588"
    }, {
      "d" : "1756391916477289644",
      "t" : 1756391916477,
      "tn" : 1756391916477289644,
      "q" : "10",
      "p" : "0.20275",
      "s" : "buy",
      "i" : "PROMPTUSD-PERP",
      "m" : "4611686018427502587"
    }, {
      "d" : "1756391915806951561",
      "t" : 1756391915806,
      "tn" : 1756391915806951561,
      "q" : "10",
      "p" : "0.20105",
      "s" : "buy",
      "i" : "PROMPTUSD-PERP",
      "m" : "4611686018427502586"
    }, {
      "d" : "1756391915321946744",
      "t" : 1756391915321,
      "tn" : 1756391915321946744,
      "q" : "490",
      "p" : "0.20180",
      "s" : "buy",
      "i" : "PROMPTUSD-PERP",
      "m" : "4611686018427502585"
    }, {
      "d" : "1756391915321944879",
      "t" : 1756391915321,
      "tn" : 1756391915321944879,
      "q" : "10",
      "p" : "0.20178",
      "s" : "buy",
      "i" : "PROMPTUSD-PERP",
      "m" : "4611686018427502584"
    }, {
      "d" : "1756391914234834232",
      "t" : 1756391914234,
      "tn" : 1756391914234834231,
      "q" : "90",
      "p" : "0.20536",
      "s" : "sell",
      "i" : "PROMPTUSD-PERP",
      "m" : "4611686018427502583"
    }, {
      "d" : "1756391914234834231",
      "t" : 1756391914234,
      "tn" : 1756391914234834231,
      "q" : "230",
      "p" : "0.20536",
      "s" : "sell",
      "i" : "PROMPTUSD-PERP",
      "m" : "4611686018427502583"
    }, {
      "d" : "1756391914234829531",
      "t" : 1756391914234,
      "tn" : 1756391914234829531,
      "q" : "160",
      "p" : "0.20570",
      "s" : "sell",
      "i" : "PROMPTUSD-PERP",
      "m" : "4611686018427502582"
    }, {
      "d" : "1756391914233035927",
      "t" : 1756391914233,
      "tn" : 1756391914233035926,
      "q" : "40",
      "p" : "0.20570",
      "s" : "sell",
      "i" : "PROMPTUSD-PERP",
      "m" : "4611686018427502581"
    }, {
      "d" : "1756391914233035926",
      "t" : 1756391914233,
      "tn" : 1756391914233035926,
      "q" : "140",
      "p" : "0.20570",
      "s" : "sell",
      "i" : "PROMPTUSD-PERP",
      "m" : "4611686018427502581"
    }, {
      "d" : "1756391914233032274",
      "t" : 1756391914233,
      "tn" : 1756391914233032274,
      "q" : "230",
      "p" : "0.20604",
      "s" : "sell",
      "i" : "PROMPTUSD-PERP",
      "m" : "4611686018427502580"
    }, {
      "d" : "1756391914228449426",
      "t" : 1756391914228,
      "tn" : 1756391914228449426,
      "q" : "60",
      "p" : "0.20662",
      "s" : "sell",
      "i" : "PROMPTUSD-PERP",
      "m" : "4611686018427502579"
    }, {
      "d" : "1756391914227086048",
      "t" : 1756391914227,
      "tn" : 1756391914227086047,
      "q" : "50",
      "p" : "0.20628",
      "s" : "sell",
      "i" : "PROMPTUSD-PERP",
      "m" : "4611686018427502578"
    }, {
      "d" : "1756391914227086047",
      "t" : 1756391914227,
      "tn" : 1756391914227086047,
      "q" : "110",
      "p" : "0.20628",
      "s" : "sell",
      "i" : "PROMPTUSD-PERP",
      "m" : "4611686018427502578"
    }, {
      "d" : "1756391914227083388",
      "t" : 1756391914227,
      "tn" : 1756391914227083388,
      "q" : "140",
      "p" : "0.20638",
      "s" : "sell",
      "i" : "PROMPTUSD-PERP",
      "m" : "4611686018427502577"
    }, {
      "d" : "1756391914227080776",
      "t" : 1756391914227,
      "tn" : 1756391914227080776,
      "q" : "150",
      "p" : "0.20646",
      "s" : "sell",
      "i" : "PROMPTUSD-PERP",
      "m" : "4611686018427502576"
    }, {
      "d" : "1756391914227079226",
      "t" : 1756391914227,
      "tn" : 1756391914227079226,
      "q" : "10",
      "p" : "0.20652",
      "s" : "sell",
      "i" : "PROMPTUSD-PERP",
      "m" : "4611686018427502575"
    }, {
      "d" : "1756391914227077791",
      "t" : 1756391914227,
      "tn" : 1756391914227077791,
      "q" : "110",
      "p" : "0.20664",
      "s" : "sell",
      "i" : "PROMPTUSD-PERP",
      "m" : "4611686018427502574"
    }, {
      "d" : "1756391914225168683",
      "t" : 1756391914225,
      "tn" : 1756391914225168683,
      "q" : "5040",
      "p" : "0.20681",
      "s" : "sell",
      "i" : "PROMPTUSD-PERP",
      "m" : "4611686018427502573"
    }, {
      "d" : "1756391914225166692",
      "t" : 1756391914225,
      "tn" : 1756391914225166692,
      "q" : "120",
      "p" : "0.20682",
      "s" : "sell",
      "i" : "PROMPTUSD-PERP",
      "m" : "4611686018427502572"
    }, {
      "d" : "1756391914225165150",
      "t" : 1756391914225,
      "tn" : 1756391914225165150,
      "q" : "110",
      "p" : "0.20700",
      "s" : "sell",
      "i" : "PROMPTUSD-PERP",
      "m" : "4611686018427502571"
    }, {
      "d" : "1756391914225163199",
      "t" : 1756391914225,
      "tn" : 1756391914225163199,
      "q" : "60",
      "p" : "0.20705",
      "s" : "sell",
      "i" : "PROMPTUSD-PERP",
      "m" : "4611686018427502570"
    }, {
      "d" : "1756391914222770738",
      "t" : 1756391914222,
      "tn" : 1756391914222770738,
      "q" : "10",
      "p" : "0.20754",
      "s" : "sell",
      "i" : "PROMPTUSD-PERP",
      "m" : "4611686018427502569"
    } ]
  }
}