{
  "id" : -1,
  "method" : "public/get-trades",
  "code" : 0,
  "result" : {
    "data" : [ {
      "d" : "1756452325463453555",
      "t" : 1756452325463,
      "tn" : 1756452325463453555,
      "q" : "47",
      "p" : "0.19195",
      "s" : "sell",
      "i" : "PROMPT_USD",
      "m" : "4611686018427401637"
    }, {
      "d" : "1756451206192229634",
      "t" : 1756451206192,
      "tn" : 1756451206192229634,
      "q" : "140",
      "p" : "0.19195",
      "s" : "sell",
      "i" : "PROMPT_USD",
      "m" : "4611686018427401636"
    }, {
      "d" : "1756451206187174665",
      "t" : 1756451206187,
      "tn" : 1756451206187174665,
      "q" : "73",
      "p" : "0.19195",
      "s" : "sell",
      "i" : "PROMPT_USD",
      "m" : "4611686018427401635"
    }, {
      "d" : "1756451206187172663",
      "t" : 1756451206187,
      "tn" : 1756451206187172663,
      "q" : "67",
      "p" : "0.19556",
      "s" : "sell",
      "i" : "PROMPT_USD",
      "m" : "4611686018427401634"
    }, {
      "d" : "1756450985941537032",
      "t" : 1756450985941,
      "tn" : 1756450985941537032,
      "q" : "65",
      "p" : "0.19892",
      "s" : "buy",
      "i" : "PROMPT_USD",
      "m" : "4611686018427401633"
    }, {
      "d" : "1756450985941531173",
      "t" : 1756450985941,
      "tn" : 1756450985941531173,
      "q" : "65",
      "p" : "0.19892",
      "s" : "buy",
      "i" : "PROMPT_USD",
      "m" : "4611686018427401632"
    }, {
      "d" : "1756450985941517795",
      "t" : 1756450985941,
      "tn" : 1756450985941517795,
      "q" : "65",
      "p" : "0.19892",
      "s" : "buy",
      "i" : "PROMPT_USD",
      "m" : "4611686018427401631"
    }, {
      "d" : "1756450985941337080",
      "t" : 1756450985941,
      "tn" : 1756450985941337080,
      "q" : "65",
      "p" : "0.19892",
      "s" : "buy",
      "i" : "PROMPT_USD",
      "m" : "4611686018427401630"
    }, {
      "d" : "1756450985941335075",
      "t" : 1756450985941,
      "tn" : 1756450985941335075,
      "q" : "65",
      "p" : "0.19892",
      "s" : "buy",
      "i" : "PROMPT_USD",
      "m" : "4611686018427401629"
    }, {
      "d" : "1756450985941286036",
      "t" : 1756450985941,
      "tn" : 1756450985941286036,
      "q" : "65",
      "p" : "0.19892",
      "s" : "buy",
      "i" : "PROMPT_USD",
      "m" : "4611686018427401628"
    }, {
      "d" : "1756450985941280041",
      "t" : 1756450985941,
      "tn" : 1756450985941280041,
      "q" : "65",
      "p" : "0.19892",
      "s" : "buy",
      "i" : "PROMPT_USD",
      "m" : "4611686018427401627"
    }, {
      "d" : "1756450985941277830",
      "t" : 1756450985941,
      "tn" : 1756450985941277830,
      "q" : "65",
      "p" : "0.19892",
      "s" : "buy",
      "i" : "PROMPT_USD",
      "m" : "4611686018427401626"
    }, {
      "d" : "1756450985941273780",
      "t" : 1756450985941,
      "tn" : 1756450985941273780,
      "q" : "65",
      "p" : "0.19892",
      "s" : "buy",
      "i" : "PROMPT_USD",
      "m" : "4611686018427401625"
    }, {
      "d" : "1756428066422263075",
      "t" : 1756428066422,
      "tn" : 1756428066422263075,
      "q" : "63",
      "p" : "0.20086",
      "s" : "sell",
      "i" : "PROMPT_USD",
      "m" : "4611686018427401624"
    }, {
      "d" : "1756420076159986996",
      "t" : 1756420076159,
      "tn" : 1756420076159986996,
      "q" : "30",
      "p" : "0.21099",
      "s" : "sell",
      "i" : "PROMPT_USD",
      "m" : "4611686018427401623"
    }, {
      "d" : "1756391914651058464",
      "t" : 1756391914651,
      "tn" : 1756391914651058464,
      "q" : "269",
      "p" : "0.20368",
      "s" : "sell",
      "i" : "PROMPT_USD",
      "m" : "4611686018427401622"
    }, {
      "d" : "1756391914295442958",
      "t" : 1756391914295,
      "tn" : 1756391914295442958,
      "q" : "200",
      "p" : "0.20586",
      "s" : "sell",
      "i" : "PROMPT_USD",
      "m" : "4611686018427401621"
    }, {
      "d" : "1756378887738303259",
      "t" : 1756378887738,
      "tn" : 1756378887738303259,
      "q" : "207",
      "p" : "0.20652",
      "s" : "sell",
      "i" : "PROMPT_USD",
      "m" : "4611686018427401620"
    } ]
  }
}