{
  "id" : -1,
  "method" : "public/get-trades",
  "code" : 0,
  "result" : {
    "data" : [ {
      "d" : "1756462154911034717",
      "t" : 1756462154911,
      "tn" : 1756462154911034717,
      "q" : "1.1",
      "p" : "1.0165",
      "s" : "sell",
      "i" : "PROVE_USD",
      "m" : "4611686018427539721"
    }, {
      "d" : "1756462152703539541",
      "t" : 1756462152703,
      "tn" : 1756462152703539541,
      "q" : "1.1",
      "p" : "1.0167",
      "s" : "sell",
      "i" : "PROVE_USD",
      "m" : "4611686018427539720"
    }, {
      "d" : "1756462149674420682",
      "t" : 1756462149674,
      "tn" : 1756462149674420682,
      "q" : "1.1",
      "p" : "1.0168",
      "s" : "sell",
      "i" : "PROVE_USD",
      "m" : "4611686018427539719"
    }, {
      "d" : "1756462149638133494",
      "t" : 1756462149638,
      "tn" : 1756462149638133494,
      "q" : "1.1",
      "p" : "1.0169",
      "s" : "sell",
      "i" : "PROVE_USD",
      "m" : "4611686018427539718"
    }, {
      "d" : "1756462149035149366",
      "t" : 1756462149035,
      "tn" : 1756462149035149366,
      "q" : "1.1",
      "p" : "1.0169",
      "s" : "sell",
      "i" : "PROVE_USD",
      "m" : "4611686018427539717"
    }, {
      "d" : "1756462148672296012",
      "t" : 1756462148672,
      "tn" : 1756462148672296012,
      "q" : "1.1",
      "p" : "1.0169",
      "s" : "sell",
      "i" : "PROVE_USD",
      "m" : "4611686018427539716"
    }, {
      "d" : "1756462148435452739",
      "t" : 1756462148435,
      "tn" : 1756462148435452739,
      "q" : "1.1",
      "p" : "1.0169",
      "s" : "sell",
      "i" : "PROVE_USD",
      "m" : "4611686018427539715"
    }, {
      "d" : "1756462145426650925",
      "t" : 1756462145426,
      "tn" : 1756462145426650925,
      "q" : "1.1",
      "p" : "1.0169",
      "s" : "sell",
      "i" : "PROVE_USD",
      "m" : "4611686018427539714"
    }, {
      "d" : "1756462137671939322",
      "t" : 1756462137671,
      "tn" : 1756462137671939322,
      "q" : "1.1",
      "p" : "1.0171",
      "s" : "sell",
      "i" : "PROVE_USD",
      "m" : "4611686018427539713"
    }, {
      "d" : "1756462136407145917",
      "t" : 1756462136407,
      "tn" : 1756462136407145917,
      "q" : "1.1",
      "p" : "1.0171",
      "s" : "sell",
      "i" : "PROVE_USD",
      "m" : "4611686018427539712"
    }, {
      "d" : "1756462134899797305",
      "t" : 1756462134899,
      "tn" : 1756462134899797305,
      "q" : "1.1",
      "p" : "1.0171",
      "s" : "sell",
      "i" : "PROVE_USD",
      "m" : "4611686018427539711"
    }, {
      "d" : "1756462134298109648",
      "t" : 1756462134298,
      "tn" : 1756462134298109648,
      "q" : "1.1",
      "p" : "1.0170",
      "s" : "sell",
      "i" : "PROVE_USD",
      "m" : "4611686018427539710"
    }, {
      "d" : "1756462133917555551",
      "t" : 1756462133917,
      "tn" : 1756462133917555551,
      "q" : "1.1",
      "p" : "1.0168",
      "s" : "sell",
      "i" : "PROVE_USD",
      "m" : "4611686018427539709"
    }, {
      "d" : "1756462132669015551",
      "t" : 1756462132669,
      "tn" : 1756462132669015551,
      "q" : "1.1",
      "p" : "1.0168",
      "s" : "sell",
      "i" : "PROVE_USD",
      "m" : "4611686018427539708"
    }, {
      "d" : "1756462128586601312",
      "t" : 1756462128586,
      "tn" : 1756462128586601312,
      "q" : "1.1",
      "p" : "1.0168",
      "s" : "sell",
      "i" : "PROVE_USD",
      "m" : "4611686018427539707"
    }, {
      "d" : "1756462119863628031",
      "t" : 1756462119863,
      "tn" : 1756462119863628031,
      "q" : "1.1",
      "p" : "1.0168",
      "s" : "sell",
      "i" : "PROVE_USD",
      "m" : "4611686018427539706"
    }, {
      "d" : "1756462060023340995",
      "t" : 1756462060023,
      "tn" : 1756462060023340995,
      "q" : "1.1",
      "p" : "1.0166",
      "s" : "sell",
      "i" : "PROVE_USD",
      "m" : "4611686018427539705"
    }, {
      "d" : "1756462058820008558",
      "t" : 1756462058820,
      "tn" : 1756462058820008558,
      "q" : "1.1",
      "p" : "1.0166",
      "s" : "sell",
      "i" : "PROVE_USD",
      "m" : "4611686018427539704"
    }, {
      "d" : "1756462057922705506",
      "t" : 1756462057922,
      "tn" : 1756462057922705506,
      "q" : "1.1",
      "p" : "1.0166",
      "s" : "sell",
      "i" : "PROVE_USD",
      "m" : "4611686018427539703"
    }, {
      "d" : "1756462055814639669",
      "t" : 1756462055814,
      "tn" : 1756462055814639669,
      "q" : "1.1",
      "p" : "1.0166",
      "s" : "sell",
      "i" : "PROVE_USD",
      "m" : "4611686018427539702"
    }, {
      "d" : "1756462007101025562",
      "t" : 1756462007101,
      "tn" : 1756462007101025562,
      "q" : "1.1",
      "p" : "1.0165",
      "s" : "sell",
      "i" : "PROVE_USD",
      "m" : "4611686018427539701"
    }, {
      "d" : "1756461997622101658",
      "t" : 1756461997622,
      "tn" : 1756461997622101658,
      "q" : "1.1",
      "p" : "1.0163",
      "s" : "sell",
      "i" : "PROVE_USD",
      "m" : "4611686018427539700"
    }, {
      "d" : "1756461996879971902",
      "t" : 1756461996879,
      "tn" : 1756461996879971902,
      "q" : "1.1",
      "p" : "1.0163",
      "s" : "sell",
      "i" : "PROVE_USD",
      "m" : "4611686018427539699"
    }, {
      "d" : "1756461949968421830",
      "t" : 1756461949968,
      "tn" : 1756461949968421830,
      "q" : "1.1",
      "p" : "1.0162",
      "s" : "sell",
      "i" : "PROVE_USD",
      "m" : "4611686018427539698"
    }, {
      "d" : "1756461949487529843",
      "t" : 1756461949487,
      "tn" : 1756461949487529843,
      "q" : "1.1",
      "p" : "1.0161",
      "s" : "sell",
      "i" : "PROVE_USD",
      "m" : "4611686018427539697"
    }, {
      "d" : "1756461947855629773",
      "t" : 1756461947855,
      "tn" : 1756461947855629773,
      "q" : "1.1",
      "p" : "1.0161",
      "s" : "sell",
      "i" : "PROVE_USD",
      "m" : "4611686018427539696"
    }, {
      "d" : "1756461946952907588",
      "t" : 1756461946952,
      "tn" : 1756461946952907588,
      "q" : "1.1",
      "p" : "1.0161",
      "s" : "sell",
      "i" : "PROVE_USD",
      "m" : "4611686018427539695"
    }, {
      "d" : "1756461932214784947",
      "t" : 1756461932214,
      "tn" : 1756461932214784947,
      "q" : "1.1",
      "p" : "1.0161",
      "s" : "sell",
      "i" : "PROVE_USD",
      "m" : "4611686018427539694"
    }, {
      "d" : "1756461931921075512",
      "t" : 1756461931921,
      "tn" : 1756461931921075512,
      "q" : "1.1",
      "p" : "1.0162",
      "s" : "sell",
      "i" : "PROVE_USD",
      "m" : "4611686018427539693"
    }, {
      "d" : "1756461931314643632",
      "t" : 1756461931314,
      "tn" : 1756461931314643632,
      "q" : "1.1",
      "p" : "1.0161",
      "s" : "sell",
      "i" : "PROVE_USD",
      "m" : "4611686018427539692"
    }, {
      "d" : "1756461930553781212",
      "t" : 1756461930553,
      "tn" : 1756461930553781212,
      "q" : "1.1",
      "p" : "1.0161",
      "s" : "sell",
      "i" : "PROVE_USD",
      "m" : "4611686018427539691"
    }, {
      "d" : "1756461930151235247",
      "t" : 1756461930151,
      "tn" : 1756461930151235247,
      "q" : "1.1",
      "p" : "1.0161",
      "s" : "sell",
      "i" : "PROVE_USD",
      "m" : "4611686018427539690"
    }, {
      "d" : "1756461928314057961",
      "t" : 1756461928314,
      "tn" : 1756461928314057961,
      "q" : "1.1",
      "p" : "1.0161",
      "s" : "sell",
      "i" : "PROVE_USD",
      "m" : "4611686018427539689"
    }, {
      "d" : "1756461927226999340",
      "t" : 1756461927226,
      "tn" : 1756461927226999340,
      "q" : "1.1",
      "p" : "1.0161",
      "s" : "sell",
      "i" : "PROVE_USD",
      "m" : "4611686018427539688"
    }, {
      "d" : "1756461926954298387",
      "t" : 1756461926954,
      "tn" : 1756461926954298387,
      "q" : "1.1",
      "p" : "1.0161",
      "s" : "sell",
      "i" : "PROVE_USD",
      "m" : "4611686018427539687"
    }, {
      "d" : "1756461926503358195",
      "t" : 1756461926503,
      "tn" : 1756461926503358195,
      "q" : "1.1",
      "p" : "1.0161",
      "s" : "sell",
      "i" : "PROVE_USD",
      "m" : "4611686018427539686"
    }, {
      "d" : "1756461926048767969",
      "t" : 1756461926048,
      "tn" : 1756461926048767969,
      "q" : "1.1",
      "p" : "1.0161",
      "s" : "sell",
      "i" : "PROVE_USD",
      "m" : "4611686018427539685"
    }, {
      "d" : "1756461925459993018",
      "t" : 1756461925459,
      "tn" : 1756461925459993018,
      "q" : "1.1",
      "p" : "1.0161",
      "s" : "sell",
      "i" : "PROVE_USD",
      "m" : "4611686018427539684"
    }, {
      "d" : "1756461924947958085",
      "t" : 1756461924947,
      "tn" : 1756461924947958085,
      "q" : "1.1",
      "p" : "1.0161",
      "s" : "sell",
      "i" : "PROVE_USD",
      "m" : "4611686018427539683"
    }, {
      "d" : "1756461924812214570",
      "t" : 1756461924812,
      "tn" : 1756461924812214570,
      "q" : "1.1",
      "p" : "1.0161",
      "s" : "sell",
      "i" : "PROVE_USD",
      "m" : "4611686018427539682"
    }, {
      "d" : "1756461923471887204",
      "t" : 1756461923471,
      "tn" : 1756461923471887204,
      "q" : "1.1",
      "p" : "1.0161",
      "s" : "sell",
      "i" : "PROVE_USD",
      "m" : "4611686018427539681"
    }, {
      "d" : "1756461921690482595",
      "t" : 1756461921690,
      "tn" : 1756461921690482595,
      "q" : "1.1",
      "p" : "1.0160",
      "s" : "sell",
      "i" : "PROVE_USD",
      "m" : "4611686018427539680"
    }, {
      "d" : "1756461919289325559",
      "t" : 1756461919289,
      "tn" : 1756461919289325559,
      "q" : "1.1",
      "p" : "1.0159",
      "s" : "sell",
      "i" : "PROVE_USD",
      "m" : "4611686018427539679"
    }, {
      "d" : "1756461918989437266",
      "t" : 1756461918989,
      "tn" : 1756461918989437266,
      "q" : "1.1",
      "p" : "1.0158",
      "s" : "sell",
      "i" : "PROVE_USD",
      "m" : "4611686018427539678"
    }, {
      "d" : "1756461918684853602",
      "t" : 1756461918684,
      "tn" : 1756461918684853602,
      "q" : "1.1",
      "p" : "1.0158",
      "s" : "sell",
      "i" : "PROVE_USD",
      "m" : "4611686018427539677"
    }, {
      "d" : "1756461917860401217",
      "t" : 1756461917860,
      "tn" : 1756461917860401217,
      "q" : "1.1",
      "p" : "1.0156",
      "s" : "sell",
      "i" : "PROVE_USD",
      "m" : "4611686018427539676"
    }, {
      "d" : "1756461917783964978",
      "t" : 1756461917783,
      "tn" : 1756461917783964978,
      "q" : "1.1",
      "p" : "1.0156",
      "s" : "sell",
      "i" : "PROVE_USD",
      "m" : "4611686018427539675"
    }, {
      "d" : "1756461917480871522",
      "t" : 1756461917480,
      "tn" : 1756461917480871522,
      "q" : "1.1",
      "p" : "1.0155",
      "s" : "sell",
      "i" : "PROVE_USD",
      "m" : "4611686018427539674"
    }, {
      "d" : "1756461914942292324",
      "t" : 1756461914942,
      "tn" : 1756461914942292324,
      "q" : "1.1",
      "p" : "1.0154",
      "s" : "sell",
      "i" : "PROVE_USD",
      "m" : "4611686018427539673"
    }, {
      "d" : "1756461913904590357",
      "t" : 1756461913904,
      "tn" : 1756461913904590357,
      "q" : "1.1",
      "p" : "1.0154",
      "s" : "sell",
      "i" : "PROVE_USD",
      "m" : "4611686018427539672"
    }, {
      "d" : "1756461909939405906",
      "t" : 1756461909939,
      "tn" : 1756461909939405906,
      "q" : "1.1",
      "p" : "1.0154",
      "s" : "sell",
      "i" : "PROVE_USD",
      "m" : "4611686018427539671"
    }, {
      "d" : "1756461908838866824",
      "t" : 1756461908838,
      "tn" : 1756461908838866824,
      "q" : "1.1",
      "p" : "1.0154",
      "s" : "sell",
      "i" : "PROVE_USD",
      "m" : "4611686018427539670"
    }, {
      "d" : "1756461905837545073",
      "t" : 1756461905837,
      "tn" : 1756461905837545073,
      "q" : "1.1",
      "p" : "1.0154",
      "s" : "sell",
      "i" : "PROVE_USD",
      "m" : "4611686018427539669"
    }, {
      "d" : "1756461904436437261",
      "t" : 1756461904436,
      "tn" : 1756461904436437261,
      "q" : "1.1",
      "p" : "1.0154",
      "s" : "sell",
      "i" : "PROVE_USD",
      "m" : "4611686018427539668"
    }, {
      "d" : "1756461903435479058",
      "t" : 1756461903435,
      "tn" : 1756461903435479058,
      "q" : "1.1",
      "p" : "1.0154",
      "s" : "sell",
      "i" : "PROVE_USD",
      "m" : "4611686018427539667"
    }, {
      "d" : "1756461898432798735",
      "t" : 1756461898432,
      "tn" : 1756461898432798735,
      "q" : "1.1",
      "p" : "1.0152",
      "s" : "sell",
      "i" : "PROVE_USD",
      "m" : "4611686018427539666"
    }, {
      "d" : "1756461893829890288",
      "t" : 1756461893829,
      "tn" : 1756461893829890288,
      "q" : "1.1",
      "p" : "1.0152",
      "s" : "sell",
      "i" : "PROVE_USD",
      "m" : "4611686018427539665"
    }, {
      "d" : "1756461891932200958",
      "t" : 1756461891932,
      "tn" : 1756461891932200958,
      "q" : "1.1",
      "p" : "1.0152",
      "s" : "sell",
      "i" : "PROVE_USD",
      "m" : "4611686018427539664"
    }, {
      "d" : "1756461889044788893",
      "t" : 1756461889044,
      "tn" : 1756461889044788893,
      "q" : "1.1",
      "p" : "1.0152",
      "s" : "sell",
      "i" : "PROVE_USD",
      "m" : "4611686018427539663"
    }, {
      "d" : "1756461886926001930",
      "t" : 1756461886926,
      "tn" : 1756461886926001930,
      "q" : "1.1",
      "p" : "1.0153",
      "s" : "sell",
      "i" : "PROVE_USD",
      "m" : "4611686018427539662"
    }, {
      "d" : "1756461882923708161",
      "t" : 1756461882923,
      "tn" : 1756461882923708161,
      "q" : "1.1",
      "p" : "1.0153",
      "s" : "sell",
      "i" : "PROVE_USD",
      "m" : "4611686018427539661"
    }, {
      "d" : "1756461881623292570",
      "t" : 1756461881623,
      "tn" : 1756461881623292570,
      "q" : "1.1",
      "p" : "1.0153",
      "s" : "sell",
      "i" : "PROVE_USD",
      "m" : "4611686018427539660"
    }, {
      "d" : "1756461873756623408",
      "t" : 1756461873756,
      "tn" : 1756461873756623408,
      "q" : "1.1",
      "p" : "1.0153",
      "s" : "sell",
      "i" : "PROVE_USD",
      "m" : "4611686018427539659"
    }, {
      "d" : "1756461837795130313",
      "t" : 1756461837795,
      "tn" : 1756461837795130313,
      "q" : "1.1",
      "p" : "1.0159",
      "s" : "sell",
      "i" : "PROVE_USD",
      "m" : "4611686018427539658"
    }, {
      "d" : "1756461836886031619",
      "t" : 1756461836886,
      "tn" : 1756461836886031619,
      "q" : "1.1",
      "p" : "1.0159",
      "s" : "sell",
      "i" : "PROVE_USD",
      "m" : "4611686018427539657"
    }, {
      "d" : "1756461836096129766",
      "t" : 1756461836096,
      "tn" : 1756461836096129766,
      "q" : "1.1",
      "p" : "1.0159",
      "s" : "sell",
      "i" : "PROVE_USD",
      "m" : "4611686018427539656"
    }, {
      "d" : "1756461834484094886",
      "t" : 1756461834484,
      "tn" : 1756461834484094886,
      "q" : "1.1",
      "p" : "1.0159",
      "s" : "sell",
      "i" : "PROVE_USD",
      "m" : "4611686018427539655"
    }, {
      "d" : "1756461832977644427",
      "t" : 1756461832977,
      "tn" : 1756461832977644427,
      "q" : "1.1",
      "p" : "1.0159",
      "s" : "sell",
      "i" : "PROVE_USD",
      "m" : "4611686018427539654"
    }, {
      "d" : "1756461832376759330",
      "t" : 1756461832376,
      "tn" : 1756461832376759330,
      "q" : "1.1",
      "p" : "1.0159",
      "s" : "sell",
      "i" : "PROVE_USD",
      "m" : "4611686018427539653"
    }, {
      "d" : "1756461831053076735",
      "t" : 1756461831053,
      "tn" : 1756461831053076735,
      "q" : "1.1",
      "p" : "1.0156",
      "s" : "sell",
      "i" : "PROVE_USD",
      "m" : "4611686018427539652"
    }, {
      "d" : "1756461830571759122",
      "t" : 1756461830571,
      "tn" : 1756461830571759122,
      "q" : "1.1",
      "p" : "1.0156",
      "s" : "sell",
      "i" : "PROVE_USD",
      "m" : "4611686018427539651"
    }, {
      "d" : "1756461789792895470",
      "t" : 1756461789792,
      "tn" : 1756461789792895470,
      "q" : "1.1",
      "p" : "1.0159",
      "s" : "sell",
      "i" : "PROVE_USD",
      "m" : "4611686018427539650"
    }, {
      "d" : "1756461787277996432",
      "t" : 1756461787277,
      "tn" : 1756461787277996432,
      "q" : "1.1",
      "p" : "1.0159",
      "s" : "sell",
      "i" : "PROVE_USD",
      "m" : "4611686018427539649"
    }, {
      "d" : "1756461757249405886",
      "t" : 1756461757249,
      "tn" : 1756461757249405886,
      "q" : "1.1",
      "p" : "1.0163",
      "s" : "sell",
      "i" : "PROVE_USD",
      "m" : "4611686018427539648"
    }, {
      "d" : "1756461755705464892",
      "t" : 1756461755705,
      "tn" : 1756461755705464892,
      "q" : "1.1",
      "p" : "1.0163",
      "s" : "sell",
      "i" : "PROVE_USD",
      "m" : "4611686018427539647"
    }, {
      "d" : "1756461755044436510",
      "t" : 1756461755044,
      "tn" : 1756461755044436510,
      "q" : "1.1",
      "p" : "1.0160",
      "s" : "sell",
      "i" : "PROVE_USD",
      "m" : "4611686018427539646"
    }, {
      "d" : "1756461753902330865",
      "t" : 1756461753902,
      "tn" : 1756461753902330865,
      "q" : "1.1",
      "p" : "1.0160",
      "s" : "sell",
      "i" : "PROVE_USD",
      "m" : "4611686018427539645"
    }, {
      "d" : "1756461753749274940",
      "t" : 1756461753749,
      "tn" : 1756461753749274940,
      "q" : "1.1",
      "p" : "1.0160",
      "s" : "sell",
      "i" : "PROVE_USD",
      "m" : "4611686018427539644"
    }, {
      "d" : "1756461753607382334",
      "t" : 1756461753607,
      "tn" : 1756461753607382334,
      "q" : "1.1",
      "p" : "1.0160",
      "s" : "sell",
      "i" : "PROVE_USD",
      "m" : "4611686018427539643"
    }, {
      "d" : "1756461752105935736",
      "t" : 1756461752105,
      "tn" : 1756461752105935736,
      "q" : "1.1",
      "p" : "1.0159",
      "s" : "sell",
      "i" : "PROVE_USD",
      "m" : "4611686018427539642"
    }, {
      "d" : "1756461740969811795",
      "t" : 1756461740969,
      "tn" : 1756461740969811795,
      "q" : "1.1",
      "p" : "1.0163",
      "s" : "sell",
      "i" : "PROVE_USD",
      "m" : "4611686018427539641"
    }, {
      "d" : "1756461739917828735",
      "t" : 1756461739917,
      "tn" : 1756461739917828735,
      "q" : "1.1",
      "p" : "1.0164",
      "s" : "sell",
      "i" : "PROVE_USD",
      "m" : "4611686018427539640"
    }, {
      "d" : "1756461738568424066",
      "t" : 1756461738568,
      "tn" : 1756461738568424066,
      "q" : "1.1",
      "p" : "1.0164",
      "s" : "sell",
      "i" : "PROVE_USD",
      "m" : "4611686018427539639"
    }, {
      "d" : "1756461738147024609",
      "t" : 1756461738147,
      "tn" : 1756461738147024609,
      "q" : "1.1",
      "p" : "1.0164",
      "s" : "sell",
      "i" : "PROVE_USD",
      "m" : "4611686018427539638"
    }, {
      "d" : "1756461736154095031",
      "t" : 1756461736154,
      "tn" : 1756461736154095031,
      "q" : "1.1",
      "p" : "1.0164",
      "s" : "sell",
      "i" : "PROVE_USD",
      "m" : "4611686018427539637"
    }, {
      "d" : "1756461734954550994",
      "t" : 1756461734954,
      "tn" : 1756461734954550994,
      "q" : "1.1",
      "p" : "1.0167",
      "s" : "sell",
      "i" : "PROVE_USD",
      "m" : "4611686018427539636"
    }, {
      "d" : "1756461733747142021",
      "t" : 1756461733747,
      "tn" : 1756461733747142021,
      "q" : "1.1",
      "p" : "1.0167",
      "s" : "sell",
      "i" : "PROVE_USD",
      "m" : "4611686018427539635"
    }, {
      "d" : "1756461733471094515",
      "t" : 1756461733471,
      "tn" : 1756461733471094515,
      "q" : "1.1",
      "p" : "1.0167",
      "s" : "sell",
      "i" : "PROVE_USD",
      "m" : "4611686018427539634"
    }, {
      "d" : "1756461733012039164",
      "t" : 1756461733012,
      "tn" : 1756461733012039164,
      "q" : "1.1",
      "p" : "1.0167",
      "s" : "sell",
      "i" : "PROVE_USD",
      "m" : "4611686018427539633"
    }, {
      "d" : "1756461732857408539",
      "t" : 1756461732857,
      "tn" : 1756461732857408539,
      "q" : "1.1",
      "p" : "1.0167",
      "s" : "sell",
      "i" : "PROVE_USD",
      "m" : "4611686018427539632"
    }, {
      "d" : "1756461732744074823",
      "t" : 1756461732744,
      "tn" : 1756461732744074823,
      "q" : "1.1",
      "p" : "1.0167",
      "s" : "sell",
      "i" : "PROVE_USD",
      "m" : "4611686018427539631"
    }, {
      "d" : "1756461726712213860",
      "t" : 1756461726712,
      "tn" : 1756461726712213860,
      "q" : "1.1",
      "p" : "1.0172",
      "s" : "sell",
      "i" : "PROVE_USD",
      "m" : "4611686018427539630"
    }, {
      "d" : "1756461704918399533",
      "t" : 1756461704918,
      "tn" : 1756461704918399533,
      "q" : "1.1",
      "p" : "1.0176",
      "s" : "sell",
      "i" : "PROVE_USD",
      "m" : "4611686018427539629"
    }, {
      "d" : "1756461700415878824",
      "t" : 1756461700415,
      "tn" : 1756461700415878824,
      "q" : "1.1",
      "p" : "1.0176",
      "s" : "sell",
      "i" : "PROVE_USD",
      "m" : "4611686018427539628"
    }, {
      "d" : "1756461695412917433",
      "t" : 1756461695412,
      "tn" : 1756461695412917433,
      "q" : "1.1",
      "p" : "1.0176",
      "s" : "sell",
      "i" : "PROVE_USD",
      "m" : "4611686018427539627"
    }, {
      "d" : "1756461694661301604",
      "t" : 1756461694661,
      "tn" : 1756461694661301604,
      "q" : "1.1",
      "p" : "1.0176",
      "s" : "sell",
      "i" : "PROVE_USD",
      "m" : "4611686018427539626"
    }, {
      "d" : "1756461694083581148",
      "t" : 1756461694083,
      "tn" : 1756461694083581148,
      "q" : "1.1",
      "p" : "1.0176",
      "s" : "sell",
      "i" : "PROVE_USD",
      "m" : "4611686018427539625"
    }, {
      "d" : "1756461693744843926",
      "t" : 1756461693744,
      "tn" : 1756461693744843926,
      "q" : "1.1",
      "p" : "1.0176",
      "s" : "sell",
      "i" : "PROVE_USD",
      "m" : "4611686018427539624"
    }, {
      "d" : "1756461693163326340",
      "t" : 1756461693163,
      "tn" : 1756461693163326340,
      "q" : "1.1",
      "p" : "1.0176",
      "s" : "sell",
      "i" : "PROVE_USD",
      "m" : "4611686018427539623"
    }, {
      "d" : "1756461690410060248",
      "t" : 1756461690410,
      "tn" : 1756461690410060248,
      "q" : "1.1",
      "p" : "1.0175",
      "s" : "sell",
      "i" : "PROVE_USD",
      "m" : "4611686018427539622"
    }, {
      "d" : "1756461690157053543",
      "t" : 1756461690157,
      "tn" : 1756461690157053543,
      "q" : "1.1",
      "p" : "1.0176",
      "s" : "sell",
      "i" : "PROVE_USD",
      "m" : "4611686018427539621"
    }, {
      "d" : "1756461677831091958",
      "t" : 1756461677831,
      "tn" : 1756461677831091958,
      "q" : "1.1",
      "p" : "1.0176",
      "s" : "sell",
      "i" : "PROVE_USD",
      "m" : "4611686018427539620"
    }, {
      "d" : "1756461676021561219",
      "t" : 1756461676021,
      "tn" : 1756461676021561219,
      "q" : "1.1",
      "p" : "1.0176",
      "s" : "sell",
      "i" : "PROVE_USD",
      "m" : "4611686018427539619"
    }, {
      "d" : "1756461675601322143",
      "t" : 1756461675601,
      "tn" : 1756461675601322143,
      "q" : "1.1",
      "p" : "1.0176",
      "s" : "sell",
      "i" : "PROVE_USD",
      "m" : "4611686018427539618"
    }, {
      "d" : "1756461674822177733",
      "t" : 1756461674822,
      "tn" : 1756461674822177733,
      "q" : "1.1",
      "p" : "1.0176",
      "s" : "sell",
      "i" : "PROVE_USD",
      "m" : "4611686018427539617"
    }, {
      "d" : "1756461673377259753",
      "t" : 1756461673377,
      "tn" : 1756461673377259753,
      "q" : "1.1",
      "p" : "1.0175",
      "s" : "sell",
      "i" : "PROVE_USD",
      "m" : "4611686018427539616"
    }, {
      "d" : "1756461672411954293",
      "t" : 1756461672411,
      "tn" : 1756461672411954293,
      "q" : "1.1",
      "p" : "1.0175",
      "s" : "sell",
      "i" : "PROVE_USD",
      "m" : "4611686018427539615"
    }, {
      "d" : "1756461672170277907",
      "t" : 1756461672170,
      "tn" : 1756461672170277907,
      "q" : "1.1",
      "p" : "1.0173",
      "s" : "sell",
      "i" : "PROVE_USD",
      "m" : "4611686018427539614"
    }, {
      "d" : "1756461672110462205",
      "t" : 1756461672110,
      "tn" : 1756461672110462205,
      "q" : "1.1",
      "p" : "1.0172",
      "s" : "sell",
      "i" : "PROVE_USD",
      "m" : "4611686018427539613"
    }, {
      "d" : "1756461671810049333",
      "t" : 1756461671810,
      "tn" : 1756461671810049333,
      "q" : "1.1",
      "p" : "1.0171",
      "s" : "sell",
      "i" : "PROVE_USD",
      "m" : "4611686018427539612"
    }, {
      "d" : "1756461671207696402",
      "t" : 1756461671207,
      "tn" : 1756461671207696402,
      "q" : "1.1",
      "p" : "1.0171",
      "s" : "sell",
      "i" : "PROVE_USD",
      "m" : "4611686018427539611"
    }, {
      "d" : "1756461670598493954",
      "t" : 1756461670598,
      "tn" : 1756461670598493954,
      "q" : "1.1",
      "p" : "1.0171",
      "s" : "sell",
      "i" : "PROVE_USD",
      "m" : "4611686018427539610"
    }, {
      "d" : "1756461670097121682",
      "t" : 1756461670097,
      "tn" : 1756461670097121682,
      "q" : "1.1",
      "p" : "1.0171",
      "s" : "sell",
      "i" : "PROVE_USD",
      "m" : "4611686018427539609"
    }, {
      "d" : "1756461669110017273",
      "t" : 1756461669110,
      "tn" : 1756461669110017273,
      "q" : "1.1",
      "p" : "1.0171",
      "s" : "sell",
      "i" : "PROVE_USD",
      "m" : "4611686018427539608"
    }, {
      "d" : "1756461665595681023",
      "t" : 1756461665595,
      "tn" : 1756461665595681023,
      "q" : "1.1",
      "p" : "1.0171",
      "s" : "sell",
      "i" : "PROVE_USD",
      "m" : "4611686018427539607"
    }, {
      "d" : "1756461663894523238",
      "t" : 1756461663894,
      "tn" : 1756461663894523238,
      "q" : "1.1",
      "p" : "1.0171",
      "s" : "sell",
      "i" : "PROVE_USD",
      "m" : "4611686018427539606"
    }, {
      "d" : "1756461660908664775",
      "t" : 1756461660908,
      "tn" : 1756461660908664775,
      "q" : "1.1",
      "p" : "1.0171",
      "s" : "sell",
      "i" : "PROVE_USD",
      "m" : "4611686018427539605"
    }, {
      "d" : "1756461658624804363",
      "t" : 1756461658624,
      "tn" : 1756461658624804363,
      "q" : "1.1",
      "p" : "1.0171",
      "s" : "sell",
      "i" : "PROVE_USD",
      "m" : "4611686018427539604"
    }, {
      "d" : "1756461656906282818",
      "t" : 1756461656906,
      "tn" : 1756461656906282818,
      "q" : "1.1",
      "p" : "1.0171",
      "s" : "sell",
      "i" : "PROVE_USD",
      "m" : "4611686018427539603"
    }, {
      "d" : "1756461655889816296",
      "t" : 1756461655889,
      "tn" : 1756461655889816296,
      "q" : "1.1",
      "p" : "1.0171",
      "s" : "sell",
      "i" : "PROVE_USD",
      "m" : "4611686018427539602"
    }, {
      "d" : "1756461654672618442",
      "t" : 1756461654672,
      "tn" : 1756461654672618442,
      "q" : "1.1",
      "p" : "1.0171",
      "s" : "sell",
      "i" : "PROVE_USD",
      "m" : "4611686018427539601"
    }, {
      "d" : "1756461654071508723",
      "t" : 1756461654071,
      "tn" : 1756461654071508723,
      "q" : "1.1",
      "p" : "1.0171",
      "s" : "sell",
      "i" : "PROVE_USD",
      "m" : "4611686018427539600"
    }, {
      "d" : "1756461653744977712",
      "t" : 1756461653744,
      "tn" : 1756461653744977712,
      "q" : "1.1",
      "p" : "1.0171",
      "s" : "sell",
      "i" : "PROVE_USD",
      "m" : "4611686018427539599"
    }, {
      "d" : "1756461651667614663",
      "t" : 1756461651667,
      "tn" : 1756461651667614663,
      "q" : "1.1",
      "p" : "1.0171",
      "s" : "sell",
      "i" : "PROVE_USD",
      "m" : "4611686018427539598"
    }, {
      "d" : "1756461642782363672",
      "t" : 1756461642782,
      "tn" : 1756461642782363672,
      "q" : "1.1",
      "p" : "1.0171",
      "s" : "sell",
      "i" : "PROVE_USD",
      "m" : "4611686018427539597"
    }, {
      "d" : "1756461642081955037",
      "t" : 1756461642081,
      "tn" : 1756461642081955037,
      "q" : "1.1",
      "p" : "1.0171",
      "s" : "sell",
      "i" : "PROVE_USD",
      "m" : "4611686018427539596"
    }, {
      "d" : "1756461641455660158",
      "t" : 1756461641455,
      "tn" : 1756461641455660158,
      "q" : "1.1",
      "p" : "1.0171",
      "s" : "sell",
      "i" : "PROVE_USD",
      "m" : "4611686018427539595"
    }, {
      "d" : "1756461640981109837",
      "t" : 1756461640981,
      "tn" : 1756461640981109837,
      "q" : "1.1",
      "p" : "1.0170",
      "s" : "sell",
      "i" : "PROVE_USD",
      "m" : "4611686018427539594"
    }, {
      "d" : "1756461640843593021",
      "t" : 1756461640843,
      "tn" : 1756461640843593021,
      "q" : "1.1",
      "p" : "1.0170",
      "s" : "sell",
      "i" : "PROVE_USD",
      "m" : "4611686018427539593"
    }, {
      "d" : "1756461639894839775",
      "t" : 1756461639894,
      "tn" : 1756461639894839775,
      "q" : "1.1",
      "p" : "1.0170",
      "s" : "sell",
      "i" : "PROVE_USD",
      "m" : "4611686018427539592"
    }, {
      "d" : "1756461633031992951",
      "t" : 1756461633031,
      "tn" : 1756461633031992951,
      "q" : "1.1",
      "p" : "1.0167",
      "s" : "sell",
      "i" : "PROVE_USD",
      "m" : "4611686018427539591"
    }, {
      "d" : "1756461617389690251",
      "t" : 1756461617389,
      "tn" : 1756461617389690251,
      "q" : "1.1",
      "p" : "1.0164",
      "s" : "sell",
      "i" : "PROVE_USD",
      "m" : "4611686018427539590"
    }, {
      "d" : "1756461613740489018",
      "t" : 1756461613740,
      "tn" : 1756461613740489018,
      "q" : "1.1",
      "p" : "1.0164",
      "s" : "sell",
      "i" : "PROVE_USD",
      "m" : "4611686018427539589"
    }, {
      "d" : "1756461611877871522",
      "t" : 1756461611877,
      "tn" : 1756461611877871522,
      "q" : "1.1",
      "p" : "1.0164",
      "s" : "sell",
      "i" : "PROVE_USD",
      "m" : "4611686018427539588"
    }, {
      "d" : "1756461610772201270",
      "t" : 1756461610772,
      "tn" : 1756461610772201270,
      "q" : "1.1",
      "p" : "1.0164",
      "s" : "sell",
      "i" : "PROVE_USD",
      "m" : "4611686018427539587"
    }, {
      "d" : "1756461610433816920",
      "t" : 1756461610433,
      "tn" : 1756461610433816920,
      "q" : "1.1",
      "p" : "1.0164",
      "s" : "sell",
      "i" : "PROVE_USD",
      "m" : "4611686018427539586"
    }, {
      "d" : "1756461609362752292",
      "t" : 1756461609362,
      "tn" : 1756461609362752292,
      "q" : "1.1",
      "p" : "1.0164",
      "s" : "sell",
      "i" : "PROVE_USD",
      "m" : "4611686018427539585"
    }, {
      "d" : "1756461608976179322",
      "t" : 1756461608976,
      "tn" : 1756461608976179322,
      "q" : "1.1",
      "p" : "1.0164",
      "s" : "sell",
      "i" : "PROVE_USD",
      "m" : "4611686018427539584"
    }, {
      "d" : "1756461608562489728",
      "t" : 1756461608562,
      "tn" : 1756461608562489728,
      "q" : "1.1",
      "p" : "1.0164",
      "s" : "sell",
      "i" : "PROVE_USD",
      "m" : "4611686018427539583"
    }, {
      "d" : "1756461607875887377",
      "t" : 1756461607875,
      "tn" : 1756461607875887377,
      "q" : "1.1",
      "p" : "1.0164",
      "s" : "sell",
      "i" : "PROVE_USD",
      "m" : "4611686018427539582"
    }, {
      "d" : "1756461606876147676",
      "t" : 1756461606876,
      "tn" : 1756461606876147676,
      "q" : "1.1",
      "p" : "1.0164",
      "s" : "sell",
      "i" : "PROVE_USD",
      "m" : "4611686018427539581"
    }, {
      "d" : "1756461606576770923",
      "t" : 1756461606576,
      "tn" : 1756461606576770923,
      "q" : "1.1",
      "p" : "1.0164",
      "s" : "sell",
      "i" : "PROVE_USD",
      "m" : "4611686018427539580"
    }, {
      "d" : "1756461596937257829",
      "t" : 1756461596937,
      "tn" : 1756461596937257829,
      "q" : "1.1",
      "p" : "1.0175",
      "s" : "sell",
      "i" : "PROVE_USD",
      "m" : "4611686018427539579"
    }, {
      "d" : "1756461596555109841",
      "t" : 1756461596555,
      "tn" : 1756461596555109841,
      "q" : "1.1",
      "p" : "1.0175",
      "s" : "sell",
      "i" : "PROVE_USD",
      "m" : "4611686018427539578"
    }, {
      "d" : "1756461594230149639",
      "t" : 1756461594230,
      "tn" : 1756461594230149639,
      "q" : "1.1",
      "p" : "1.0175",
      "s" : "sell",
      "i" : "PROVE_USD",
      "m" : "4611686018427539577"
    }, {
      "d" : "1756461593738652799",
      "t" : 1756461593738,
      "tn" : 1756461593738652799,
      "q" : "1.1",
      "p" : "1.0175",
      "s" : "sell",
      "i" : "PROVE_USD",
      "m" : "4611686018427539576"
    }, {
      "d" : "1756461591824233367",
      "t" : 1756461591824,
      "tn" : 1756461591824233367,
      "q" : "1.1",
      "p" : "1.0175",
      "s" : "sell",
      "i" : "PROVE_USD",
      "m" : "4611686018427539575"
    }, {
      "d" : "1756461588819882163",
      "t" : 1756461588819,
      "tn" : 1756461588819882163,
      "q" : "1.1",
      "p" : "1.0175",
      "s" : "sell",
      "i" : "PROVE_USD",
      "m" : "4611686018427539574"
    }, {
      "d" : "1756461588229005809",
      "t" : 1756461588229,
      "tn" : 1756461588229005809,
      "q" : "1.1",
      "p" : "1.0175",
      "s" : "sell",
      "i" : "PROVE_USD",
      "m" : "4611686018427539573"
    }, {
      "d" : "1756461587650186525",
      "t" : 1756461587650,
      "tn" : 1756461587650186525,
      "q" : "1.1",
      "p" : "1.0175",
      "s" : "sell",
      "i" : "PROVE_USD",
      "m" : "4611686018427539572"
    } ]
  }
}