{
  "id" : -1,
  "method" : "public/get-trades",
  "code" : 0,
  "result" : {
    "data" : [ {
      "d" : "1756462157108626467",
      "t" : 1756462157108,
      "tn" : 1756462157108626467,
      "q" : "1",
      "p" : "1.0157",
      "s" : "sell",
      "i" : "PROVEUSD-PERP",
      "m" : "4611686018427449412"
    }, {
      "d" : "1756462155027221714",
      "t" : 1756462155027,
      "tn" : 1756462155027221714,
      "q" : "1",
      "p" : "1.0159",
      "s" : "sell",
      "i" : "PROVEUSD-PERP",
      "m" : "4611686018427449411"
    }, {
      "d" : "1756462154903222793",
      "t" : 1756462154903,
      "tn" : 1756462154903222793,
      "q" : "1",
      "p" : "1.0162",
      "s" : "sell",
      "i" : "PROVEUSD-PERP",
      "m" : "4611686018427449410"
    }, {
      "d" : "1756462145172802325",
      "t" : 1756462145172,
      "tn" : 1756462145172802325,
      "q" : "1",
      "p" : "1.0165",
      "s" : "sell",
      "i" : "PROVEUSD-PERP",
      "m" : "4611686018427449409"
    }, {
      "d" : "1756462145112400534",
      "t" : 1756462145112,
      "tn" : 1756462145112400534,
      "q" : "1",
      "p" : "1.0166",
      "s" : "sell",
      "i" : "PROVEUSD-PERP",
      "m" : "4611686018427449408"
    }, {
      "d" : "1756462143963154688",
      "t" : 1756462143963,
      "tn" : 1756462143963154688,
      "q" : "1",
      "p" : "1.0168",
      "s" : "sell",
      "i" : "PROVEUSD-PERP",
      "m" : "4611686018427449407"
    }, {
      "d" : "1756462114486761160",
      "t" : 1756462114486,
      "tn" : 1756462114486761160,
      "q" : "1",
      "p" : "1.0164",
      "s" : "sell",
      "i" : "PROVEUSD-PERP",
      "m" : "4611686018427449406"
    }, {
      "d" : "1756462096589127191",
      "t" : 1756462096589,
      "tn" : 1756462096589127191,
      "q" : "1",
      "p" : "1.0162",
      "s" : "sell",
      "i" : "PROVEUSD-PERP",
      "m" : "4611686018427449405"
    }, {
      "d" : "1756462060823028675",
      "t" : 1756462060823,
      "tn" : 1756462060823028675,
      "q" : "1",
      "p" : "1.0169",
      "s" : "sell",
      "i" : "PROVEUSD-PERP",
      "m" : "4611686018427449404"
    }, {
      "d" : "1756462008289541659",
      "t" : 1756462008289,
      "tn" : 1756462008289541659,
      "q" : "1",
      "p" : "1.0163",
      "s" : "sell",
      "i" : "PROVEUSD-PERP",
      "m" : "4611686018427449403"
    }, {
      "d" : "1756461956806298920",
      "t" : 1756461956806,
      "tn" : 1756461956806298920,
      "q" : "1",
      "p" : "1.0160",
      "s" : "sell",
      "i" : "PROVEUSD-PERP",
      "m" : "4611686018427449402"
    }, {
      "d" : "1756461907152553511",
      "t" : 1756461907152,
      "tn" : 1756461907152553511,
      "q" : "52",
      "p" : "1.0147",
      "s" : "sell",
      "i" : "PROVEUSD-PERP",
      "m" : "4611686018427449401"
    }, {
      "d" : "1756461907152551137",
      "t" : 1756461907152,
      "tn" : 1756461907152551137,
      "q" : "1",
      "p" : "1.0148",
      "s" : "sell",
      "i" : "PROVEUSD-PERP",
      "m" : "4611686018427449400"
    }, {
      "d" : "1756461907152548573",
      "t" : 1756461907152,
      "tn" : 1756461907152548573,
      "q" : "1",
      "p" : "1.0153",
      "s" : "sell",
      "i" : "PROVEUSD-PERP",
      "m" : "4611686018427449399"
    }, {
      "d" : "1756461905593201446",
      "t" : 1756461905593,
      "tn" : 1756461905593201446,
      "q" : "1",
      "p" : "1.0153",
      "s" : "sell",
      "i" : "PROVEUSD-PERP",
      "m" : "4611686018427449398"
    }, {
      "d" : "1756461886349378615",
      "t" : 1756461886349,
      "tn" : 1756461886349378615,
      "q" : "1",
      "p" : "1.0147",
      "s" : "sell",
      "i" : "PROVEUSD-PERP",
      "m" : "4611686018427449397"
    }, {
      "d" : "1756461886349376417",
      "t" : 1756461886349,
      "tn" : 1756461886349376417,
      "q" : "1",
      "p" : "1.0150",
      "s" : "sell",
      "i" : "PROVEUSD-PERP",
      "m" : "4611686018427449396"
    }, {
      "d" : "1756461875413768366",
      "t" : 1756461875413,
      "tn" : 1756461875413768365,
      "q" : "1",
      "p" : "1.0151",
      "s" : "sell",
      "i" : "PROVEUSD-PERP",
      "m" : "4611686018427449395"
    }, {
      "d" : "1756461875413768365",
      "t" : 1756461875413,
      "tn" : 1756461875413768365,
      "q" : "1",
      "p" : "1.0151",
      "s" : "sell",
      "i" : "PROVEUSD-PERP",
      "m" : "4611686018427449395"
    }, {
      "d" : "1756461864585014837",
      "t" : 1756461864585,
      "tn" : 1756461864585014837,
      "q" : "300",
      "p" : "1.0152",
      "s" : "buy",
      "i" : "PROVEUSD-PERP",
      "m" : "4611686018427449394"
    }, {
      "d" : "1756461809767068646",
      "t" : 1756461809767,
      "tn" : 1756461809767068646,
      "q" : "1",
      "p" : "1.0162",
      "s" : "sell",
      "i" : "PROVEUSD-PERP",
      "m" : "4611686018427449393"
    }, {
      "d" : "1756461809442605107",
      "t" : 1756461809442,
      "tn" : 1756461809442605107,
      "q" : "1",
      "p" : "1.0160",
      "s" : "buy",
      "i" : "PROVEUSD-PERP",
      "m" : "4611686018427449392"
    }, {
      "d" : "1756461809442603530",
      "t" : 1756461809442,
      "tn" : 1756461809442603530,
      "q" : "1",
      "p" : "1.0159",
      "s" : "buy",
      "i" : "PROVEUSD-PERP",
      "m" : "4611686018427449391"
    }, {
      "d" : "1756461792067612492",
      "t" : 1756461792067,
      "tn" : 1756461792067612492,
      "q" : "1",
      "p" : "1.0160",
      "s" : "sell",
      "i" : "PROVEUSD-PERP",
      "m" : "4611686018427449390"
    }, {
      "d" : "1756461791913769048",
      "t" : 1756461791913,
      "tn" : 1756461791913769048,
      "q" : "1",
      "p" : "1.0161",
      "s" : "buy",
      "i" : "PROVEUSD-PERP",
      "m" : "4611686018427449389"
    }, {
      "d" : "1756461757396366965",
      "t" : 1756461757396,
      "tn" : 1756461757396366965,
      "q" : "1",
      "p" : "1.0158",
      "s" : "sell",
      "i" : "PROVEUSD-PERP",
      "m" : "4611686018427449388"
    }, {
      "d" : "1756461748908472516",
      "t" : 1756461748908,
      "tn" : 1756461748908472516,
      "q" : "1",
      "p" : "1.0155",
      "s" : "buy",
      "i" : "PROVEUSD-PERP",
      "m" : "4611686018427449387"
    }, {
      "d" : "1756461725945890452",
      "t" : 1756461725945,
      "tn" : 1756461725945890452,
      "q" : "1",
      "p" : "1.0176",
      "s" : "sell",
      "i" : "PROVEUSD-PERP",
      "m" : "4611686018427449386"
    }, {
      "d" : "1756461724093663347",
      "t" : 1756461724093,
      "tn" : 1756461724093663346,
      "q" : "1",
      "p" : "1.0179",
      "s" : "sell",
      "i" : "PROVEUSD-PERP",
      "m" : "4611686018427449385"
    }, {
      "d" : "1756461724093663346",
      "t" : 1756461724093,
      "tn" : 1756461724093663346,
      "q" : "1",
      "p" : "1.0179",
      "s" : "sell",
      "i" : "PROVEUSD-PERP",
      "m" : "4611686018427449385"
    }, {
      "d" : "1756461672137637347",
      "t" : 1756461672137,
      "tn" : 1756461672137637347,
      "q" : "1",
      "p" : "1.0174",
      "s" : "buy",
      "i" : "PROVEUSD-PERP",
      "m" : "4611686018427449384"
    }, {
      "d" : "1756461605792934924",
      "t" : 1756461605792,
      "tn" : 1756461605792934924,
      "q" : "1",
      "p" : "1.0163",
      "s" : "sell",
      "i" : "PROVEUSD-PERP",
      "m" : "4611686018427449383"
    }, {
      "d" : "1756461601358292036",
      "t" : 1756461601358,
      "tn" : 1756461601358292036,
      "q" : "1",
      "p" : "1.0173",
      "s" : "sell",
      "i" : "PROVEUSD-PERP",
      "m" : "4611686018427449382"
    }, {
      "d" : "1756461473028266987",
      "t" : 1756461473028,
      "tn" : 1756461473028266987,
      "q" : "1",
      "p" : "1.0178",
      "s" : "sell",
      "i" : "PROVEUSD-PERP",
      "m" : "4611686018427449381"
    }, {
      "d" : "1756461417534263029",
      "t" : 1756461417534,
      "tn" : 1756461417534263029,
      "q" : "1",
      "p" : "1.0173",
      "s" : "sell",
      "i" : "PROVEUSD-PERP",
      "m" : "4611686018427449380"
    }, {
      "d" : "1756461417534261328",
      "t" : 1756461417534,
      "tn" : 1756461417534261328,
      "q" : "1",
      "p" : "1.0174",
      "s" : "sell",
      "i" : "PROVEUSD-PERP",
      "m" : "4611686018427449379"
    }, {
      "d" : "1756461383909229413",
      "t" : 1756461383909,
      "tn" : 1756461383909229413,
      "q" : "1",
      "p" : "1.0180",
      "s" : "sell",
      "i" : "PROVEUSD-PERP",
      "m" : "4611686018427449378"
    }, {
      "d" : "1756461381422180617",
      "t" : 1756461381422,
      "tn" : 1756461381422180617,
      "q" : "1",
      "p" : "1.0187",
      "s" : "sell",
      "i" : "PROVEUSD-PERP",
      "m" : "4611686018427449377"
    }, {
      "d" : "1756461360471240223",
      "t" : 1756461360471,
      "tn" : 1756461360471240223,
      "q" : "1",
      "p" : "1.0185",
      "s" : "sell",
      "i" : "PROVEUSD-PERP",
      "m" : "4611686018427449376"
    }, {
      "d" : "1756461131716617581",
      "t" : 1756461131716,
      "tn" : 1756461131716617581,
      "q" : "1",
      "p" : "1.0152",
      "s" : "buy",
      "i" : "PROVEUSD-PERP",
      "m" : "4611686018427449375"
    }, {
      "d" : "1756461131694041554",
      "t" : 1756461131694,
      "tn" : 1756461131694041554,
      "q" : "1",
      "p" : "1.0149",
      "s" : "buy",
      "i" : "PROVEUSD-PERP",
      "m" : "4611686018427449374"
    }, {
      "d" : "1756460981163471688",
      "t" : 1756460981163,
      "tn" : 1756460981163471688,
      "q" : "1",
      "p" : "1.0165",
      "s" : "sell",
      "i" : "PROVEUSD-PERP",
      "m" : "4611686018427449373"
    }, {
      "d" : "1756460944502019375",
      "t" : 1756460944502,
      "tn" : 1756460944502019375,
      "q" : "1",
      "p" : "1.0172",
      "s" : "sell",
      "i" : "PROVEUSD-PERP",
      "m" : "4611686018427449372"
    }, {
      "d" : "1756460944387051857",
      "t" : 1756460944387,
      "tn" : 1756460944387051857,
      "q" : "1",
      "p" : "1.0174",
      "s" : "sell",
      "i" : "PROVEUSD-PERP",
      "m" : "4611686018427449371"
    }, {
      "d" : "1756460918635489188",
      "t" : 1756460918635,
      "tn" : 1756460918635489188,
      "q" : "1",
      "p" : "1.0169",
      "s" : "sell",
      "i" : "PROVEUSD-PERP",
      "m" : "4611686018427449370"
    }, {
      "d" : "1756460913070712064",
      "t" : 1756460913070,
      "tn" : 1756460913070712064,
      "q" : "1",
      "p" : "1.0173",
      "s" : "sell",
      "i" : "PROVEUSD-PERP",
      "m" : "4611686018427449369"
    }, {
      "d" : "1756460784138445738",
      "t" : 1756460784138,
      "tn" : 1756460784138445738,
      "q" : "1",
      "p" : "1.0154",
      "s" : "buy",
      "i" : "PROVEUSD-PERP",
      "m" : "4611686018427449368"
    }, {
      "d" : "1756460677709615435",
      "t" : 1756460677709,
      "tn" : 1756460677709615435,
      "q" : "1",
      "p" : "1.0139",
      "s" : "sell",
      "i" : "PROVEUSD-PERP",
      "m" : "4611686018427449367"
    }, {
      "d" : "1756460660331043931",
      "t" : 1756460660331,
      "tn" : 1756460660331043931,
      "q" : "1",
      "p" : "1.0138",
      "s" : "buy",
      "i" : "PROVEUSD-PERP",
      "m" : "4611686018427449366"
    }, {
      "d" : "1756460655182570848",
      "t" : 1756460655182,
      "tn" : 1756460655182570848,
      "q" : "1",
      "p" : "1.0134",
      "s" : "buy",
      "i" : "PROVEUSD-PERP",
      "m" : "4611686018427449365"
    }, {
      "d" : "1756460647401245905",
      "t" : 1756460647401,
      "tn" : 1756460647401245905,
      "q" : "1",
      "p" : "1.0132",
      "s" : "buy",
      "i" : "PROVEUSD-PERP",
      "m" : "4611686018427449364"
    }, {
      "d" : "1756460630222054063",
      "t" : 1756460630222,
      "tn" : 1756460630222054063,
      "q" : "1",
      "p" : "1.0132",
      "s" : "buy",
      "i" : "PROVEUSD-PERP",
      "m" : "4611686018427449363"
    }, {
      "d" : "1756460619813465424",
      "t" : 1756460619813,
      "tn" : 1756460619813465424,
      "q" : "1",
      "p" : "1.0136",
      "s" : "buy",
      "i" : "PROVEUSD-PERP",
      "m" : "4611686018427449362"
    }, {
      "d" : "1756460619779025723",
      "t" : 1756460619779,
      "tn" : 1756460619779025723,
      "q" : "1",
      "p" : "1.0136",
      "s" : "buy",
      "i" : "PROVEUSD-PERP",
      "m" : "4611686018427449361"
    }, {
      "d" : "1756460619742132282",
      "t" : 1756460619742,
      "tn" : 1756460619742132282,
      "q" : "1",
      "p" : "1.0134",
      "s" : "buy",
      "i" : "PROVEUSD-PERP",
      "m" : "4611686018427449360"
    }, {
      "d" : "1756460498652695285",
      "t" : 1756460498652,
      "tn" : 1756460498652695285,
      "q" : "1",
      "p" : "1.0152",
      "s" : "buy",
      "i" : "PROVEUSD-PERP",
      "m" : "4611686018427449359"
    }, {
      "d" : "1756460498623625565",
      "t" : 1756460498623,
      "tn" : 1756460498623625565,
      "q" : "1",
      "p" : "1.0151",
      "s" : "buy",
      "i" : "PROVEUSD-PERP",
      "m" : "4611686018427449358"
    }, {
      "d" : "1756460475533001613",
      "t" : 1756460475533,
      "tn" : 1756460475533001613,
      "q" : "1",
      "p" : "1.0148",
      "s" : "sell",
      "i" : "PROVEUSD-PERP",
      "m" : "4611686018427449357"
    }, {
      "d" : "1756460471737135462",
      "t" : 1756460471737,
      "tn" : 1756460471737135462,
      "q" : "1",
      "p" : "1.0151",
      "s" : "buy",
      "i" : "PROVEUSD-PERP",
      "m" : "4611686018427449356"
    }, {
      "d" : "1756460471737133273",
      "t" : 1756460471737,
      "tn" : 1756460471737133273,
      "q" : "1",
      "p" : "1.0149",
      "s" : "buy",
      "i" : "PROVEUSD-PERP",
      "m" : "4611686018427449355"
    }, {
      "d" : "1756460471183143828",
      "t" : 1756460471183,
      "tn" : 1756460471183143828,
      "q" : "1",
      "p" : "1.0145",
      "s" : "buy",
      "i" : "PROVEUSD-PERP",
      "m" : "4611686018427449354"
    }, {
      "d" : "1756460461178770905",
      "t" : 1756460461178,
      "tn" : 1756460461178770905,
      "q" : "1",
      "p" : "1.0141",
      "s" : "sell",
      "i" : "PROVEUSD-PERP",
      "m" : "4611686018427449353"
    }, {
      "d" : "1756460457155919179",
      "t" : 1756460457155,
      "tn" : 1756460457155919179,
      "q" : "1",
      "p" : "1.0146",
      "s" : "sell",
      "i" : "PROVEUSD-PERP",
      "m" : "4611686018427449352"
    }, {
      "d" : "1756460432015786640",
      "t" : 1756460432015,
      "tn" : 1756460432015786640,
      "q" : "1",
      "p" : "1.0138",
      "s" : "buy",
      "i" : "PROVEUSD-PERP",
      "m" : "4611686018427449351"
    }, {
      "d" : "1756460387146398450",
      "t" : 1756460387146,
      "tn" : 1756460387146398450,
      "q" : "41",
      "p" : "1.0146",
      "s" : "buy",
      "i" : "PROVEUSD-PERP",
      "m" : "4611686018427449350"
    }, {
      "d" : "1756460387146047304",
      "t" : 1756460387146,
      "tn" : 1756460387146047304,
      "q" : "29",
      "p" : "1.0146",
      "s" : "buy",
      "i" : "PROVEUSD-PERP",
      "m" : "4611686018427449349"
    }, {
      "d" : "1756460387145848042",
      "t" : 1756460387145,
      "tn" : 1756460387145848042,
      "q" : "27",
      "p" : "1.0146",
      "s" : "buy",
      "i" : "PROVEUSD-PERP",
      "m" : "4611686018427449348"
    }, {
      "d" : "1756460387144590152",
      "t" : 1756460387144,
      "tn" : 1756460387144590152,
      "q" : "1",
      "p" : "1.0137",
      "s" : "buy",
      "i" : "PROVEUSD-PERP",
      "m" : "4611686018427449347"
    }, {
      "d" : "1756460387144219316",
      "t" : 1756460387144,
      "tn" : 1756460387144219316,
      "q" : "1",
      "p" : "1.0135",
      "s" : "buy",
      "i" : "PROVEUSD-PERP",
      "m" : "4611686018427449346"
    }, {
      "d" : "1756460341709838803",
      "t" : 1756460341709,
      "tn" : 1756460341709838803,
      "q" : "1",
      "p" : "1.0130",
      "s" : "buy",
      "i" : "PROVEUSD-PERP",
      "m" : "4611686018427449345"
    }, {
      "d" : "1756460258629945797",
      "t" : 1756460258629,
      "tn" : 1756460258629945797,
      "q" : "1",
      "p" : "1.0136",
      "s" : "buy",
      "i" : "PROVEUSD-PERP",
      "m" : "4611686018427449344"
    }, {
      "d" : "1756460186903183582",
      "t" : 1756460186903,
      "tn" : 1756460186903183582,
      "q" : "1",
      "p" : "1.0132",
      "s" : "buy",
      "i" : "PROVEUSD-PERP",
      "m" : "4611686018427449343"
    }, {
      "d" : "1756460186631823195",
      "t" : 1756460186631,
      "tn" : 1756460186631823195,
      "q" : "1",
      "p" : "1.0130",
      "s" : "buy",
      "i" : "PROVEUSD-PERP",
      "m" : "4611686018427449342"
    }, {
      "d" : "1756460185783648744",
      "t" : 1756460185783,
      "tn" : 1756460185783648744,
      "q" : "1",
      "p" : "1.0128",
      "s" : "buy",
      "i" : "PROVEUSD-PERP",
      "m" : "4611686018427449341"
    }, {
      "d" : "1756460098004968391",
      "t" : 1756460098004,
      "tn" : 1756460098004968391,
      "q" : "1",
      "p" : "1.0129",
      "s" : "buy",
      "i" : "PROVEUSD-PERP",
      "m" : "4611686018427449340"
    }, {
      "d" : "1756460071713406081",
      "t" : 1756460071713,
      "tn" : 1756460071713406081,
      "q" : "1",
      "p" : "1.0128",
      "s" : "buy",
      "i" : "PROVEUSD-PERP",
      "m" : "4611686018427449339"
    }, {
      "d" : "1756460009970038717",
      "t" : 1756460009970,
      "tn" : 1756460009970038717,
      "q" : "1",
      "p" : "1.0137",
      "s" : "buy",
      "i" : "PROVEUSD-PERP",
      "m" : "4611686018427449338"
    }, {
      "d" : "1756459987318915835",
      "t" : 1756459987318,
      "tn" : 1756459987318915835,
      "q" : "1",
      "p" : "1.0141",
      "s" : "buy",
      "i" : "PROVEUSD-PERP",
      "m" : "4611686018427449337"
    }, {
      "d" : "1756459986582086936",
      "t" : 1756459986582,
      "tn" : 1756459986582086936,
      "q" : "1",
      "p" : "1.0139",
      "s" : "buy",
      "i" : "PROVEUSD-PERP",
      "m" : "4611686018427449336"
    }, {
      "d" : "1756459986475845160",
      "t" : 1756459986475,
      "tn" : 1756459986475845160,
      "q" : "1",
      "p" : "1.0137",
      "s" : "buy",
      "i" : "PROVEUSD-PERP",
      "m" : "4611686018427449335"
    }, {
      "d" : "1756459986390769134",
      "t" : 1756459986390,
      "tn" : 1756459986390769134,
      "q" : "1",
      "p" : "1.0136",
      "s" : "buy",
      "i" : "PROVEUSD-PERP",
      "m" : "4611686018427449334"
    }, {
      "d" : "1756459983582427499",
      "t" : 1756459983582,
      "tn" : 1756459983582427499,
      "q" : "1",
      "p" : "1.0135",
      "s" : "buy",
      "i" : "PROVEUSD-PERP",
      "m" : "4611686018427449333"
    }, {
      "d" : "1756459982904974784",
      "t" : 1756459982904,
      "tn" : 1756459982904974784,
      "q" : "1",
      "p" : "1.0133",
      "s" : "buy",
      "i" : "PROVEUSD-PERP",
      "m" : "4611686018427449332"
    }, {
      "d" : "1756459981644393260",
      "t" : 1756459981644,
      "tn" : 1756459981644393260,
      "q" : "1",
      "p" : "1.0133",
      "s" : "buy",
      "i" : "PROVEUSD-PERP",
      "m" : "4611686018427449331"
    }, {
      "d" : "1756459981574125409",
      "t" : 1756459981574,
      "tn" : 1756459981574125409,
      "q" : "1",
      "p" : "1.0132",
      "s" : "buy",
      "i" : "PROVEUSD-PERP",
      "m" : "4611686018427449330"
    }, {
      "d" : "1756459981512929720",
      "t" : 1756459981512,
      "tn" : 1756459981512929720,
      "q" : "1",
      "p" : "1.0131",
      "s" : "buy",
      "i" : "PROVEUSD-PERP",
      "m" : "4611686018427449329"
    }, {
      "d" : "1756459980786199301",
      "t" : 1756459980786,
      "tn" : 1756459980786199301,
      "q" : "1",
      "p" : "1.0129",
      "s" : "buy",
      "i" : "PROVEUSD-PERP",
      "m" : "4611686018427449328"
    }, {
      "d" : "1756459979775420121",
      "t" : 1756459979775,
      "tn" : 1756459979775420121,
      "q" : "1",
      "p" : "1.0129",
      "s" : "buy",
      "i" : "PROVEUSD-PERP",
      "m" : "4611686018427449327"
    }, {
      "d" : "1756459979676997052",
      "t" : 1756459979676,
      "tn" : 1756459979676997052,
      "q" : "1",
      "p" : "1.0129",
      "s" : "buy",
      "i" : "PROVEUSD-PERP",
      "m" : "4611686018427449326"
    }, {
      "d" : "1756459977742975047",
      "t" : 1756459977742,
      "tn" : 1756459977742975047,
      "q" : "1",
      "p" : "1.0129",
      "s" : "buy",
      "i" : "PROVEUSD-PERP",
      "m" : "4611686018427449325"
    }, {
      "d" : "1756459977678023709",
      "t" : 1756459977678,
      "tn" : 1756459977678023709,
      "q" : "1",
      "p" : "1.0128",
      "s" : "buy",
      "i" : "PROVEUSD-PERP",
      "m" : "4611686018427449324"
    }, {
      "d" : "1756459977143089189",
      "t" : 1756459977143,
      "tn" : 1756459977143089189,
      "q" : "1",
      "p" : "1.0126",
      "s" : "buy",
      "i" : "PROVEUSD-PERP",
      "m" : "4611686018427449323"
    }, {
      "d" : "1756459976132796459",
      "t" : 1756459976132,
      "tn" : 1756459976132796459,
      "q" : "1",
      "p" : "1.0126",
      "s" : "buy",
      "i" : "PROVEUSD-PERP",
      "m" : "4611686018427449322"
    }, {
      "d" : "1756459975103177560",
      "t" : 1756459975103,
      "tn" : 1756459975103177560,
      "q" : "1",
      "p" : "1.0127",
      "s" : "buy",
      "i" : "PROVEUSD-PERP",
      "m" : "4611686018427449321"
    }, {
      "d" : "1756459975042905667",
      "t" : 1756459975042,
      "tn" : 1756459975042905667,
      "q" : "1",
      "p" : "1.0126",
      "s" : "buy",
      "i" : "PROVEUSD-PERP",
      "m" : "4611686018427449320"
    }, {
      "d" : "1756459974044139285",
      "t" : 1756459974044,
      "tn" : 1756459974044139285,
      "q" : "1",
      "p" : "1.0126",
      "s" : "buy",
      "i" : "PROVEUSD-PERP",
      "m" : "4611686018427449319"
    }, {
      "d" : "1756459973033811878",
      "t" : 1756459973033,
      "tn" : 1756459973033811878,
      "q" : "1",
      "p" : "1.0126",
      "s" : "buy",
      "i" : "PROVEUSD-PERP",
      "m" : "4611686018427449318"
    }, {
      "d" : "1756459971595330718",
      "t" : 1756459971595,
      "tn" : 1756459971595330718,
      "q" : "1",
      "p" : "1.0127",
      "s" : "buy",
      "i" : "PROVEUSD-PERP",
      "m" : "4611686018427449317"
    }, {
      "d" : "1756459970593526349",
      "t" : 1756459970593,
      "tn" : 1756459970593526349,
      "q" : "1",
      "p" : "1.0127",
      "s" : "buy",
      "i" : "PROVEUSD-PERP",
      "m" : "4611686018427449316"
    }, {
      "d" : "1756459970472385254",
      "t" : 1756459970472,
      "tn" : 1756459970472385254,
      "q" : "1",
      "p" : "1.0126",
      "s" : "buy",
      "i" : "PROVEUSD-PERP",
      "m" : "4611686018427449315"
    }, {
      "d" : "1756459969584168265",
      "t" : 1756459969584,
      "tn" : 1756459969584168265,
      "q" : "1",
      "p" : "1.0127",
      "s" : "buy",
      "i" : "PROVEUSD-PERP",
      "m" : "4611686018427449314"
    }, {
      "d" : "1756459968585031709",
      "t" : 1756459968585,
      "tn" : 1756459968585031709,
      "q" : "1",
      "p" : "1.0127",
      "s" : "buy",
      "i" : "PROVEUSD-PERP",
      "m" : "4611686018427449313"
    }, {
      "d" : "1756459968274400635",
      "t" : 1756459968274,
      "tn" : 1756459968274400635,
      "q" : "1",
      "p" : "1.0125",
      "s" : "buy",
      "i" : "PROVEUSD-PERP",
      "m" : "4611686018427449312"
    }, {
      "d" : "1756459968205869373",
      "t" : 1756459968205,
      "tn" : 1756459968205869373,
      "q" : "1",
      "p" : "1.0123",
      "s" : "buy",
      "i" : "PROVEUSD-PERP",
      "m" : "4611686018427449311"
    }, {
      "d" : "1756459966828631677",
      "t" : 1756459966828,
      "tn" : 1756459966828631677,
      "q" : "1",
      "p" : "1.0122",
      "s" : "buy",
      "i" : "PROVEUSD-PERP",
      "m" : "4611686018427449310"
    }, {
      "d" : "1756459955565865404",
      "t" : 1756459955565,
      "tn" : 1756459955565865404,
      "q" : "1",
      "p" : "1.0124",
      "s" : "buy",
      "i" : "PROVEUSD-PERP",
      "m" : "4611686018427449309"
    }, {
      "d" : "1756459953995857647",
      "t" : 1756459953995,
      "tn" : 1756459953995857647,
      "q" : "1",
      "p" : "1.0123",
      "s" : "buy",
      "i" : "PROVEUSD-PERP",
      "m" : "4611686018427449308"
    }, {
      "d" : "1756459953929004166",
      "t" : 1756459953929,
      "tn" : 1756459953929004166,
      "q" : "1",
      "p" : "1.0122",
      "s" : "buy",
      "i" : "PROVEUSD-PERP",
      "m" : "4611686018427449307"
    }, {
      "d" : "1756459953024128008",
      "t" : 1756459953024,
      "tn" : 1756459953024128008,
      "q" : "1",
      "p" : "1.0121",
      "s" : "buy",
      "i" : "PROVEUSD-PERP",
      "m" : "4611686018427449306"
    }, {
      "d" : "1756459952355303051",
      "t" : 1756459952355,
      "tn" : 1756459952355303051,
      "q" : "1",
      "p" : "1.0122",
      "s" : "buy",
      "i" : "PROVEUSD-PERP",
      "m" : "4611686018427449305"
    }, {
      "d" : "1756459950856938382",
      "t" : 1756459950856,
      "tn" : 1756459950856938382,
      "q" : "1",
      "p" : "1.0122",
      "s" : "buy",
      "i" : "PROVEUSD-PERP",
      "m" : "4611686018427449304"
    }, {
      "d" : "1756459949854057159",
      "t" : 1756459949854,
      "tn" : 1756459949854057159,
      "q" : "1",
      "p" : "1.0122",
      "s" : "buy",
      "i" : "PROVEUSD-PERP",
      "m" : "4611686018427449303"
    }, {
      "d" : "1756459949793237477",
      "t" : 1756459949793,
      "tn" : 1756459949793237477,
      "q" : "1",
      "p" : "1.0121",
      "s" : "buy",
      "i" : "PROVEUSD-PERP",
      "m" : "4611686018427449302"
    }, {
      "d" : "1756459949732698361",
      "t" : 1756459949732,
      "tn" : 1756459949732698361,
      "q" : "1",
      "p" : "1.0120",
      "s" : "buy",
      "i" : "PROVEUSD-PERP",
      "m" : "4611686018427449301"
    }, {
      "d" : "1756459948733070109",
      "t" : 1756459948733,
      "tn" : 1756459948733070109,
      "q" : "1",
      "p" : "1.0120",
      "s" : "buy",
      "i" : "PROVEUSD-PERP",
      "m" : "4611686018427449300"
    }, {
      "d" : "1756459947736246627",
      "t" : 1756459947736,
      "tn" : 1756459947736246627,
      "q" : "1",
      "p" : "1.0120",
      "s" : "buy",
      "i" : "PROVEUSD-PERP",
      "m" : "4611686018427449299"
    }, {
      "d" : "1756459946803374020",
      "t" : 1756459946803,
      "tn" : 1756459946803374020,
      "q" : "1",
      "p" : "1.0121",
      "s" : "buy",
      "i" : "PROVEUSD-PERP",
      "m" : "4611686018427449298"
    }, {
      "d" : "1756459946725362052",
      "t" : 1756459946725,
      "tn" : 1756459946725362052,
      "q" : "1",
      "p" : "1.0120",
      "s" : "buy",
      "i" : "PROVEUSD-PERP",
      "m" : "4611686018427449297"
    }, {
      "d" : "1756459945715624701",
      "t" : 1756459945715,
      "tn" : 1756459945715624701,
      "q" : "1",
      "p" : "1.0120",
      "s" : "buy",
      "i" : "PROVEUSD-PERP",
      "m" : "4611686018427449296"
    }, {
      "d" : "1756459945193293851",
      "t" : 1756459945193,
      "tn" : 1756459945193293851,
      "q" : "1",
      "p" : "1.0121",
      "s" : "buy",
      "i" : "PROVEUSD-PERP",
      "m" : "4611686018427449295"
    }, {
      "d" : "1756459944666191579",
      "t" : 1756459944666,
      "tn" : 1756459944666191579,
      "q" : "1",
      "p" : "1.0123",
      "s" : "buy",
      "i" : "PROVEUSD-PERP",
      "m" : "4611686018427449294"
    }, {
      "d" : "1756459943662573127",
      "t" : 1756459943662,
      "tn" : 1756459943662573127,
      "q" : "1",
      "p" : "1.0123",
      "s" : "buy",
      "i" : "PROVEUSD-PERP",
      "m" : "4611686018427449293"
    }, {
      "d" : "1756459942166521343",
      "t" : 1756459942166,
      "tn" : 1756459942166521343,
      "q" : "1",
      "p" : "1.0122",
      "s" : "buy",
      "i" : "PROVEUSD-PERP",
      "m" : "4611686018427449292"
    }, {
      "d" : "1756459941653432646",
      "t" : 1756459941653,
      "tn" : 1756459941653432646,
      "q" : "1",
      "p" : "1.0123",
      "s" : "buy",
      "i" : "PROVEUSD-PERP",
      "m" : "4611686018427449291"
    }, {
      "d" : "1756459940543631744",
      "t" : 1756459940543,
      "tn" : 1756459940543631744,
      "q" : "1",
      "p" : "1.0124",
      "s" : "buy",
      "i" : "PROVEUSD-PERP",
      "m" : "4611686018427449290"
    }, {
      "d" : "1756459940477541533",
      "t" : 1756459940477,
      "tn" : 1756459940477541533,
      "q" : "1",
      "p" : "1.0123",
      "s" : "buy",
      "i" : "PROVEUSD-PERP",
      "m" : "4611686018427449289"
    }, {
      "d" : "1756459940182504112",
      "t" : 1756459940182,
      "tn" : 1756459940182504112,
      "q" : "1",
      "p" : "1.0122",
      "s" : "buy",
      "i" : "PROVEUSD-PERP",
      "m" : "4611686018427449288"
    }, {
      "d" : "1756459939523643797",
      "t" : 1756459939523,
      "tn" : 1756459939523643797,
      "q" : "1",
      "p" : "1.0125",
      "s" : "buy",
      "i" : "PROVEUSD-PERP",
      "m" : "4611686018427449287"
    }, {
      "d" : "1756459939463218700",
      "t" : 1756459939463,
      "tn" : 1756459939463218700,
      "q" : "1",
      "p" : "1.0124",
      "s" : "buy",
      "i" : "PROVEUSD-PERP",
      "m" : "4611686018427449286"
    }, {
      "d" : "1756459939402103347",
      "t" : 1756459939402,
      "tn" : 1756459939402103347,
      "q" : "1",
      "p" : "1.0123",
      "s" : "buy",
      "i" : "PROVEUSD-PERP",
      "m" : "4611686018427449285"
    }, {
      "d" : "1756459938426485364",
      "t" : 1756459938426,
      "tn" : 1756459938426485364,
      "q" : "1",
      "p" : "1.0122",
      "s" : "buy",
      "i" : "PROVEUSD-PERP",
      "m" : "4611686018427449284"
    }, {
      "d" : "1756459937469946073",
      "t" : 1756459937469,
      "tn" : 1756459937469946073,
      "q" : "1",
      "p" : "1.0122",
      "s" : "buy",
      "i" : "PROVEUSD-PERP",
      "m" : "4611686018427449283"
    }, {
      "d" : "1756459936412234796",
      "t" : 1756459936412,
      "tn" : 1756459936412234796,
      "q" : "1",
      "p" : "1.0125",
      "s" : "buy",
      "i" : "PROVEUSD-PERP",
      "m" : "4611686018427449282"
    }, {
      "d" : "1756459936382750791",
      "t" : 1756459936382,
      "tn" : 1756459936382750791,
      "q" : "1",
      "p" : "1.0123",
      "s" : "buy",
      "i" : "PROVEUSD-PERP",
      "m" : "4611686018427449281"
    }, {
      "d" : "1756459936322725121",
      "t" : 1756459936322,
      "tn" : 1756459936322725121,
      "q" : "1",
      "p" : "1.0122",
      "s" : "buy",
      "i" : "PROVEUSD-PERP",
      "m" : "4611686018427449280"
    }, {
      "d" : "1756459936064299877",
      "t" : 1756459936064,
      "tn" : 1756459936064299877,
      "q" : "1",
      "p" : "1.0121",
      "s" : "buy",
      "i" : "PROVEUSD-PERP",
      "m" : "4611686018427449279"
    }, {
      "d" : "1756459935053936152",
      "t" : 1756459935053,
      "tn" : 1756459935053936152,
      "q" : "1",
      "p" : "1.0121",
      "s" : "buy",
      "i" : "PROVEUSD-PERP",
      "m" : "4611686018427449278"
    }, {
      "d" : "1756459934852033486",
      "t" : 1756459934852,
      "tn" : 1756459934852033486,
      "q" : "1",
      "p" : "1.0120",
      "s" : "buy",
      "i" : "PROVEUSD-PERP",
      "m" : "4611686018427449277"
    }, {
      "d" : "1756459927373855296",
      "t" : 1756459927373,
      "tn" : 1756459927373855296,
      "q" : "1",
      "p" : "1.0129",
      "s" : "buy",
      "i" : "PROVEUSD-PERP",
      "m" : "4611686018427449276"
    }, {
      "d" : "1756459924262219587",
      "t" : 1756459924262,
      "tn" : 1756459924262219587,
      "q" : "1",
      "p" : "1.0132",
      "s" : "buy",
      "i" : "PROVEUSD-PERP",
      "m" : "4611686018427449275"
    }, {
      "d" : "1756459922073472376",
      "t" : 1756459922073,
      "tn" : 1756459922073472376,
      "q" : "1",
      "p" : "1.0131",
      "s" : "buy",
      "i" : "PROVEUSD-PERP",
      "m" : "4611686018427449274"
    }, {
      "d" : "1756459921241370025",
      "t" : 1756459921241,
      "tn" : 1756459921241370025,
      "q" : "1",
      "p" : "1.0131",
      "s" : "buy",
      "i" : "PROVEUSD-PERP",
      "m" : "4611686018427449273"
    }, {
      "d" : "1756459920995343122",
      "t" : 1756459920995,
      "tn" : 1756459920995343122,
      "q" : "1",
      "p" : "1.0130",
      "s" : "buy",
      "i" : "PROVEUSD-PERP",
      "m" : "4611686018427449272"
    }, {
      "d" : "1756459920734204789",
      "t" : 1756459920734,
      "tn" : 1756459920734204789,
      "q" : "1",
      "p" : "1.0129",
      "s" : "buy",
      "i" : "PROVEUSD-PERP",
      "m" : "4611686018427449271"
    }, {
      "d" : "1756459919918618411",
      "t" : 1756459919918,
      "tn" : 1756459919918618411,
      "q" : "1",
      "p" : "1.0129",
      "s" : "buy",
      "i" : "PROVEUSD-PERP",
      "m" : "4611686018427449270"
    }, {
      "d" : "1756459918722460200",
      "t" : 1756459918722,
      "tn" : 1756459918722460200,
      "q" : "1",
      "p" : "1.0129",
      "s" : "buy",
      "i" : "PROVEUSD-PERP",
      "m" : "4611686018427449269"
    }, {
      "d" : "1756459918654549340",
      "t" : 1756459918654,
      "tn" : 1756459918654549340,
      "q" : "1",
      "p" : "1.0127",
      "s" : "buy",
      "i" : "PROVEUSD-PERP",
      "m" : "4611686018427449268"
    }, {
      "d" : "1756459913737084349",
      "t" : 1756459913737,
      "tn" : 1756459913737084349,
      "q" : "1",
      "p" : "1.0124",
      "s" : "buy",
      "i" : "PROVEUSD-PERP",
      "m" : "4611686018427449267"
    }, {
      "d" : "1756459911830613199",
      "t" : 1756459911830,
      "tn" : 1756459911830613199,
      "q" : "1",
      "p" : "1.0122",
      "s" : "buy",
      "i" : "PROVEUSD-PERP",
      "m" : "4611686018427449266"
    }, {
      "d" : "1756459911781542500",
      "t" : 1756459911781,
      "tn" : 1756459911781542500,
      "q" : "1",
      "p" : "1.0120",
      "s" : "buy",
      "i" : "PROVEUSD-PERP",
      "m" : "4611686018427449265"
    } ]
  }
}