{
  "id" : -1,
  "method" : "public/get-trades",
  "code" : 0,
  "result" : {
    "data" : [ {
      "d" : "1756461385306252750",
      "t" : 1756461385306,
      "tn" : 1756461385306252750,
      "q" : "335",
      "p" : "0.032460",
      "s" : "buy",
      "i" : "PSTAKE_USD",
      "m" : "4611686018429686981"
    }, {
      "d" : "1756459134862497881",
      "t" : 1756459134862,
      "tn" : 1756459134862497881,
      "q" : "783",
      "p" : "0.031936",
      "s" : "sell",
      "i" : "PSTAKE_USD",
      "m" : "4611686018429686980"
    }, {
      "d" : "1756459134858997730",
      "t" : 1756459134858,
      "tn" : 1756459134858997730,
      "q" : "600",
      "p" : "0.031936",
      "s" : "sell",
      "i" : "PSTAKE_USD",
      "m" : "4611686018429686979"
    }, {
      "d" : "1756456048662549494",
      "t" : 1756456048662,
      "tn" : 1756456048662549494,
      "q" : "537",
      "p" : "0.031675",
      "s" : "buy",
      "i" : "PSTAKE_USD",
      "m" : "4611686018429686978"
    }, {
      "d" : "1756456048655748568",
      "t" : 1756456048655,
      "tn" : 1756456048655748568,
      "q" : "600",
      "p" : "0.031675",
      "s" : "buy",
      "i" : "PSTAKE_USD",
      "m" : "4611686018429686977"
    }, {
      "d" : "1756456048641978222",
      "t" : 1756456048641,
      "tn" : 1756456048641978222,
      "q" : "490",
      "p" : "0.031675",
      "s" : "buy",
      "i" : "PSTAKE_USD",
      "m" : "4611686018429686976"
    }, {
      "d" : "1756452788953377866",
      "t" : 1756452788953,
      "tn" : 1756452788953377866,
      "q" : "623",
      "p" : "0.032080",
      "s" : "sell",
      "i" : "PSTAKE_USD",
      "m" : "4611686018429686975"
    }, {
      "d" : "1756452516689787449",
      "t" : 1756452516689,
      "tn" : 1756452516689787449,
      "q" : "470",
      "p" : "0.031889",
      "s" : "sell",
      "i" : "PSTAKE_USD",
      "m" : "4611686018429686974"
    }, {
      "d" : "1756452513547420961",
      "t" : 1756452513547,
      "tn" : 1756452513547420961,
      "q" : "700",
      "p" : "0.031889",
      "s" : "sell",
      "i" : "PSTAKE_USD",
      "m" : "4611686018429686973"
    }, {
      "d" : "1756452513429651200",
      "t" : 1756452513429,
      "tn" : 1756452513429651199,
      "q" : "571",
      "p" : "0.031889",
      "s" : "sell",
      "i" : "PSTAKE_USD",
      "m" : "4611686018429686972"
    }, {
      "d" : "1756452513429651199",
      "t" : 1756452513429,
      "tn" : 1756452513429651199,
      "q" : "629",
      "p" : "0.031889",
      "s" : "sell",
      "i" : "PSTAKE_USD",
      "m" : "4611686018429686972"
    }, {
      "d" : "1756446033597140270",
      "t" : 1756446033597,
      "tn" : 1756446033597140269,
      "q" : "391",
      "p" : "0.033084",
      "s" : "buy",
      "i" : "PSTAKE_USD",
      "m" : "4611686018429686971"
    }, {
      "d" : "1756446033597140269",
      "t" : 1756446033597,
      "tn" : 1756446033597140269,
      "q" : "365",
      "p" : "0.033084",
      "s" : "buy",
      "i" : "PSTAKE_USD",
      "m" : "4611686018429686971"
    }, {
      "d" : "1756444875653011533",
      "t" : 1756444875653,
      "tn" : 1756444875653011532,
      "q" : "2561",
      "p" : "0.033015",
      "s" : "buy",
      "i" : "PSTAKE_USD",
      "m" : "4611686018429686970"
    }, {
      "d" : "1756444875653011532",
      "t" : 1756444875653,
      "tn" : 1756444875653011532,
      "q" : "165",
      "p" : "0.033015",
      "s" : "buy",
      "i" : "PSTAKE_USD",
      "m" : "4611686018429686970"
    }, {
      "d" : "1756440279349090023",
      "t" : 1756440279349,
      "tn" : 1756440279349090023,
      "q" : "450",
      "p" : "0.033276",
      "s" : "sell",
      "i" : "PSTAKE_USD",
      "m" : "4611686018429686969"
    }, {
      "d" : "1756440279143713185",
      "t" : 1756440279143,
      "tn" : 1756440279143713185,
      "q" : "500",
      "p" : "0.033276",
      "s" : "sell",
      "i" : "PSTAKE_USD",
      "m" : "4611686018429686968"
    }, {
      "d" : "1756440183428749223",
      "t" : 1756440183428,
      "tn" : 1756440183428749223,
      "q" : "800",
      "p" : "0.033276",
      "s" : "sell",
      "i" : "PSTAKE_USD",
      "m" : "4611686018429686967"
    }, {
      "d" : "1756425374863607089",
      "t" : 1756425374863,
      "tn" : 1756425374863607089,
      "q" : "34",
      "p" : "0.033203",
      "s" : "buy",
      "i" : "PSTAKE_USD",
      "m" : "4611686018429686966"
    }, {
      "d" : "1756425374859225491",
      "t" : 1756425374859,
      "tn" : 1756425374859225491,
      "q" : "516",
      "p" : "0.033203",
      "s" : "buy",
      "i" : "PSTAKE_USD",
      "m" : "4611686018429686965"
    }, {
      "d" : "1756425374859223749",
      "t" : 1756425374859,
      "tn" : 1756425374859223749,
      "q" : "1291",
      "p" : "0.033202",
      "s" : "buy",
      "i" : "PSTAKE_USD",
      "m" : "4611686018429686964"
    }, {
      "d" : "1756425302441748717",
      "t" : 1756425302441,
      "tn" : 1756425302441748717,
      "q" : "450",
      "p" : "0.033203",
      "s" : "buy",
      "i" : "PSTAKE_USD",
      "m" : "4611686018429686963"
    }, {
      "d" : "1756421787276617073",
      "t" : 1756421787276,
      "tn" : 1756421787276617073,
      "q" : "250",
      "p" : "0.033809",
      "s" : "buy",
      "i" : "PSTAKE_USD",
      "m" : "4611686018429686962"
    }, {
      "d" : "1756415488881346320",
      "t" : 1756415488881,
      "tn" : 1756415488881346320,
      "q" : "549",
      "p" : "0.032523",
      "s" : "sell",
      "i" : "PSTAKE_USD",
      "m" : "4611686018429686961"
    }, {
      "d" : "1756415319202599458",
      "t" : 1756415319202,
      "tn" : 1756415319202599458,
      "q" : "450",
      "p" : "0.032984",
      "s" : "buy",
      "i" : "PSTAKE_USD",
      "m" : "4611686018429686960"
    }, {
      "d" : "1756413683653133706",
      "t" : 1756413683653,
      "tn" : 1756413683653133706,
      "q" : "227",
      "p" : "0.032601",
      "s" : "sell",
      "i" : "PSTAKE_USD",
      "m" : "4611686018429686959"
    }, {
      "d" : "1756412871879422650",
      "t" : 1756412871879,
      "tn" : 1756412871879422650,
      "q" : "910",
      "p" : "0.032966",
      "s" : "buy",
      "i" : "PSTAKE_USD",
      "m" : "4611686018429686958"
    }, {
      "d" : "1756412871818511304",
      "t" : 1756412871818,
      "tn" : 1756412871818511304,
      "q" : "2730",
      "p" : "0.032966",
      "s" : "buy",
      "i" : "PSTAKE_USD",
      "m" : "4611686018429686957"
    }, {
      "d" : "1756412871755952248",
      "t" : 1756412871755,
      "tn" : 1756412871755952248,
      "q" : "2730",
      "p" : "0.032966",
      "s" : "buy",
      "i" : "PSTAKE_USD",
      "m" : "4611686018429686956"
    }, {
      "d" : "1756409477655021802",
      "t" : 1756409477655,
      "tn" : 1756409477655021802,
      "q" : "139",
      "p" : "0.032601",
      "s" : "sell",
      "i" : "PSTAKE_USD",
      "m" : "4611686018429686955"
    }, {
      "d" : "1756402433614608686",
      "t" : 1756402433614,
      "tn" : 1756402433614608686,
      "q" : "607",
      "p" : "0.032928",
      "s" : "buy",
      "i" : "PSTAKE_USD",
      "m" : "4611686018429686954"
    }, {
      "d" : "1756402433606408097",
      "t" : 1756402433606,
      "tn" : 1756402433606408097,
      "q" : "460",
      "p" : "0.032928",
      "s" : "buy",
      "i" : "PSTAKE_USD",
      "m" : "4611686018429686953"
    }, {
      "d" : "1756402433465841315",
      "t" : 1756402433465,
      "tn" : 1756402433465841315,
      "q" : "601",
      "p" : "0.032928",
      "s" : "buy",
      "i" : "PSTAKE_USD",
      "m" : "4611686018429686952"
    }, {
      "d" : "1756400893551114130",
      "t" : 1756400893551,
      "tn" : 1756400893551114130,
      "q" : "500",
      "p" : "0.033216",
      "s" : "sell",
      "i" : "PSTAKE_USD",
      "m" : "4611686018429686951"
    }, {
      "d" : "1756397476379413975",
      "t" : 1756397476379,
      "tn" : 1756397476379413975,
      "q" : "387",
      "p" : "0.032594",
      "s" : "sell",
      "i" : "PSTAKE_USD",
      "m" : "4611686018429686950"
    }, {
      "d" : "1756397460537111278",
      "t" : 1756397460537,
      "tn" : 1756397460537111277,
      "q" : "1748",
      "p" : "0.033018",
      "s" : "buy",
      "i" : "PSTAKE_USD",
      "m" : "4611686018429686949"
    }, {
      "d" : "1756397460537111277",
      "t" : 1756397460537,
      "tn" : 1756397460537111277,
      "q" : "372",
      "p" : "0.033018",
      "s" : "buy",
      "i" : "PSTAKE_USD",
      "m" : "4611686018429686949"
    }, {
      "d" : "1756397214908187530",
      "t" : 1756397214908,
      "tn" : 1756397214908187530,
      "q" : "470",
      "p" : "0.033097",
      "s" : "buy",
      "i" : "PSTAKE_USD",
      "m" : "4611686018429686948"
    }, {
      "d" : "1756391177442328614",
      "t" : 1756391177442,
      "tn" : 1756391177442328614,
      "q" : "120",
      "p" : "0.032591",
      "s" : "sell",
      "i" : "PSTAKE_USD",
      "m" : "4611686018429686947"
    }, {
      "d" : "1756388772094774824",
      "t" : 1756388772094,
      "tn" : 1756388772094774824,
      "q" : "2707",
      "p" : "0.033242",
      "s" : "buy",
      "i" : "PSTAKE_USD",
      "m" : "4611686018429686946"
    }, {
      "d" : "1756388309316595393",
      "t" : 1756388309316,
      "tn" : 1756388309316595393,
      "q" : "500",
      "p" : "0.033890",
      "s" : "buy",
      "i" : "PSTAKE_USD",
      "m" : "4611686018429686945"
    }, {
      "d" : "1756383533247653978",
      "t" : 1756383533247,
      "tn" : 1756383533247653978,
      "q" : "140",
      "p" : "0.035347",
      "s" : "buy",
      "i" : "PSTAKE_USD",
      "m" : "4611686018429686944"
    }, {
      "d" : "1756381246503304410",
      "t" : 1756381246503,
      "tn" : 1756381246503304410,
      "q" : "250",
      "p" : "0.033131",
      "s" : "sell",
      "i" : "PSTAKE_USD",
      "m" : "4611686018429686943"
    }, {
      "d" : "1756379248641240252",
      "t" : 1756379248641,
      "tn" : 1756379248641240252,
      "q" : "96",
      "p" : "0.032521",
      "s" : "sell",
      "i" : "PSTAKE_USD",
      "m" : "4611686018429686942"
    }, {
      "d" : "1756379248641238117",
      "t" : 1756379248641,
      "tn" : 1756379248641238117,
      "q" : "154",
      "p" : "0.033171",
      "s" : "sell",
      "i" : "PSTAKE_USD",
      "m" : "4611686018429686941"
    } ]
  }
}