{
  "id" : -1,
  "method" : "public/get-trades",
  "code" : 0,
  "result" : {
    "data" : [ {
      "d" : "1756462199306697611",
      "t" : 1756462199306,
      "tn" : 1756462199306697611,
      "q" : "400",
      "p" : "0.0033380",
      "s" : "sell",
      "i" : "PUMP_USD",
      "m" : "4611686018427523897"
    }, {
      "d" : "1756462180726239720",
      "t" : 1756462180726,
      "tn" : 1756462180726239720,
      "q" : "400",
      "p" : "0.0033370",
      "s" : "sell",
      "i" : "PUMP_USD",
      "m" : "4611686018427523896"
    }, {
      "d" : "1756462155102546266",
      "t" : 1756462155102,
      "tn" : 1756462155102546266,
      "q" : "400",
      "p" : "0.0033460",
      "s" : "sell",
      "i" : "PUMP_USD",
      "m" : "4611686018427523895"
    }, {
      "d" : "1756462155100951196",
      "t" : 1756462155100,
      "tn" : 1756462155100951196,
      "q" : "59800",
      "p" : "0.0033396",
      "s" : "sell",
      "i" : "PUMP_USD",
      "m" : "4611686018427523894"
    }, {
      "d" : "1756462155098977080",
      "t" : 1756462155098,
      "tn" : 1756462155098977080,
      "q" : "400",
      "p" : "0.0033460",
      "s" : "sell",
      "i" : "PUMP_USD",
      "m" : "4611686018427523893"
    }, {
      "d" : "1756462149490310138",
      "t" : 1756462149490,
      "tn" : 1756462149490310138,
      "q" : "400",
      "p" : "0.0033509",
      "s" : "sell",
      "i" : "PUMP_USD",
      "m" : "4611686018427523892"
    }, {
      "d" : "1756462013852205818",
      "t" : 1756462013852,
      "tn" : 1756462013852205818,
      "q" : "400",
      "p" : "0.0033495",
      "s" : "sell",
      "i" : "PUMP_USD",
      "m" : "4611686018427523891"
    }, {
      "d" : "1756462013787088876",
      "t" : 1756462013787,
      "tn" : 1756462013787088876,
      "q" : "400",
      "p" : "0.0033495",
      "s" : "sell",
      "i" : "PUMP_USD",
      "m" : "4611686018427523890"
    }, {
      "d" : "1756462013549623815",
      "t" : 1756462013549,
      "tn" : 1756462013549623815,
      "q" : "400",
      "p" : "0.0033540",
      "s" : "sell",
      "i" : "PUMP_USD",
      "m" : "4611686018427523889"
    }, {
      "d" : "1756461762046820668",
      "t" : 1756461762046,
      "tn" : 1756461762046820668,
      "q" : "400",
      "p" : "0.0033505",
      "s" : "sell",
      "i" : "PUMP_USD",
      "m" : "4611686018427523888"
    }, {
      "d" : "1756461759485157775",
      "t" : 1756461759485,
      "tn" : 1756461759485157775,
      "q" : "152100",
      "p" : "0.0033517",
      "s" : "buy",
      "i" : "PUMP_USD",
      "m" : "4611686018427523887"
    }, {
      "d" : "1756461759482009412",
      "t" : 1756461759482,
      "tn" : 1756461759482009412,
      "q" : "400",
      "p" : "0.0033485",
      "s" : "buy",
      "i" : "PUMP_USD",
      "m" : "4611686018427523886"
    }, {
      "d" : "1756461723538594064",
      "t" : 1756461723538,
      "tn" : 1756461723538594064,
      "q" : "400",
      "p" : "0.0033355",
      "s" : "buy",
      "i" : "PUMP_USD",
      "m" : "4611686018427523885"
    }, {
      "d" : "1756461722170209391",
      "t" : 1756461722170,
      "tn" : 1756461722170209391,
      "q" : "28900",
      "p" : "0.0033337",
      "s" : "buy",
      "i" : "PUMP_USD",
      "m" : "4611686018427523884"
    }, {
      "d" : "1756461600062369278",
      "t" : 1756461600062,
      "tn" : 1756461600062369278,
      "q" : "900",
      "p" : "0.0033285",
      "s" : "sell",
      "i" : "PUMP_USD",
      "m" : "4611686018427523883"
    }, {
      "d" : "1756461600062367014",
      "t" : 1756461600062,
      "tn" : 1756461600062367014,
      "q" : "400",
      "p" : "0.0033325",
      "s" : "sell",
      "i" : "PUMP_USD",
      "m" : "4611686018427523882"
    }, {
      "d" : "1756461437882969502",
      "t" : 1756461437882,
      "tn" : 1756461437882969502,
      "q" : "400",
      "p" : "0.0033330",
      "s" : "sell",
      "i" : "PUMP_USD",
      "m" : "4611686018427523881"
    }, {
      "d" : "1756461437715467183",
      "t" : 1756461437715,
      "tn" : 1756461437715467183,
      "q" : "400",
      "p" : "0.0033360",
      "s" : "sell",
      "i" : "PUMP_USD",
      "m" : "4611686018427523880"
    }, {
      "d" : "1756461374021482745",
      "t" : 1756461374021,
      "tn" : 1756461374021482745,
      "q" : "400",
      "p" : "0.0033350",
      "s" : "buy",
      "i" : "PUMP_USD",
      "m" : "4611686018427523879"
    }, {
      "d" : "1756461310635670515",
      "t" : 1756461310635,
      "tn" : 1756461310635670515,
      "q" : "400",
      "p" : "0.0033365",
      "s" : "sell",
      "i" : "PUMP_USD",
      "m" : "4611686018427523878"
    }, {
      "d" : "1756461310406589028",
      "t" : 1756461310406,
      "tn" : 1756461310406589028,
      "q" : "400",
      "p" : "0.0033410",
      "s" : "sell",
      "i" : "PUMP_USD",
      "m" : "4611686018427523877"
    }, {
      "d" : "1756461258296764473",
      "t" : 1756461258296,
      "tn" : 1756461258296764473,
      "q" : "88200",
      "p" : "0.0033300",
      "s" : "sell",
      "i" : "PUMP_USD",
      "m" : "4611686018427523876"
    }, {
      "d" : "1756461258296762299",
      "t" : 1756461258296,
      "tn" : 1756461258296762299,
      "q" : "400",
      "p" : "0.0033320",
      "s" : "sell",
      "i" : "PUMP_USD",
      "m" : "4611686018427523875"
    }, {
      "d" : "1756461182237202055",
      "t" : 1756461182237,
      "tn" : 1756461182237202055,
      "q" : "400",
      "p" : "0.0033365",
      "s" : "buy",
      "i" : "PUMP_USD",
      "m" : "4611686018427523874"
    }, {
      "d" : "1756461147098417959",
      "t" : 1756461147098,
      "tn" : 1756461147098417959,
      "q" : "400",
      "p" : "0.0033265",
      "s" : "buy",
      "i" : "PUMP_USD",
      "m" : "4611686018427523873"
    }, {
      "d" : "1756461059033520771",
      "t" : 1756461059033,
      "tn" : 1756461059033520771,
      "q" : "400",
      "p" : "0.0033273",
      "s" : "buy",
      "i" : "PUMP_USD",
      "m" : "4611686018427523872"
    }, {
      "d" : "1756461059033518595",
      "t" : 1756461059033,
      "tn" : 1756461059033518595,
      "q" : "124000",
      "p" : "0.0033272",
      "s" : "buy",
      "i" : "PUMP_USD",
      "m" : "4611686018427523871"
    }, {
      "d" : "1756461058134485185",
      "t" : 1756461058134,
      "tn" : 1756461058134485185,
      "q" : "400",
      "p" : "0.0033280",
      "s" : "sell",
      "i" : "PUMP_USD",
      "m" : "4611686018427523870"
    }, {
      "d" : "1756461056976828785",
      "t" : 1756461056976,
      "tn" : 1756461056976828785,
      "q" : "400",
      "p" : "0.0033295",
      "s" : "sell",
      "i" : "PUMP_USD",
      "m" : "4611686018427523869"
    }, {
      "d" : "1756461056816803281",
      "t" : 1756461056816,
      "tn" : 1756461056816803281,
      "q" : "400",
      "p" : "0.0033300",
      "s" : "sell",
      "i" : "PUMP_USD",
      "m" : "4611686018427523868"
    }, {
      "d" : "1756461054033754146",
      "t" : 1756461054033,
      "tn" : 1756461054033754146,
      "q" : "400",
      "p" : "0.0033360",
      "s" : "sell",
      "i" : "PUMP_USD",
      "m" : "4611686018427523867"
    }, {
      "d" : "1756461054022418893",
      "t" : 1756461054022,
      "tn" : 1756461054022418893,
      "q" : "400",
      "p" : "0.0033365",
      "s" : "sell",
      "i" : "PUMP_USD",
      "m" : "4611686018427523866"
    }, {
      "d" : "1756461048978673000",
      "t" : 1756461048978,
      "tn" : 1756461048978673000,
      "q" : "400",
      "p" : "0.0033350",
      "s" : "sell",
      "i" : "PUMP_USD",
      "m" : "4611686018427523865"
    }, {
      "d" : "1756461047195798940",
      "t" : 1756461047195,
      "tn" : 1756461047195798940,
      "q" : "400",
      "p" : "0.0033370",
      "s" : "sell",
      "i" : "PUMP_USD",
      "m" : "4611686018427523864"
    }, {
      "d" : "1756460995155596635",
      "t" : 1756460995155,
      "tn" : 1756460995155596635,
      "q" : "400",
      "p" : "0.0033415",
      "s" : "buy",
      "i" : "PUMP_USD",
      "m" : "4611686018427523863"
    }, {
      "d" : "1756460927422055002",
      "t" : 1756460927422,
      "tn" : 1756460927422055002,
      "q" : "400",
      "p" : "0.0033435",
      "s" : "sell",
      "i" : "PUMP_USD",
      "m" : "4611686018427523862"
    }, {
      "d" : "1756460886063405562",
      "t" : 1756460886063,
      "tn" : 1756460886063405562,
      "q" : "66400",
      "p" : "0.0033393",
      "s" : "sell",
      "i" : "PUMP_USD",
      "m" : "4611686018427523861"
    }, {
      "d" : "1756460886063404355",
      "t" : 1756460886063,
      "tn" : 1756460886063404355,
      "q" : "400",
      "p" : "0.0033435",
      "s" : "sell",
      "i" : "PUMP_USD",
      "m" : "4611686018427523860"
    }, {
      "d" : "1756460882109402939",
      "t" : 1756460882109,
      "tn" : 1756460882109402939,
      "q" : "400",
      "p" : "0.0033465",
      "s" : "sell",
      "i" : "PUMP_USD",
      "m" : "4611686018427523859"
    }, {
      "d" : "1756460882104616032",
      "t" : 1756460882104,
      "tn" : 1756460882104616032,
      "q" : "400",
      "p" : "0.0033465",
      "s" : "sell",
      "i" : "PUMP_USD",
      "m" : "4611686018427523858"
    }, {
      "d" : "1756460876426829852",
      "t" : 1756460876426,
      "tn" : 1756460876426829852,
      "q" : "400",
      "p" : "0.0033490",
      "s" : "sell",
      "i" : "PUMP_USD",
      "m" : "4611686018427523857"
    }, {
      "d" : "1756460870769101180",
      "t" : 1756460870769,
      "tn" : 1756460870769101180,
      "q" : "121500",
      "p" : "0.0033504",
      "s" : "sell",
      "i" : "PUMP_USD",
      "m" : "4611686018427523856"
    }, {
      "d" : "1756460870767060637",
      "t" : 1756460870767,
      "tn" : 1756460870767060637,
      "q" : "400",
      "p" : "0.0033540",
      "s" : "sell",
      "i" : "PUMP_USD",
      "m" : "4611686018427523855"
    }, {
      "d" : "1756460859593392619",
      "t" : 1756460859593,
      "tn" : 1756460859593392619,
      "q" : "400",
      "p" : "0.0033600",
      "s" : "sell",
      "i" : "PUMP_USD",
      "m" : "4611686018427523854"
    }, {
      "d" : "1756460857455751220",
      "t" : 1756460857455,
      "tn" : 1756460857455751220,
      "q" : "400",
      "p" : "0.0033611",
      "s" : "buy",
      "i" : "PUMP_USD",
      "m" : "4611686018427523853"
    }, {
      "d" : "1756460808332295828",
      "t" : 1756460808332,
      "tn" : 1756460808332295828,
      "q" : "400",
      "p" : "0.0033520",
      "s" : "buy",
      "i" : "PUMP_USD",
      "m" : "4611686018427523852"
    }, {
      "d" : "1756460793857663884",
      "t" : 1756460793857,
      "tn" : 1756460793857663884,
      "q" : "400",
      "p" : "0.0033530",
      "s" : "buy",
      "i" : "PUMP_USD",
      "m" : "4611686018427523851"
    }, {
      "d" : "1756460699356280235",
      "t" : 1756460699356,
      "tn" : 1756460699356280235,
      "q" : "400",
      "p" : "0.0033345",
      "s" : "buy",
      "i" : "PUMP_USD",
      "m" : "4611686018427523850"
    }, {
      "d" : "1756460673030411073",
      "t" : 1756460673030,
      "tn" : 1756460673030411073,
      "q" : "400",
      "p" : "0.0033385",
      "s" : "buy",
      "i" : "PUMP_USD",
      "m" : "4611686018427523849"
    }, {
      "d" : "1756460668961892591",
      "t" : 1756460668961,
      "tn" : 1756460668961892591,
      "q" : "400",
      "p" : "0.0033410",
      "s" : "sell",
      "i" : "PUMP_USD",
      "m" : "4611686018427523848"
    }, {
      "d" : "1756460598112107966",
      "t" : 1756460598112,
      "tn" : 1756460598112107966,
      "q" : "400",
      "p" : "0.0033435",
      "s" : "sell",
      "i" : "PUMP_USD",
      "m" : "4611686018427523847"
    }, {
      "d" : "1756460596686849994",
      "t" : 1756460596686,
      "tn" : 1756460596686849994,
      "q" : "400",
      "p" : "0.0033435",
      "s" : "sell",
      "i" : "PUMP_USD",
      "m" : "4611686018427523846"
    }, {
      "d" : "1756460565196141603",
      "t" : 1756460565196,
      "tn" : 1756460565196141603,
      "q" : "400",
      "p" : "0.0033430",
      "s" : "sell",
      "i" : "PUMP_USD",
      "m" : "4611686018427523845"
    }, {
      "d" : "1756460555980223106",
      "t" : 1756460555980,
      "tn" : 1756460555980223106,
      "q" : "400",
      "p" : "0.0033410",
      "s" : "buy",
      "i" : "PUMP_USD",
      "m" : "4611686018427523844"
    }, {
      "d" : "1756460483731746478",
      "t" : 1756460483731,
      "tn" : 1756460483731746478,
      "q" : "400",
      "p" : "0.0033425",
      "s" : "sell",
      "i" : "PUMP_USD",
      "m" : "4611686018427523843"
    }, {
      "d" : "1756460473354533826",
      "t" : 1756460473354,
      "tn" : 1756460473354533826,
      "q" : "400",
      "p" : "0.0033460",
      "s" : "sell",
      "i" : "PUMP_USD",
      "m" : "4611686018427523842"
    }, {
      "d" : "1756460449837412973",
      "t" : 1756460449837,
      "tn" : 1756460449837412973,
      "q" : "7500",
      "p" : "0.0033416",
      "s" : "buy",
      "i" : "PUMP_USD",
      "m" : "4611686018427523841"
    }, {
      "d" : "1756460449811310136",
      "t" : 1756460449811,
      "tn" : 1756460449811310136,
      "q" : "400",
      "p" : "0.0033380",
      "s" : "buy",
      "i" : "PUMP_USD",
      "m" : "4611686018427523840"
    }, {
      "d" : "1756460446803227465",
      "t" : 1756460446803,
      "tn" : 1756460446803227465,
      "q" : "7500",
      "p" : "0.0033369",
      "s" : "buy",
      "i" : "PUMP_USD",
      "m" : "4611686018427523839"
    }, {
      "d" : "1756460446614915944",
      "t" : 1756460446614,
      "tn" : 1756460446614915944,
      "q" : "400",
      "p" : "0.0033325",
      "s" : "buy",
      "i" : "PUMP_USD",
      "m" : "4611686018427523838"
    }, {
      "d" : "1756460446612837274",
      "t" : 1756460446612,
      "tn" : 1756460446612837274,
      "q" : "400",
      "p" : "0.0033325",
      "s" : "buy",
      "i" : "PUMP_USD",
      "m" : "4611686018427523837"
    }, {
      "d" : "1756460385632532326",
      "t" : 1756460385632,
      "tn" : 1756460385632532326,
      "q" : "400",
      "p" : "0.0033335",
      "s" : "sell",
      "i" : "PUMP_USD",
      "m" : "4611686018427523836"
    }, {
      "d" : "1756460379091425770",
      "t" : 1756460379091,
      "tn" : 1756460379091425770,
      "q" : "400",
      "p" : "0.0033325",
      "s" : "buy",
      "i" : "PUMP_USD",
      "m" : "4611686018427523835"
    }, {
      "d" : "1756460379088347252",
      "t" : 1756460379088,
      "tn" : 1756460379088347252,
      "q" : "400",
      "p" : "0.0033325",
      "s" : "buy",
      "i" : "PUMP_USD",
      "m" : "4611686018427523834"
    }, {
      "d" : "1756460376799906218",
      "t" : 1756460376799,
      "tn" : 1756460376799906218,
      "q" : "7500",
      "p" : "0.0033275",
      "s" : "buy",
      "i" : "PUMP_USD",
      "m" : "4611686018427523833"
    }, {
      "d" : "1756460376791104251",
      "t" : 1756460376791,
      "tn" : 1756460376791104251,
      "q" : "29900",
      "p" : "0.0033270",
      "s" : "buy",
      "i" : "PUMP_USD",
      "m" : "4611686018427523832"
    }, {
      "d" : "1756460376788789625",
      "t" : 1756460376788,
      "tn" : 1756460376788789625,
      "q" : "400",
      "p" : "0.0033235",
      "s" : "buy",
      "i" : "PUMP_USD",
      "m" : "4611686018427523831"
    }, {
      "d" : "1756460360575544478",
      "t" : 1756460360575,
      "tn" : 1756460360575544478,
      "q" : "400",
      "p" : "0.0033230",
      "s" : "sell",
      "i" : "PUMP_USD",
      "m" : "4611686018427523830"
    }, {
      "d" : "1756460271010138038",
      "t" : 1756460271010,
      "tn" : 1756460271010138038,
      "q" : "400",
      "p" : "0.0033210",
      "s" : "buy",
      "i" : "PUMP_USD",
      "m" : "4611686018427523829"
    }, {
      "d" : "1756460224112446017",
      "t" : 1756460224112,
      "tn" : 1756460224112446017,
      "q" : "400",
      "p" : "0.0033185",
      "s" : "buy",
      "i" : "PUMP_USD",
      "m" : "4611686018427523828"
    }, {
      "d" : "1756460212604298627",
      "t" : 1756460212604,
      "tn" : 1756460212604298627,
      "q" : "400",
      "p" : "0.0033130",
      "s" : "buy",
      "i" : "PUMP_USD",
      "m" : "4611686018427523827"
    }, {
      "d" : "1756460193373684402",
      "t" : 1756460193373,
      "tn" : 1756460193373684402,
      "q" : "400",
      "p" : "0.0033160",
      "s" : "sell",
      "i" : "PUMP_USD",
      "m" : "4611686018427523826"
    }, {
      "d" : "1756460121720149906",
      "t" : 1756460121720,
      "tn" : 1756460121720149906,
      "q" : "15100",
      "p" : "0.0033030",
      "s" : "sell",
      "i" : "PUMP_USD",
      "m" : "4611686018427523825"
    }, {
      "d" : "1756460121720035551",
      "t" : 1756460121720,
      "tn" : 1756460121720035551,
      "q" : "30100",
      "p" : "0.0033030",
      "s" : "sell",
      "i" : "PUMP_USD",
      "m" : "4611686018427523824"
    }, {
      "d" : "1756460121717388403",
      "t" : 1756460121717,
      "tn" : 1756460121717388403,
      "q" : "400",
      "p" : "0.0033105",
      "s" : "sell",
      "i" : "PUMP_USD",
      "m" : "4611686018427523823"
    }, {
      "d" : "1756460121715264043",
      "t" : 1756460121715,
      "tn" : 1756460121715264043,
      "q" : "400",
      "p" : "0.0033105",
      "s" : "sell",
      "i" : "PUMP_USD",
      "m" : "4611686018427523822"
    }, {
      "d" : "1756459895617037875",
      "t" : 1756459895617,
      "tn" : 1756459895617037875,
      "q" : "400",
      "p" : "0.0033025",
      "s" : "sell",
      "i" : "PUMP_USD",
      "m" : "4611686018427523821"
    }, {
      "d" : "1756459895470824501",
      "t" : 1756459895470,
      "tn" : 1756459895470824501,
      "q" : "29800",
      "p" : "0.0033026",
      "s" : "sell",
      "i" : "PUMP_USD",
      "m" : "4611686018427523820"
    }, {
      "d" : "1756459895470823034",
      "t" : 1756459895470,
      "tn" : 1756459895470823034,
      "q" : "400",
      "p" : "0.0033065",
      "s" : "sell",
      "i" : "PUMP_USD",
      "m" : "4611686018427523819"
    }, {
      "d" : "1756459895466405940",
      "t" : 1756459895466,
      "tn" : 1756459895466405940,
      "q" : "400",
      "p" : "0.0033065",
      "s" : "sell",
      "i" : "PUMP_USD",
      "m" : "4611686018427523818"
    }, {
      "d" : "1756459805401645205",
      "t" : 1756459805401,
      "tn" : 1756459805401645205,
      "q" : "400",
      "p" : "0.0033035",
      "s" : "sell",
      "i" : "PUMP_USD",
      "m" : "4611686018427523817"
    }, {
      "d" : "1756459800530003523",
      "t" : 1756459800530,
      "tn" : 1756459800530003523,
      "q" : "400",
      "p" : "0.0033015",
      "s" : "sell",
      "i" : "PUMP_USD",
      "m" : "4611686018427523816"
    }, {
      "d" : "1756459800459926870",
      "t" : 1756459800459,
      "tn" : 1756459800459926870,
      "q" : "400",
      "p" : "0.0033015",
      "s" : "sell",
      "i" : "PUMP_USD",
      "m" : "4611686018427523815"
    }, {
      "d" : "1756459800446471849",
      "t" : 1756459800446,
      "tn" : 1756459800446471849,
      "q" : "400",
      "p" : "0.0033020",
      "s" : "sell",
      "i" : "PUMP_USD",
      "m" : "4611686018427523814"
    }, {
      "d" : "1756459624114805373",
      "t" : 1756459624114,
      "tn" : 1756459624114805373,
      "q" : "400",
      "p" : "0.0032925",
      "s" : "buy",
      "i" : "PUMP_USD",
      "m" : "4611686018427523813"
    }, {
      "d" : "1756459612841418142",
      "t" : 1756459612841,
      "tn" : 1756459612841418142,
      "q" : "1100",
      "p" : "0.0032964",
      "s" : "buy",
      "i" : "PUMP_USD",
      "m" : "4611686018427523812"
    }, {
      "d" : "1756459612841415954",
      "t" : 1756459612841,
      "tn" : 1756459612841415954,
      "q" : "400",
      "p" : "0.0032940",
      "s" : "buy",
      "i" : "PUMP_USD",
      "m" : "4611686018427523811"
    }, {
      "d" : "1756459501538714409",
      "t" : 1756459501538,
      "tn" : 1756459501538714409,
      "q" : "400",
      "p" : "0.0033085",
      "s" : "sell",
      "i" : "PUMP_USD",
      "m" : "4611686018427523810"
    }, {
      "d" : "1756459439940131397",
      "t" : 1756459439940,
      "tn" : 1756459439940131397,
      "q" : "400",
      "p" : "0.0033025",
      "s" : "sell",
      "i" : "PUMP_USD",
      "m" : "4611686018427523809"
    }, {
      "d" : "1756459434792918395",
      "t" : 1756459434792,
      "tn" : 1756459434792918395,
      "q" : "400",
      "p" : "0.0033025",
      "s" : "sell",
      "i" : "PUMP_USD",
      "m" : "4611686018427523808"
    }, {
      "d" : "1756459380109047555",
      "t" : 1756459380109,
      "tn" : 1756459380109047555,
      "q" : "400",
      "p" : "0.0033181",
      "s" : "buy",
      "i" : "PUMP_USD",
      "m" : "4611686018427523807"
    }, {
      "d" : "1756459288041345884",
      "t" : 1756459288041,
      "tn" : 1756459288041345884,
      "q" : "400",
      "p" : "0.0033115",
      "s" : "sell",
      "i" : "PUMP_USD",
      "m" : "4611686018427523806"
    }, {
      "d" : "1756459187653899879",
      "t" : 1756459187653,
      "tn" : 1756459187653899879,
      "q" : "400",
      "p" : "0.0033030",
      "s" : "sell",
      "i" : "PUMP_USD",
      "m" : "4611686018427523805"
    }, {
      "d" : "1756459143642752480",
      "t" : 1756459143642,
      "tn" : 1756459143642752480,
      "q" : "400",
      "p" : "0.0032990",
      "s" : "sell",
      "i" : "PUMP_USD",
      "m" : "4611686018427523804"
    }, {
      "d" : "1756458991096509677",
      "t" : 1756458991096,
      "tn" : 1756458991096509677,
      "q" : "400",
      "p" : "0.0032840",
      "s" : "buy",
      "i" : "PUMP_USD",
      "m" : "4611686018427523803"
    }, {
      "d" : "1756458967438188989",
      "t" : 1756458967438,
      "tn" : 1756458967438188989,
      "q" : "400",
      "p" : "0.0032870",
      "s" : "sell",
      "i" : "PUMP_USD",
      "m" : "4611686018427523802"
    }, {
      "d" : "1756458806259143773",
      "t" : 1756458806259,
      "tn" : 1756458806259143773,
      "q" : "400",
      "p" : "0.0032765",
      "s" : "sell",
      "i" : "PUMP_USD",
      "m" : "4611686018427523801"
    }, {
      "d" : "1756458782158117607",
      "t" : 1756458782158,
      "tn" : 1756458782158117607,
      "q" : "400",
      "p" : "0.0032870",
      "s" : "sell",
      "i" : "PUMP_USD",
      "m" : "4611686018427523800"
    }, {
      "d" : "1756458782066722692",
      "t" : 1756458782066,
      "tn" : 1756458782066722692,
      "q" : "400",
      "p" : "0.0032870",
      "s" : "sell",
      "i" : "PUMP_USD",
      "m" : "4611686018427523799"
    }, {
      "d" : "1756458782041825544",
      "t" : 1756458782041,
      "tn" : 1756458782041825544,
      "q" : "400",
      "p" : "0.0032870",
      "s" : "sell",
      "i" : "PUMP_USD",
      "m" : "4611686018427523798"
    }, {
      "d" : "1756458781214177873",
      "t" : 1756458781214,
      "tn" : 1756458781214177873,
      "q" : "400",
      "p" : "0.0032865",
      "s" : "sell",
      "i" : "PUMP_USD",
      "m" : "4611686018427523797"
    }, {
      "d" : "1756458781187006772",
      "t" : 1756458781187,
      "tn" : 1756458781187006772,
      "q" : "400",
      "p" : "0.0032869",
      "s" : "sell",
      "i" : "PUMP_USD",
      "m" : "4611686018427523796"
    }, {
      "d" : "1756458759935102315",
      "t" : 1756458759935,
      "tn" : 1756458759935102315,
      "q" : "400",
      "p" : "0.0032865",
      "s" : "sell",
      "i" : "PUMP_USD",
      "m" : "4611686018427523795"
    }, {
      "d" : "1756458759863360435",
      "t" : 1756458759863,
      "tn" : 1756458759863360435,
      "q" : "400",
      "p" : "0.0032870",
      "s" : "sell",
      "i" : "PUMP_USD",
      "m" : "4611686018427523794"
    }, {
      "d" : "1756458752166885634",
      "t" : 1756458752166,
      "tn" : 1756458752166885634,
      "q" : "400",
      "p" : "0.0032865",
      "s" : "sell",
      "i" : "PUMP_USD",
      "m" : "4611686018427523793"
    }, {
      "d" : "1756458752147430096",
      "t" : 1756458752147,
      "tn" : 1756458752147430096,
      "q" : "400",
      "p" : "0.0032870",
      "s" : "sell",
      "i" : "PUMP_USD",
      "m" : "4611686018427523792"
    }, {
      "d" : "1756458752025780143",
      "t" : 1756458752025,
      "tn" : 1756458752025780143,
      "q" : "400",
      "p" : "0.0032870",
      "s" : "sell",
      "i" : "PUMP_USD",
      "m" : "4611686018427523791"
    }, {
      "d" : "1756458706108505119",
      "t" : 1756458706108,
      "tn" : 1756458706108505119,
      "q" : "400",
      "p" : "0.0032825",
      "s" : "buy",
      "i" : "PUMP_USD",
      "m" : "4611686018427523790"
    }, {
      "d" : "1756458645333228165",
      "t" : 1756458645333,
      "tn" : 1756458645333228165,
      "q" : "400",
      "p" : "0.0032685",
      "s" : "sell",
      "i" : "PUMP_USD",
      "m" : "4611686018427523789"
    }, {
      "d" : "1756458645262968641",
      "t" : 1756458645262,
      "tn" : 1756458645262968641,
      "q" : "400",
      "p" : "0.0032685",
      "s" : "sell",
      "i" : "PUMP_USD",
      "m" : "4611686018427523788"
    }, {
      "d" : "1756458645009890823",
      "t" : 1756458645009,
      "tn" : 1756458645009890823,
      "q" : "400",
      "p" : "0.0032710",
      "s" : "sell",
      "i" : "PUMP_USD",
      "m" : "4611686018427523787"
    }, {
      "d" : "1756458627155350039",
      "t" : 1756458627155,
      "tn" : 1756458627155350039,
      "q" : "400",
      "p" : "0.0032740",
      "s" : "sell",
      "i" : "PUMP_USD",
      "m" : "4611686018427523786"
    }, {
      "d" : "1756458607975383952",
      "t" : 1756458607975,
      "tn" : 1756458607975383952,
      "q" : "400",
      "p" : "0.0032730",
      "s" : "sell",
      "i" : "PUMP_USD",
      "m" : "4611686018427523785"
    }, {
      "d" : "1756458590433918763",
      "t" : 1756458590433,
      "tn" : 1756458590433918763,
      "q" : "400",
      "p" : "0.0032760",
      "s" : "sell",
      "i" : "PUMP_USD",
      "m" : "4611686018427523784"
    }, {
      "d" : "1756458590426748157",
      "t" : 1756458590426,
      "tn" : 1756458590426748157,
      "q" : "400",
      "p" : "0.0032760",
      "s" : "sell",
      "i" : "PUMP_USD",
      "m" : "4611686018427523783"
    }, {
      "d" : "1756458547341239634",
      "t" : 1756458547341,
      "tn" : 1756458547341239634,
      "q" : "400",
      "p" : "0.0032780",
      "s" : "sell",
      "i" : "PUMP_USD",
      "m" : "4611686018427523782"
    }, {
      "d" : "1756458532224058708",
      "t" : 1756458532224,
      "tn" : 1756458532224058708,
      "q" : "400",
      "p" : "0.0032750",
      "s" : "sell",
      "i" : "PUMP_USD",
      "m" : "4611686018427523781"
    }, {
      "d" : "1756458376322250722",
      "t" : 1756458376322,
      "tn" : 1756458376322250722,
      "q" : "400",
      "p" : "0.0032685",
      "s" : "sell",
      "i" : "PUMP_USD",
      "m" : "4611686018427523780"
    }, {
      "d" : "1756458345659600433",
      "t" : 1756458345659,
      "tn" : 1756458345659600433,
      "q" : "400",
      "p" : "0.0032705",
      "s" : "sell",
      "i" : "PUMP_USD",
      "m" : "4611686018427523779"
    }, {
      "d" : "1756458345194573763",
      "t" : 1756458345194,
      "tn" : 1756458345194573763,
      "q" : "400",
      "p" : "0.0032695",
      "s" : "sell",
      "i" : "PUMP_USD",
      "m" : "4611686018427523778"
    }, {
      "d" : "1756458344973886679",
      "t" : 1756458344973,
      "tn" : 1756458344973886679,
      "q" : "400",
      "p" : "0.0032695",
      "s" : "sell",
      "i" : "PUMP_USD",
      "m" : "4611686018427523777"
    }, {
      "d" : "1756458305595859307",
      "t" : 1756458305595,
      "tn" : 1756458305595859307,
      "q" : "400",
      "p" : "0.0032730",
      "s" : "sell",
      "i" : "PUMP_USD",
      "m" : "4611686018427523776"
    }, {
      "d" : "1756458292397928065",
      "t" : 1756458292397,
      "tn" : 1756458292397928065,
      "q" : "400",
      "p" : "0.0032710",
      "s" : "sell",
      "i" : "PUMP_USD",
      "m" : "4611686018427523775"
    }, {
      "d" : "1756458236256465538",
      "t" : 1756458236256,
      "tn" : 1756458236256465538,
      "q" : "400",
      "p" : "0.0032630",
      "s" : "sell",
      "i" : "PUMP_USD",
      "m" : "4611686018427523774"
    }, {
      "d" : "1756458194885189163",
      "t" : 1756458194885,
      "tn" : 1756458194885189163,
      "q" : "400",
      "p" : "0.0032550",
      "s" : "sell",
      "i" : "PUMP_USD",
      "m" : "4611686018427523773"
    }, {
      "d" : "1756458190094547976",
      "t" : 1756458190094,
      "tn" : 1756458190094547976,
      "q" : "400",
      "p" : "0.0032530",
      "s" : "sell",
      "i" : "PUMP_USD",
      "m" : "4611686018427523772"
    }, {
      "d" : "1756458183868364307",
      "t" : 1756458183868,
      "tn" : 1756458183868364307,
      "q" : "400",
      "p" : "0.0032484",
      "s" : "sell",
      "i" : "PUMP_USD",
      "m" : "4611686018427523771"
    }, {
      "d" : "1756458183780875711",
      "t" : 1756458183780,
      "tn" : 1756458183780875711,
      "q" : "400",
      "p" : "0.0032490",
      "s" : "sell",
      "i" : "PUMP_USD",
      "m" : "4611686018427523770"
    }, {
      "d" : "1756458183769103476",
      "t" : 1756458183769,
      "tn" : 1756458183769103476,
      "q" : "400",
      "p" : "0.0032505",
      "s" : "sell",
      "i" : "PUMP_USD",
      "m" : "4611686018427523769"
    }, {
      "d" : "1756458177896696663",
      "t" : 1756458177896,
      "tn" : 1756458177896696663,
      "q" : "400",
      "p" : "0.0032545",
      "s" : "sell",
      "i" : "PUMP_USD",
      "m" : "4611686018427523768"
    }, {
      "d" : "1756458150144030344",
      "t" : 1756458150144,
      "tn" : 1756458150144030344,
      "q" : "400",
      "p" : "0.0032620",
      "s" : "sell",
      "i" : "PUMP_USD",
      "m" : "4611686018427523767"
    }, {
      "d" : "1756458140971197847",
      "t" : 1756458140971,
      "tn" : 1756458140971197847,
      "q" : "400",
      "p" : "0.0032700",
      "s" : "sell",
      "i" : "PUMP_USD",
      "m" : "4611686018427523766"
    }, {
      "d" : "1756458140656059942",
      "t" : 1756458140656,
      "tn" : 1756458140656059942,
      "q" : "400",
      "p" : "0.0032725",
      "s" : "sell",
      "i" : "PUMP_USD",
      "m" : "4611686018427523765"
    }, {
      "d" : "1756458140641870818",
      "t" : 1756458140641,
      "tn" : 1756458140641870818,
      "q" : "240300",
      "p" : "0.0032720",
      "s" : "sell",
      "i" : "PUMP_USD",
      "m" : "4611686018427523764"
    }, {
      "d" : "1756458140593336638",
      "t" : 1756458140593,
      "tn" : 1756458140593336638,
      "q" : "63600",
      "p" : "0.0032720",
      "s" : "sell",
      "i" : "PUMP_USD",
      "m" : "4611686018427523763"
    }, {
      "d" : "1756458140592706690",
      "t" : 1756458140592,
      "tn" : 1756458140592706690,
      "q" : "400",
      "p" : "0.0032745",
      "s" : "sell",
      "i" : "PUMP_USD",
      "m" : "4611686018427523762"
    }, {
      "d" : "1756458139967531633",
      "t" : 1756458139967,
      "tn" : 1756458139967531633,
      "q" : "400",
      "p" : "0.0032750",
      "s" : "sell",
      "i" : "PUMP_USD",
      "m" : "4611686018427523761"
    }, {
      "d" : "1756458135931734107",
      "t" : 1756458135931,
      "tn" : 1756458135931734107,
      "q" : "400",
      "p" : "0.0032765",
      "s" : "sell",
      "i" : "PUMP_USD",
      "m" : "4611686018427523760"
    }, {
      "d" : "1756458064905860050",
      "t" : 1756458064905,
      "tn" : 1756458064905860050,
      "q" : "33900",
      "p" : "0.0032779",
      "s" : "sell",
      "i" : "PUMP_USD",
      "m" : "4611686018427523759"
    }, {
      "d" : "1756458064905858152",
      "t" : 1756458064905,
      "tn" : 1756458064905858152,
      "q" : "400",
      "p" : "0.0032800",
      "s" : "sell",
      "i" : "PUMP_USD",
      "m" : "4611686018427523758"
    }, {
      "d" : "1756458000061578823",
      "t" : 1756458000061,
      "tn" : 1756458000061578823,
      "q" : "900",
      "p" : "0.0032875",
      "s" : "sell",
      "i" : "PUMP_USD",
      "m" : "4611686018427523757"
    }, {
      "d" : "1756458000061576924",
      "t" : 1756458000061,
      "tn" : 1756458000061576924,
      "q" : "400",
      "p" : "0.0032900",
      "s" : "sell",
      "i" : "PUMP_USD",
      "m" : "4611686018427523756"
    }, {
      "d" : "1756457697698702701",
      "t" : 1756457697698,
      "tn" : 1756457697698702701,
      "q" : "400",
      "p" : "0.0032830",
      "s" : "sell",
      "i" : "PUMP_USD",
      "m" : "4611686018427523755"
    }, {
      "d" : "1756457634755052403",
      "t" : 1756457634755,
      "tn" : 1756457634755052403,
      "q" : "35400",
      "p" : "0.0032788",
      "s" : "buy",
      "i" : "PUMP_USD",
      "m" : "4611686018427523754"
    }, {
      "d" : "1756457634755050409",
      "t" : 1756457634755,
      "tn" : 1756457634755050409,
      "q" : "400",
      "p" : "0.0032770",
      "s" : "buy",
      "i" : "PUMP_USD",
      "m" : "4611686018427523753"
    }, {
      "d" : "1756457593049910668",
      "t" : 1756457593049,
      "tn" : 1756457593049910668,
      "q" : "400",
      "p" : "0.0032715",
      "s" : "sell",
      "i" : "PUMP_USD",
      "m" : "4611686018427523752"
    }, {
      "d" : "1756457113373687623",
      "t" : 1756457113373,
      "tn" : 1756457113373687623,
      "q" : "400",
      "p" : "0.0032990",
      "s" : "buy",
      "i" : "PUMP_USD",
      "m" : "4611686018427523751"
    }, {
      "d" : "1756457023946790923",
      "t" : 1756457023946,
      "tn" : 1756457023946790923,
      "q" : "400",
      "p" : "0.0032965",
      "s" : "buy",
      "i" : "PUMP_USD",
      "m" : "4611686018427523750"
    }, {
      "d" : "1756457023941839110",
      "t" : 1756457023941,
      "tn" : 1756457023941839110,
      "q" : "400",
      "p" : "0.0032965",
      "s" : "buy",
      "i" : "PUMP_USD",
      "m" : "4611686018427523749"
    }, {
      "d" : "1756456614834736241",
      "t" : 1756456614834,
      "tn" : 1756456614834736241,
      "q" : "400",
      "p" : "0.0032925",
      "s" : "buy",
      "i" : "PUMP_USD",
      "m" : "4611686018427523748"
    } ]
  }
}