{
  "id" : -1,
  "method" : "public/get-trades",
  "code" : 0,
  "result" : {
    "data" : [ {
      "d" : "1756462155101414521",
      "t" : 1756462155101,
      "tn" : 1756462155101414521,
      "q" : "14000",
      "p" : "0.0033411",
      "s" : "sell",
      "i" : "PUMPUSD-PERP",
      "m" : "4611686018427631979"
    }, {
      "d" : "1756462155101322059",
      "t" : 1756462155101,
      "tn" : 1756462155101322059,
      "q" : "14000",
      "p" : "0.0033418",
      "s" : "sell",
      "i" : "PUMPUSD-PERP",
      "m" : "4611686018427631978"
    }, {
      "d" : "1756462155099228949",
      "t" : 1756462155099,
      "tn" : 1756462155099228949,
      "q" : "1000",
      "p" : "0.0033447",
      "s" : "sell",
      "i" : "PUMPUSD-PERP",
      "m" : "4611686018427631977"
    }, {
      "d" : "1756462155099226549",
      "t" : 1756462155099,
      "tn" : 1756462155099226549,
      "q" : "1000",
      "p" : "0.0033449",
      "s" : "sell",
      "i" : "PUMPUSD-PERP",
      "m" : "4611686018427631976"
    }, {
      "d" : "1756462149492159207",
      "t" : 1756462149492,
      "tn" : 1756462149492159207,
      "q" : "1000",
      "p" : "0.0033501",
      "s" : "sell",
      "i" : "PUMPUSD-PERP",
      "m" : "4611686018427631975"
    }, {
      "d" : "1756462149490305675",
      "t" : 1756462149490,
      "tn" : 1756462149490305675,
      "q" : "1000",
      "p" : "0.0033509",
      "s" : "sell",
      "i" : "PUMPUSD-PERP",
      "m" : "4611686018427631974"
    }, {
      "d" : "1756462013552689631",
      "t" : 1756462013552,
      "tn" : 1756462013552689631,
      "q" : "1000",
      "p" : "0.0033531",
      "s" : "sell",
      "i" : "PUMPUSD-PERP",
      "m" : "4611686018427631973"
    }, {
      "d" : "1756462013548659201",
      "t" : 1756462013548,
      "tn" : 1756462013548659201,
      "q" : "1000",
      "p" : "0.0033549",
      "s" : "sell",
      "i" : "PUMPUSD-PERP",
      "m" : "4611686018427631972"
    }, {
      "d" : "1756462003813985061",
      "t" : 1756462003813,
      "tn" : 1756462003813985061,
      "q" : "3000",
      "p" : "0.0033549",
      "s" : "buy",
      "i" : "PUMPUSD-PERP",
      "m" : "4611686018427631971"
    }, {
      "d" : "1756462003812513022",
      "t" : 1756462003812,
      "tn" : 1756462003812513022,
      "q" : "318000",
      "p" : "0.0033549",
      "s" : "buy",
      "i" : "PUMPUSD-PERP",
      "m" : "4611686018427631970"
    }, {
      "d" : "1756462003811782747",
      "t" : 1756462003811,
      "tn" : 1756462003811782747,
      "q" : "111000",
      "p" : "0.0033549",
      "s" : "buy",
      "i" : "PUMPUSD-PERP",
      "m" : "4611686018427631969"
    }, {
      "d" : "1756461970208698089",
      "t" : 1756461970208,
      "tn" : 1756461970208698089,
      "q" : "4000",
      "p" : "0.0033500",
      "s" : "buy",
      "i" : "PUMPUSD-PERP",
      "m" : "4611686018427631968"
    }, {
      "d" : "1756461970208697279",
      "t" : 1756461970208,
      "tn" : 1756461970208697279,
      "q" : "1000",
      "p" : "0.0033490",
      "s" : "buy",
      "i" : "PUMPUSD-PERP",
      "m" : "4611686018427631967"
    }, {
      "d" : "1756461970208693129",
      "t" : 1756461970208,
      "tn" : 1756461970208693129,
      "q" : "1000",
      "p" : "0.0033480",
      "s" : "buy",
      "i" : "PUMPUSD-PERP",
      "m" : "4611686018427631966"
    }, {
      "d" : "1756461949780094714",
      "t" : 1756461949780,
      "tn" : 1756461949780094714,
      "q" : "1000",
      "p" : "0.0033480",
      "s" : "buy",
      "i" : "PUMPUSD-PERP",
      "m" : "4611686018427631965"
    }, {
      "d" : "1756461914991111803",
      "t" : 1756461914991,
      "tn" : 1756461914991111803,
      "q" : "9000",
      "p" : "0.0033456",
      "s" : "buy",
      "i" : "PUMPUSD-PERP",
      "m" : "4611686018427631964"
    }, {
      "d" : "1756461914991109394",
      "t" : 1756461914991,
      "tn" : 1756461914991109394,
      "q" : "1000",
      "p" : "0.0033450",
      "s" : "buy",
      "i" : "PUMPUSD-PERP",
      "m" : "4611686018427631963"
    }, {
      "d" : "1756461799570109842",
      "t" : 1756461799570,
      "tn" : 1756461799570109842,
      "q" : "1000",
      "p" : "0.0033537",
      "s" : "buy",
      "i" : "PUMPUSD-PERP",
      "m" : "4611686018427631962"
    }, {
      "d" : "1756461793486886495",
      "t" : 1756461793486,
      "tn" : 1756461793486886495,
      "q" : "1000",
      "p" : "0.0033588",
      "s" : "buy",
      "i" : "PUMPUSD-PERP",
      "m" : "4611686018427631961"
    }, {
      "d" : "1756461762045697700",
      "t" : 1756461762045,
      "tn" : 1756461762045697700,
      "q" : "1000",
      "p" : "0.0033509",
      "s" : "sell",
      "i" : "PUMPUSD-PERP",
      "m" : "4611686018427631960"
    }, {
      "d" : "1756461759502291522",
      "t" : 1756461759502,
      "tn" : 1756461759502291522,
      "q" : "441000",
      "p" : "0.0033495",
      "s" : "buy",
      "i" : "PUMPUSD-PERP",
      "m" : "4611686018427631959"
    }, {
      "d" : "1756461759485166916",
      "t" : 1756461759485,
      "tn" : 1756461759485166916,
      "q" : "29000",
      "p" : "0.0033530",
      "s" : "buy",
      "i" : "PUMPUSD-PERP",
      "m" : "4611686018427631958"
    }, {
      "d" : "1756461759485165143",
      "t" : 1756461759485,
      "tn" : 1756461759485165143,
      "q" : "88000",
      "p" : "0.0033527",
      "s" : "buy",
      "i" : "PUMPUSD-PERP",
      "m" : "4611686018427631957"
    }, {
      "d" : "1756461759482763398",
      "t" : 1756461759482,
      "tn" : 1756461759482763398,
      "q" : "1000",
      "p" : "0.0033500",
      "s" : "buy",
      "i" : "PUMPUSD-PERP",
      "m" : "4611686018427631956"
    }, {
      "d" : "1756461759482004132",
      "t" : 1756461759482,
      "tn" : 1756461759482004132,
      "q" : "1000",
      "p" : "0.0033486",
      "s" : "buy",
      "i" : "PUMPUSD-PERP",
      "m" : "4611686018427631955"
    }, {
      "d" : "1756461727081564273",
      "t" : 1756461727081,
      "tn" : 1756461727081564273,
      "q" : "1000",
      "p" : "0.0033405",
      "s" : "buy",
      "i" : "PUMPUSD-PERP",
      "m" : "4611686018427631954"
    }, {
      "d" : "1756461723525678399",
      "t" : 1756461723525,
      "tn" : 1756461723525678399,
      "q" : "1000",
      "p" : "0.0033366",
      "s" : "buy",
      "i" : "PUMPUSD-PERP",
      "m" : "4611686018427631953"
    }, {
      "d" : "1756461722169135988",
      "t" : 1756461722169,
      "tn" : 1756461722169135988,
      "q" : "97000",
      "p" : "0.0033342",
      "s" : "buy",
      "i" : "PUMPUSD-PERP",
      "m" : "4611686018427631952"
    }, {
      "d" : "1756461722169134063",
      "t" : 1756461722169,
      "tn" : 1756461722169134063,
      "q" : "28000",
      "p" : "0.0033341",
      "s" : "buy",
      "i" : "PUMPUSD-PERP",
      "m" : "4611686018427631951"
    }, {
      "d" : "1756461722165726468",
      "t" : 1756461722165,
      "tn" : 1756461722165726468,
      "q" : "1000",
      "p" : "0.0033320",
      "s" : "buy",
      "i" : "PUMPUSD-PERP",
      "m" : "4611686018427631950"
    }, {
      "d" : "1756461722165723249",
      "t" : 1756461722165,
      "tn" : 1756461722165723249,
      "q" : "1000",
      "p" : "0.0033315",
      "s" : "buy",
      "i" : "PUMPUSD-PERP",
      "m" : "4611686018427631949"
    }, {
      "d" : "1756461437718843779",
      "t" : 1756461437718,
      "tn" : 1756461437718843779,
      "q" : "1000",
      "p" : "0.0033336",
      "s" : "sell",
      "i" : "PUMPUSD-PERP",
      "m" : "4611686018427631948"
    }, {
      "d" : "1756461437715528982",
      "t" : 1756461437715,
      "tn" : 1756461437715528982,
      "q" : "1000",
      "p" : "0.0033359",
      "s" : "sell",
      "i" : "PUMPUSD-PERP",
      "m" : "4611686018427631947"
    }, {
      "d" : "1756461374020589496",
      "t" : 1756461374020,
      "tn" : 1756461374020589496,
      "q" : "1000",
      "p" : "0.0033360",
      "s" : "buy",
      "i" : "PUMPUSD-PERP",
      "m" : "4611686018427631946"
    }, {
      "d" : "1756461374020587133",
      "t" : 1756461374020,
      "tn" : 1756461374020587133,
      "q" : "1000",
      "p" : "0.0033354",
      "s" : "buy",
      "i" : "PUMPUSD-PERP",
      "m" : "4611686018427631945"
    }, {
      "d" : "1756461310408414773",
      "t" : 1756461310408,
      "tn" : 1756461310408414773,
      "q" : "1000",
      "p" : "0.0033409",
      "s" : "sell",
      "i" : "PUMPUSD-PERP",
      "m" : "4611686018427631944"
    }, {
      "d" : "1756461310406913792",
      "t" : 1756461310406,
      "tn" : 1756461310406913792,
      "q" : "1000",
      "p" : "0.0033396",
      "s" : "sell",
      "i" : "PUMPUSD-PERP",
      "m" : "4611686018427631943"
    }, {
      "d" : "1756461306683661039",
      "t" : 1756461306683,
      "tn" : 1756461306683661039,
      "q" : "3000",
      "p" : "0.0033459",
      "s" : "buy",
      "i" : "PUMPUSD-PERP",
      "m" : "4611686018427631942"
    }, {
      "d" : "1756461306683658578",
      "t" : 1756461306683,
      "tn" : 1756461306683658578,
      "q" : "1000",
      "p" : "0.0033444",
      "s" : "buy",
      "i" : "PUMPUSD-PERP",
      "m" : "4611686018427631941"
    }, {
      "d" : "1756461221088166837",
      "t" : 1756461221088,
      "tn" : 1756461221088166837,
      "q" : "6000",
      "p" : "0.0033335",
      "s" : "buy",
      "i" : "PUMPUSD-PERP",
      "m" : "4611686018427631940"
    }, {
      "d" : "1756461221088165042",
      "t" : 1756461221088,
      "tn" : 1756461221088165042,
      "q" : "1000",
      "p" : "0.0033333",
      "s" : "buy",
      "i" : "PUMPUSD-PERP",
      "m" : "4611686018427631939"
    }, {
      "d" : "1756461182237194643",
      "t" : 1756461182237,
      "tn" : 1756461182237194643,
      "q" : "1000",
      "p" : "0.0033363",
      "s" : "buy",
      "i" : "PUMPUSD-PERP",
      "m" : "4611686018427631938"
    }, {
      "d" : "1756461147102809311",
      "t" : 1756461147102,
      "tn" : 1756461147102809311,
      "q" : "29000",
      "p" : "0.0033330",
      "s" : "buy",
      "i" : "PUMPUSD-PERP",
      "m" : "4611686018427631937"
    }, {
      "d" : "1756461147101079772",
      "t" : 1756461147101,
      "tn" : 1756461147101079772,
      "q" : "88000",
      "p" : "0.0033309",
      "s" : "buy",
      "i" : "PUMPUSD-PERP",
      "m" : "4611686018427631936"
    }, {
      "d" : "1756461147100667891",
      "t" : 1756461147100,
      "tn" : 1756461147100667891,
      "q" : "30000",
      "p" : "0.0033299",
      "s" : "buy",
      "i" : "PUMPUSD-PERP",
      "m" : "4611686018427631935"
    }, {
      "d" : "1756461147097898330",
      "t" : 1756461147097,
      "tn" : 1756461147097898330,
      "q" : "1000",
      "p" : "0.0033270",
      "s" : "buy",
      "i" : "PUMPUSD-PERP",
      "m" : "4611686018427631934"
    }, {
      "d" : "1756461147097895339",
      "t" : 1756461147097,
      "tn" : 1756461147097895339,
      "q" : "1000",
      "p" : "0.0033261",
      "s" : "buy",
      "i" : "PUMPUSD-PERP",
      "m" : "4611686018427631933"
    }, {
      "d" : "1756461140650883978",
      "t" : 1756461140650,
      "tn" : 1756461140650883978,
      "q" : "1000",
      "p" : "0.0033243",
      "s" : "buy",
      "i" : "PUMPUSD-PERP",
      "m" : "4611686018427631932"
    }, {
      "d" : "1756461140650881365",
      "t" : 1756461140650,
      "tn" : 1756461140650881365,
      "q" : "1000",
      "p" : "0.0033240",
      "s" : "buy",
      "i" : "PUMPUSD-PERP",
      "m" : "4611686018427631931"
    }, {
      "d" : "1756461118006663243",
      "t" : 1756461118006,
      "tn" : 1756461118006663243,
      "q" : "1000",
      "p" : "0.0033222",
      "s" : "buy",
      "i" : "PUMPUSD-PERP",
      "m" : "4611686018427631930"
    }, {
      "d" : "1756461118001158402",
      "t" : 1756461118001,
      "tn" : 1756461118001158402,
      "q" : "1000",
      "p" : "0.0033210",
      "s" : "buy",
      "i" : "PUMPUSD-PERP",
      "m" : "4611686018427631929"
    }, {
      "d" : "1756461075886439594",
      "t" : 1756461075886,
      "tn" : 1756461075886439594,
      "q" : "49000",
      "p" : "0.0033207",
      "s" : "sell",
      "i" : "PUMPUSD-PERP",
      "m" : "4611686018427631928"
    }, {
      "d" : "1756461075886332877",
      "t" : 1756461075886,
      "tn" : 1756461075886332877,
      "q" : "343000",
      "p" : "0.0033207",
      "s" : "sell",
      "i" : "PUMPUSD-PERP",
      "m" : "4611686018427631927"
    }, {
      "d" : "1756461075885855476",
      "t" : 1756461075885,
      "tn" : 1756461075885855476,
      "q" : "49000",
      "p" : "0.0033207",
      "s" : "sell",
      "i" : "PUMPUSD-PERP",
      "m" : "4611686018427631926"
    }, {
      "d" : "1756461060835889371",
      "t" : 1756461060835,
      "tn" : 1756461060835889371,
      "q" : "441000",
      "p" : "0.0033234",
      "s" : "sell",
      "i" : "PUMPUSD-PERP",
      "m" : "4611686018427631925"
    }, {
      "d" : "1756461060374439828",
      "t" : 1756461060374,
      "tn" : 1756461060374439828,
      "q" : "1000",
      "p" : "0.0033200",
      "s" : "buy",
      "i" : "PUMPUSD-PERP",
      "m" : "4611686018427631924"
    }, {
      "d" : "1756461060071926389",
      "t" : 1756461060071,
      "tn" : 1756461060071926389,
      "q" : "100000",
      "p" : "0.0033220",
      "s" : "buy",
      "i" : "PUMPUSD-PERP",
      "m" : "4611686018427631923"
    }, {
      "d" : "1756461060070119456",
      "t" : 1756461060070,
      "tn" : 1756461060070119456,
      "q" : "41000",
      "p" : "0.0033220",
      "s" : "buy",
      "i" : "PUMPUSD-PERP",
      "m" : "4611686018427631922"
    }, {
      "d" : "1756461060069651891",
      "t" : 1756461060069,
      "tn" : 1756461060069651891,
      "q" : "100000",
      "p" : "0.0033220",
      "s" : "buy",
      "i" : "PUMPUSD-PERP",
      "m" : "4611686018427631921"
    }, {
      "d" : "1756461060067899735",
      "t" : 1756461060067,
      "tn" : 1756461060067899735,
      "q" : "100000",
      "p" : "0.0033220",
      "s" : "buy",
      "i" : "PUMPUSD-PERP",
      "m" : "4611686018427631920"
    }, {
      "d" : "1756461060060856677",
      "t" : 1756461060060,
      "tn" : 1756461060060856677,
      "q" : "100000",
      "p" : "0.0033220",
      "s" : "buy",
      "i" : "PUMPUSD-PERP",
      "m" : "4611686018427631919"
    }, {
      "d" : "1756461060035969983",
      "t" : 1756461060035,
      "tn" : 1756461060035969983,
      "q" : "1000",
      "p" : "0.0033219",
      "s" : "sell",
      "i" : "PUMPUSD-PERP",
      "m" : "4611686018427631918"
    }, {
      "d" : "1756461060035790571",
      "t" : 1756461060035,
      "tn" : 1756461060035790571,
      "q" : "1000",
      "p" : "0.0033225",
      "s" : "sell",
      "i" : "PUMPUSD-PERP",
      "m" : "4611686018427631917"
    }, {
      "d" : "1756461059391436970",
      "t" : 1756461059391,
      "tn" : 1756461059391436970,
      "q" : "65000",
      "p" : "0.0033247",
      "s" : "buy",
      "i" : "PUMPUSD-PERP",
      "m" : "4611686018427631916"
    }, {
      "d" : "1756461059033629931",
      "t" : 1756461059033,
      "tn" : 1756461059033629931,
      "q" : "80000",
      "p" : "0.0033268",
      "s" : "buy",
      "i" : "PUMPUSD-PERP",
      "m" : "4611686018427631915"
    }, {
      "d" : "1756461059033391745",
      "t" : 1756461059033,
      "tn" : 1756461059033391745,
      "q" : "293000",
      "p" : "0.0033255",
      "s" : "buy",
      "i" : "PUMPUSD-PERP",
      "m" : "4611686018427631914"
    }, {
      "d" : "1756461059033390382",
      "t" : 1756461059033,
      "tn" : 1756461059033390382,
      "q" : "1000",
      "p" : "0.0033231",
      "s" : "buy",
      "i" : "PUMPUSD-PERP",
      "m" : "4611686018427631913"
    }, {
      "d" : "1756461058134583941",
      "t" : 1756461058134,
      "tn" : 1756461058134583941,
      "q" : "1000",
      "p" : "0.0033259",
      "s" : "sell",
      "i" : "PUMPUSD-PERP",
      "m" : "4611686018427631912"
    }, {
      "d" : "1756461058134582269",
      "t" : 1756461058134,
      "tn" : 1756461058134582269,
      "q" : "1000",
      "p" : "0.0033267",
      "s" : "sell",
      "i" : "PUMPUSD-PERP",
      "m" : "4611686018427631911"
    }, {
      "d" : "1756461056814420677",
      "t" : 1756461056814,
      "tn" : 1756461056814420677,
      "q" : "1000",
      "p" : "0.0033279",
      "s" : "sell",
      "i" : "PUMPUSD-PERP",
      "m" : "4611686018427631910"
    }, {
      "d" : "1756461054973629087",
      "t" : 1756461054973,
      "tn" : 1756461054973629087,
      "q" : "441000",
      "p" : "0.0033295",
      "s" : "buy",
      "i" : "PUMPUSD-PERP",
      "m" : "4611686018427631909"
    }, {
      "d" : "1756461054973627400",
      "t" : 1756461054973,
      "tn" : 1756461054973627400,
      "q" : "1000",
      "p" : "0.0033290",
      "s" : "buy",
      "i" : "PUMPUSD-PERP",
      "m" : "4611686018427631908"
    }, {
      "d" : "1756461054041288619",
      "t" : 1756461054041,
      "tn" : 1756461054041288619,
      "q" : "132000",
      "p" : "0.0033309",
      "s" : "buy",
      "i" : "PUMPUSD-PERP",
      "m" : "4611686018427631907"
    }, {
      "d" : "1756461054028767161",
      "t" : 1756461054028,
      "tn" : 1756461054028767161,
      "q" : "1000",
      "p" : "0.0033333",
      "s" : "sell",
      "i" : "PUMPUSD-PERP",
      "m" : "4611686018427631906"
    }, {
      "d" : "1756461054022453437",
      "t" : 1756461054022,
      "tn" : 1756461054022453437,
      "q" : "441000",
      "p" : "0.0033349",
      "s" : "sell",
      "i" : "PUMPUSD-PERP",
      "m" : "4611686018427631905"
    }, {
      "d" : "1756461054022412367",
      "t" : 1756461054022,
      "tn" : 1756461054022412367,
      "q" : "132000",
      "p" : "0.0033350",
      "s" : "sell",
      "i" : "PUMPUSD-PERP",
      "m" : "4611686018427631904"
    }, {
      "d" : "1756461054022410455",
      "t" : 1756461054022,
      "tn" : 1756461054022410455,
      "q" : "30000",
      "p" : "0.0033351",
      "s" : "sell",
      "i" : "PUMPUSD-PERP",
      "m" : "4611686018427631903"
    }, {
      "d" : "1756461048994239078",
      "t" : 1756461048994,
      "tn" : 1756461048994239078,
      "q" : "147000",
      "p" : "0.0033274",
      "s" : "buy",
      "i" : "PUMPUSD-PERP",
      "m" : "4611686018427631902"
    }, {
      "d" : "1756461048985651985",
      "t" : 1756461048985,
      "tn" : 1756461048985651985,
      "q" : "15000",
      "p" : "0.0033278",
      "s" : "sell",
      "i" : "PUMPUSD-PERP",
      "m" : "4611686018427631901"
    }, {
      "d" : "1756461048985261406",
      "t" : 1756461048985,
      "tn" : 1756461048985261405,
      "q" : "60000",
      "p" : "0.0033285",
      "s" : "sell",
      "i" : "PUMPUSD-PERP",
      "m" : "4611686018427631900"
    }, {
      "d" : "1756461048985261405",
      "t" : 1756461048985,
      "tn" : 1756461048985261405,
      "q" : "15000",
      "p" : "0.0033285",
      "s" : "sell",
      "i" : "PUMPUSD-PERP",
      "m" : "4611686018427631900"
    }, {
      "d" : "1756461048985257896",
      "t" : 1756461048985,
      "tn" : 1756461048985257896,
      "q" : "88000",
      "p" : "0.0033288",
      "s" : "sell",
      "i" : "PUMPUSD-PERP",
      "m" : "4611686018427631899"
    }, {
      "d" : "1756461048984635092",
      "t" : 1756461048984,
      "tn" : 1756461048984635092,
      "q" : "15000",
      "p" : "0.0033292",
      "s" : "sell",
      "i" : "PUMPUSD-PERP",
      "m" : "4611686018427631898"
    }, {
      "d" : "1756461048984212372",
      "t" : 1756461048984,
      "tn" : 1756461048984212372,
      "q" : "15000",
      "p" : "0.0033299",
      "s" : "sell",
      "i" : "PUMPUSD-PERP",
      "m" : "4611686018427631897"
    }, {
      "d" : "1756461048979299866",
      "t" : 1756461048979,
      "tn" : 1756461048979299866,
      "q" : "1000",
      "p" : "0.0033329",
      "s" : "sell",
      "i" : "PUMPUSD-PERP",
      "m" : "4611686018427631896"
    }, {
      "d" : "1756461048978317488",
      "t" : 1756461048978,
      "tn" : 1756461048978317488,
      "q" : "1000",
      "p" : "0.0033333",
      "s" : "sell",
      "i" : "PUMPUSD-PERP",
      "m" : "4611686018427631895"
    }, {
      "d" : "1756460995152758143",
      "t" : 1756460995152,
      "tn" : 1756460995152758143,
      "q" : "1000",
      "p" : "0.0033423",
      "s" : "buy",
      "i" : "PUMPUSD-PERP",
      "m" : "4611686018427631894"
    }, {
      "d" : "1756460995152046383",
      "t" : 1756460995152,
      "tn" : 1756460995152046383,
      "q" : "1000",
      "p" : "0.0033410",
      "s" : "buy",
      "i" : "PUMPUSD-PERP",
      "m" : "4611686018427631893"
    }, {
      "d" : "1756460889275658570",
      "t" : 1756460889275,
      "tn" : 1756460889275658570,
      "q" : "1000",
      "p" : "0.0033410",
      "s" : "buy",
      "i" : "PUMPUSD-PERP",
      "m" : "4611686018427631892"
    }, {
      "d" : "1756460886054825448",
      "t" : 1756460886054,
      "tn" : 1756460886054825448,
      "q" : "1000",
      "p" : "0.0033435",
      "s" : "sell",
      "i" : "PUMPUSD-PERP",
      "m" : "4611686018427631891"
    }, {
      "d" : "1756460882116619097",
      "t" : 1756460882116,
      "tn" : 1756460882116619097,
      "q" : "1000",
      "p" : "0.0033449",
      "s" : "sell",
      "i" : "PUMPUSD-PERP",
      "m" : "4611686018427631890"
    }, {
      "d" : "1756460882101633074",
      "t" : 1756460882101,
      "tn" : 1756460882101633074,
      "q" : "1000",
      "p" : "0.0033465",
      "s" : "sell",
      "i" : "PUMPUSD-PERP",
      "m" : "4611686018427631889"
    }, {
      "d" : "1756460876433280776",
      "t" : 1756460876433,
      "tn" : 1756460876433280776,
      "q" : "14000",
      "p" : "0.0033460",
      "s" : "sell",
      "i" : "PUMPUSD-PERP",
      "m" : "4611686018427631888"
    }, {
      "d" : "1756460876427360475",
      "t" : 1756460876427,
      "tn" : 1756460876427360475,
      "q" : "1000",
      "p" : "0.0033479",
      "s" : "sell",
      "i" : "PUMPUSD-PERP",
      "m" : "4611686018427631887"
    }, {
      "d" : "1756460876427358482",
      "t" : 1756460876427,
      "tn" : 1756460876427358482,
      "q" : "1000",
      "p" : "0.0033486",
      "s" : "sell",
      "i" : "PUMPUSD-PERP",
      "m" : "4611686018427631886"
    }, {
      "d" : "1756460870770919609",
      "t" : 1756460870770,
      "tn" : 1756460870770919609,
      "q" : "1000",
      "p" : "0.0033507",
      "s" : "sell",
      "i" : "PUMPUSD-PERP",
      "m" : "4611686018427631885"
    }, {
      "d" : "1756460870770917935",
      "t" : 1756460870770,
      "tn" : 1756460870770917935,
      "q" : "1000",
      "p" : "0.0033509",
      "s" : "sell",
      "i" : "PUMPUSD-PERP",
      "m" : "4611686018427631884"
    }, {
      "d" : "1756460870764620067",
      "t" : 1756460870764,
      "tn" : 1756460870764620067,
      "q" : "14000",
      "p" : "0.0033509",
      "s" : "sell",
      "i" : "PUMPUSD-PERP",
      "m" : "4611686018427631883"
    }, {
      "d" : "1756460860134633583",
      "t" : 1756460860134,
      "tn" : 1756460860134633583,
      "q" : "1000",
      "p" : "0.0033590",
      "s" : "buy",
      "i" : "PUMPUSD-PERP",
      "m" : "4611686018427631882"
    }, {
      "d" : "1756460859588584916",
      "t" : 1756460859588,
      "tn" : 1756460859588584916,
      "q" : "1000",
      "p" : "0.0033588",
      "s" : "sell",
      "i" : "PUMPUSD-PERP",
      "m" : "4611686018427631881"
    }, {
      "d" : "1756460859586542321",
      "t" : 1756460859586,
      "tn" : 1756460859586542321,
      "q" : "1000",
      "p" : "0.0033597",
      "s" : "sell",
      "i" : "PUMPUSD-PERP",
      "m" : "4611686018427631880"
    }, {
      "d" : "1756460859586538522",
      "t" : 1756460859586,
      "tn" : 1756460859586538522,
      "q" : "1000",
      "p" : "0.0033599",
      "s" : "sell",
      "i" : "PUMPUSD-PERP",
      "m" : "4611686018427631879"
    }, {
      "d" : "1756460808335210269",
      "t" : 1756460808335,
      "tn" : 1756460808335210269,
      "q" : "1000",
      "p" : "0.0033537",
      "s" : "buy",
      "i" : "PUMPUSD-PERP",
      "m" : "4611686018427631878"
    }, {
      "d" : "1756460699360430607",
      "t" : 1756460699360,
      "tn" : 1756460699360430607,
      "q" : "1000",
      "p" : "0.0033357",
      "s" : "buy",
      "i" : "PUMPUSD-PERP",
      "m" : "4611686018427631877"
    }, {
      "d" : "1756460684959650050",
      "t" : 1756460684959,
      "tn" : 1756460684959650050,
      "q" : "1000",
      "p" : "0.0033379",
      "s" : "sell",
      "i" : "PUMPUSD-PERP",
      "m" : "4611686018427631876"
    }, {
      "d" : "1756460673640600754",
      "t" : 1756460673640,
      "tn" : 1756460673640600754,
      "q" : "1000",
      "p" : "0.0033400",
      "s" : "buy",
      "i" : "PUMPUSD-PERP",
      "m" : "4611686018427631875"
    }, {
      "d" : "1756460673640599752",
      "t" : 1756460673640,
      "tn" : 1756460673640599752,
      "q" : "1000",
      "p" : "0.0033396",
      "s" : "buy",
      "i" : "PUMPUSD-PERP",
      "m" : "4611686018427631874"
    }, {
      "d" : "1756460577086943938",
      "t" : 1756460577086,
      "tn" : 1756460577086943938,
      "q" : "1000",
      "p" : "0.0033387",
      "s" : "sell",
      "i" : "PUMPUSD-PERP",
      "m" : "4611686018427631873"
    }, {
      "d" : "1756460577086493812",
      "t" : 1756460577086,
      "tn" : 1756460577086493812,
      "q" : "1000",
      "p" : "0.0033399",
      "s" : "sell",
      "i" : "PUMPUSD-PERP",
      "m" : "4611686018427631872"
    }, {
      "d" : "1756460530657040698",
      "t" : 1756460530657,
      "tn" : 1756460530657040698,
      "q" : "1000",
      "p" : "0.0033429",
      "s" : "sell",
      "i" : "PUMPUSD-PERP",
      "m" : "4611686018427631871"
    }, {
      "d" : "1756460466201529904",
      "t" : 1756460466201,
      "tn" : 1756460466201529904,
      "q" : "1000",
      "p" : "0.0033435",
      "s" : "buy",
      "i" : "PUMPUSD-PERP",
      "m" : "4611686018427631870"
    }, {
      "d" : "1756460449817014403",
      "t" : 1756460449817,
      "tn" : 1756460449817014403,
      "q" : "1000",
      "p" : "0.0033410",
      "s" : "buy",
      "i" : "PUMPUSD-PERP",
      "m" : "4611686018427631869"
    }, {
      "d" : "1756460449811207522",
      "t" : 1756460449811,
      "tn" : 1756460449811207522,
      "q" : "1000",
      "p" : "0.0033396",
      "s" : "buy",
      "i" : "PUMPUSD-PERP",
      "m" : "4611686018427631868"
    }, {
      "d" : "1756460448137650691",
      "t" : 1756460448137,
      "tn" : 1756460448137650691,
      "q" : "100000",
      "p" : "0.0033365",
      "s" : "buy",
      "i" : "PUMPUSD-PERP",
      "m" : "4611686018427631867"
    }, {
      "d" : "1756460448137223887",
      "t" : 1756460448137,
      "tn" : 1756460448137223887,
      "q" : "136000",
      "p" : "0.0033365",
      "s" : "buy",
      "i" : "PUMPUSD-PERP",
      "m" : "4611686018427631866"
    }, {
      "d" : "1756460446612263731",
      "t" : 1756460446612,
      "tn" : 1756460446612263731,
      "q" : "1000",
      "p" : "0.0033340",
      "s" : "buy",
      "i" : "PUMPUSD-PERP",
      "m" : "4611686018427631865"
    }, {
      "d" : "1756460446612261041",
      "t" : 1756460446612,
      "tn" : 1756460446612261041,
      "q" : "1000",
      "p" : "0.0033333",
      "s" : "buy",
      "i" : "PUMPUSD-PERP",
      "m" : "4611686018427631864"
    }, {
      "d" : "1756460391758741968",
      "t" : 1756460391758,
      "tn" : 1756460391758741968,
      "q" : "1000",
      "p" : "0.0033299",
      "s" : "sell",
      "i" : "PUMPUSD-PERP",
      "m" : "4611686018427631863"
    }, {
      "d" : "1756460385632930743",
      "t" : 1756460385632,
      "tn" : 1756460385632930743,
      "q" : "1000",
      "p" : "0.0033349",
      "s" : "sell",
      "i" : "PUMPUSD-PERP",
      "m" : "4611686018427631862"
    }, {
      "d" : "1756460379088688672",
      "t" : 1756460379088,
      "tn" : 1756460379088688672,
      "q" : "1000",
      "p" : "0.0033350",
      "s" : "buy",
      "i" : "PUMPUSD-PERP",
      "m" : "4611686018427631861"
    }, {
      "d" : "1756460379088687099",
      "t" : 1756460379088,
      "tn" : 1756460379088687099,
      "q" : "30000",
      "p" : "0.0033348",
      "s" : "buy",
      "i" : "PUMPUSD-PERP",
      "m" : "4611686018427631860"
    }, {
      "d" : "1756460379088591303",
      "t" : 1756460379088,
      "tn" : 1756460379088591303,
      "q" : "1000",
      "p" : "0.0033339",
      "s" : "buy",
      "i" : "PUMPUSD-PERP",
      "m" : "4611686018427631859"
    }, {
      "d" : "1756460376790594273",
      "t" : 1756460376790,
      "tn" : 1756460376790594273,
      "q" : "485000",
      "p" : "0.0033274",
      "s" : "buy",
      "i" : "PUMPUSD-PERP",
      "m" : "4611686018427631858"
    }, {
      "d" : "1756460376790528352",
      "t" : 1756460376790,
      "tn" : 1756460376790528352,
      "q" : "660000",
      "p" : "0.0033274",
      "s" : "buy",
      "i" : "PUMPUSD-PERP",
      "m" : "4611686018427631857"
    }, {
      "d" : "1756460376790267177",
      "t" : 1756460376790,
      "tn" : 1756460376790267177,
      "q" : "434000",
      "p" : "0.0033274",
      "s" : "buy",
      "i" : "PUMPUSD-PERP",
      "m" : "4611686018427631856"
    }, {
      "d" : "1756460376790082602",
      "t" : 1756460376790,
      "tn" : 1756460376790082602,
      "q" : "370000",
      "p" : "0.0033274",
      "s" : "buy",
      "i" : "PUMPUSD-PERP",
      "m" : "4611686018427631855"
    }, {
      "d" : "1756460376790074622",
      "t" : 1756460376790,
      "tn" : 1756460376790074622,
      "q" : "30000",
      "p" : "0.0033264",
      "s" : "buy",
      "i" : "PUMPUSD-PERP",
      "m" : "4611686018427631854"
    }, {
      "d" : "1756460376789611828",
      "t" : 1756460376789,
      "tn" : 1756460376789611828,
      "q" : "1000",
      "p" : "0.0033250",
      "s" : "buy",
      "i" : "PUMPUSD-PERP",
      "m" : "4611686018427631853"
    }, {
      "d" : "1756460376789609375",
      "t" : 1756460376789,
      "tn" : 1756460376789609375,
      "q" : "1000",
      "p" : "0.0033243",
      "s" : "buy",
      "i" : "PUMPUSD-PERP",
      "m" : "4611686018427631852"
    }, {
      "d" : "1756460374479381382",
      "t" : 1756460374479,
      "tn" : 1756460374479381382,
      "q" : "8000",
      "p" : "0.0033255",
      "s" : "buy",
      "i" : "PUMPUSD-PERP",
      "m" : "4611686018427631851"
    }, {
      "d" : "1756460374479379459",
      "t" : 1756460374479,
      "tn" : 1756460374479379459,
      "q" : "1000",
      "p" : "0.0033243",
      "s" : "buy",
      "i" : "PUMPUSD-PERP",
      "m" : "4611686018427631850"
    }, {
      "d" : "1756460374479377034",
      "t" : 1756460374479,
      "tn" : 1756460374479377034,
      "q" : "1000",
      "p" : "0.0033240",
      "s" : "buy",
      "i" : "PUMPUSD-PERP",
      "m" : "4611686018427631849"
    }, {
      "d" : "1756460275045460802",
      "t" : 1756460275045,
      "tn" : 1756460275045460802,
      "q" : "1000",
      "p" : "0.0033209",
      "s" : "sell",
      "i" : "PUMPUSD-PERP",
      "m" : "4611686018427631848"
    }, {
      "d" : "1756460271019565380",
      "t" : 1756460271019,
      "tn" : 1756460271019565380,
      "q" : "88000",
      "p" : "0.0033239",
      "s" : "sell",
      "i" : "PUMPUSD-PERP",
      "m" : "4611686018427631847"
    }, {
      "d" : "1756460271009664180",
      "t" : 1756460271009,
      "tn" : 1756460271009664179,
      "q" : "1000",
      "p" : "0.0033210",
      "s" : "buy",
      "i" : "PUMPUSD-PERP",
      "m" : "4611686018427631846"
    }, {
      "d" : "1756460271009664179",
      "t" : 1756460271009,
      "tn" : 1756460271009664179,
      "q" : "1000",
      "p" : "0.0033210",
      "s" : "buy",
      "i" : "PUMPUSD-PERP",
      "m" : "4611686018427631846"
    }, {
      "d" : "1756460224568060250",
      "t" : 1756460224568,
      "tn" : 1756460224568060250,
      "q" : "1000",
      "p" : "0.0033169",
      "s" : "sell",
      "i" : "PUMPUSD-PERP",
      "m" : "4611686018427631845"
    }, {
      "d" : "1756460224116796539",
      "t" : 1756460224116,
      "tn" : 1756460224116796539,
      "q" : "1000",
      "p" : "0.0033190",
      "s" : "buy",
      "i" : "PUMPUSD-PERP",
      "m" : "4611686018427631844"
    }, {
      "d" : "1756460224116794304",
      "t" : 1756460224116,
      "tn" : 1756460224116794304,
      "q" : "1000",
      "p" : "0.0033189",
      "s" : "buy",
      "i" : "PUMPUSD-PERP",
      "m" : "4611686018427631843"
    }, {
      "d" : "1756460212611963485",
      "t" : 1756460212611,
      "tn" : 1756460212611963485,
      "q" : "1000",
      "p" : "0.0033129",
      "s" : "buy",
      "i" : "PUMPUSD-PERP",
      "m" : "4611686018427631842"
    }, {
      "d" : "1756460212611960874",
      "t" : 1756460212611,
      "tn" : 1756460212611960874,
      "q" : "1000",
      "p" : "0.0033120",
      "s" : "buy",
      "i" : "PUMPUSD-PERP",
      "m" : "4611686018427631841"
    }, {
      "d" : "1756460193373880767",
      "t" : 1756460193373,
      "tn" : 1756460193373880767,
      "q" : "1000",
      "p" : "0.0033141",
      "s" : "sell",
      "i" : "PUMPUSD-PERP",
      "m" : "4611686018427631840"
    }, {
      "d" : "1756460164238550462",
      "t" : 1756460164238,
      "tn" : 1756460164238550462,
      "q" : "100000",
      "p" : "0.0033160",
      "s" : "sell",
      "i" : "PUMPUSD-PERP",
      "m" : "4611686018427631839"
    }, {
      "d" : "1756460164216483964",
      "t" : 1756460164216,
      "tn" : 1756460164216483964,
      "q" : "133000",
      "p" : "0.0033160",
      "s" : "sell",
      "i" : "PUMPUSD-PERP",
      "m" : "4611686018427631838"
    }, {
      "d" : "1756460121720279533",
      "t" : 1756460121720,
      "tn" : 1756460121720279533,
      "q" : "60000",
      "p" : "0.0033045",
      "s" : "sell",
      "i" : "PUMPUSD-PERP",
      "m" : "4611686018427631837"
    }, {
      "d" : "1756460121720032734",
      "t" : 1756460121720,
      "tn" : 1756460121720032734,
      "q" : "59000",
      "p" : "0.0033045",
      "s" : "sell",
      "i" : "PUMPUSD-PERP",
      "m" : "4611686018427631836"
    }, {
      "d" : "1756460121718415652",
      "t" : 1756460121718,
      "tn" : 1756460121718415652,
      "q" : "15000",
      "p" : "0.0033047",
      "s" : "sell",
      "i" : "PUMPUSD-PERP",
      "m" : "4611686018427631835"
    }, {
      "d" : "1756460121718412994",
      "t" : 1756460121718,
      "tn" : 1756460121718412994,
      "q" : "60000",
      "p" : "0.0033048",
      "s" : "sell",
      "i" : "PUMPUSD-PERP",
      "m" : "4611686018427631834"
    }, {
      "d" : "1756460121715893983",
      "t" : 1756460121715,
      "tn" : 1756460121715893983,
      "q" : "15000",
      "p" : "0.0033068",
      "s" : "sell",
      "i" : "PUMPUSD-PERP",
      "m" : "4611686018427631833"
    }, {
      "d" : "1756460121714605730",
      "t" : 1756460121714,
      "tn" : 1756460121714605730,
      "q" : "1000",
      "p" : "0.0033090",
      "s" : "sell",
      "i" : "PUMPUSD-PERP",
      "m" : "4611686018427631832"
    } ]
  }
}