{
  "id" : -1,
  "method" : "public/get-trades",
  "code" : 0,
  "result" : {
    "data" : [ {
      "d" : "1756462073315996158",
      "t" : 1756462073315,
      "tn" : 1756462073315996158,
      "q" : "19.6",
      "p" : "0.9919",
      "s" : "buy",
      "i" : "PYR_USD",
      "m" : "4611686018430338288"
    }, {
      "d" : "1756461634544719595",
      "t" : 1756461634544,
      "tn" : 1756461634544719595,
      "q" : "100.0",
      "p" : "0.9901",
      "s" : "buy",
      "i" : "PYR_USD",
      "m" : "4611686018430338287"
    }, {
      "d" : "1756461579608986566",
      "t" : 1756461579608,
      "tn" : 1756461579608986566,
      "q" : "462.8",
      "p" : "0.9909",
      "s" : "sell",
      "i" : "PYR_USD",
      "m" : "4611686018430338286"
    }, {
      "d" : "1756461579602324710",
      "t" : 1756461579602,
      "tn" : 1756461579602324710,
      "q" : "137.2",
      "p" : "0.9909",
      "s" : "buy",
      "i" : "PYR_USD",
      "m" : "4611686018430338285"
    }, {
      "d" : "1756461406257121477",
      "t" : 1756461406257,
      "tn" : 1756461406257121477,
      "q" : "30.0",
      "p" : "0.9908",
      "s" : "buy",
      "i" : "PYR_USD",
      "m" : "4611686018430338284"
    }, {
      "d" : "1756460307731653353",
      "t" : 1756460307731,
      "tn" : 1756460307731653353,
      "q" : "1532.2",
      "p" : "0.9789",
      "s" : "buy",
      "i" : "PYR_USD",
      "m" : "4611686018430338283"
    }, {
      "d" : "1756459508423789969",
      "t" : 1756459508423,
      "tn" : 1756459508423789969,
      "q" : "41.9",
      "p" : "0.9784",
      "s" : "sell",
      "i" : "PYR_USD",
      "m" : "4611686018430338282"
    }, {
      "d" : "1756459508417811708",
      "t" : 1756459508417,
      "tn" : 1756459508417811708,
      "q" : "258.1",
      "p" : "0.9784",
      "s" : "buy",
      "i" : "PYR_USD",
      "m" : "4611686018430338281"
    }, {
      "d" : "1756458199191305743",
      "t" : 1756458199191,
      "tn" : 1756458199191305743,
      "q" : "17.7",
      "p" : "0.9678",
      "s" : "sell",
      "i" : "PYR_USD",
      "m" : "4611686018430338280"
    }, {
      "d" : "1756458199190372002",
      "t" : 1756458199190,
      "tn" : 1756458199190372002,
      "q" : "147.9",
      "p" : "0.9682",
      "s" : "sell",
      "i" : "PYR_USD",
      "m" : "4611686018430338279"
    }, {
      "d" : "1756458199190370078",
      "t" : 1756458199190,
      "tn" : 1756458199190370078,
      "q" : "258.1",
      "p" : "0.9683",
      "s" : "sell",
      "i" : "PYR_USD",
      "m" : "4611686018430338278"
    }, {
      "d" : "1756458199187380632",
      "t" : 1756458199187,
      "tn" : 1756458199187380632,
      "q" : "18.1",
      "p" : "0.9704",
      "s" : "sell",
      "i" : "PYR_USD",
      "m" : "4611686018430338277"
    }, {
      "d" : "1756458149357937752",
      "t" : 1756458149357,
      "tn" : 1756458149357937752,
      "q" : "719.4",
      "p" : "0.9768",
      "s" : "sell",
      "i" : "PYR_USD",
      "m" : "4611686018430338276"
    }, {
      "d" : "1756455790016995904",
      "t" : 1756455790016,
      "tn" : 1756455790016995903,
      "q" : "18.2",
      "p" : "0.9828",
      "s" : "sell",
      "i" : "PYR_USD",
      "m" : "4611686018430338275"
    }, {
      "d" : "1756455790016995903",
      "t" : 1756455790016,
      "tn" : 1756455790016995903,
      "q" : "18.2",
      "p" : "0.9828",
      "s" : "sell",
      "i" : "PYR_USD",
      "m" : "4611686018430338275"
    }, {
      "d" : "1756455783768966672",
      "t" : 1756455783768,
      "tn" : 1756455783768966672,
      "q" : "107.2",
      "p" : "0.9847",
      "s" : "sell",
      "i" : "PYR_USD",
      "m" : "4611686018430338274"
    }, {
      "d" : "1756455067347880251",
      "t" : 1756455067347,
      "tn" : 1756455067347880250,
      "q" : "160.6",
      "p" : "0.9892",
      "s" : "sell",
      "i" : "PYR_USD",
      "m" : "4611686018430338273"
    }, {
      "d" : "1756455067347880250",
      "t" : 1756455067347,
      "tn" : 1756455067347880250,
      "q" : "565.8",
      "p" : "0.9892",
      "s" : "sell",
      "i" : "PYR_USD",
      "m" : "4611686018430338273"
    }, {
      "d" : "1756455067347876762",
      "t" : 1756455067347,
      "tn" : 1756455067347876762,
      "q" : "113.0",
      "p" : "0.9905",
      "s" : "sell",
      "i" : "PYR_USD",
      "m" : "4611686018430338272"
    }, {
      "d" : "1756455067347869969",
      "t" : 1756455067347,
      "tn" : 1756455067347869969,
      "q" : "20.9",
      "p" : "0.9921",
      "s" : "sell",
      "i" : "PYR_USD",
      "m" : "4611686018430338271"
    }, {
      "d" : "1756455067347764711",
      "t" : 1756455067347,
      "tn" : 1756455067347764711,
      "q" : "1469.3",
      "p" : "0.9939",
      "s" : "sell",
      "i" : "PYR_USD",
      "m" : "4611686018430338270"
    }, {
      "d" : "1756455054621250574",
      "t" : 1756455054621,
      "tn" : 1756455054621250574,
      "q" : "94.8",
      "p" : "0.9939",
      "s" : "sell",
      "i" : "PYR_USD",
      "m" : "4611686018430338269"
    }, {
      "d" : "1756455054613334228",
      "t" : 1756455054613,
      "tn" : 1756455054613334228,
      "q" : "94.8",
      "p" : "0.9939",
      "s" : "sell",
      "i" : "PYR_USD",
      "m" : "4611686018430338268"
    }, {
      "d" : "1756454647724828835",
      "t" : 1756454647724,
      "tn" : 1756454647724828835,
      "q" : "94.8",
      "p" : "1.0020",
      "s" : "sell",
      "i" : "PYR_USD",
      "m" : "4611686018430338267"
    }, {
      "d" : "1756454647719877415",
      "t" : 1756454647719,
      "tn" : 1756454647719877415,
      "q" : "94.8",
      "p" : "1.0020",
      "s" : "sell",
      "i" : "PYR_USD",
      "m" : "4611686018430338266"
    }, {
      "d" : "1756454647713433880",
      "t" : 1756454647713,
      "tn" : 1756454647713433880,
      "q" : "94.8",
      "p" : "1.0020",
      "s" : "sell",
      "i" : "PYR_USD",
      "m" : "4611686018430338265"
    }, {
      "d" : "1756454647713372875",
      "t" : 1756454647713,
      "tn" : 1756454647713372875,
      "q" : "14.6",
      "p" : "1.0021",
      "s" : "sell",
      "i" : "PYR_USD",
      "m" : "4611686018430338264"
    }, {
      "d" : "1756451834984133207",
      "t" : 1756451834984,
      "tn" : 1756451834984133207,
      "q" : "186.7",
      "p" : "1.0061",
      "s" : "buy",
      "i" : "PYR_USD",
      "m" : "4611686018430338263"
    }, {
      "d" : "1756451298117453678",
      "t" : 1756451298117,
      "tn" : 1756451298117453678,
      "q" : "91.9",
      "p" : "1.0023",
      "s" : "sell",
      "i" : "PYR_USD",
      "m" : "4611686018430338262"
    }, {
      "d" : "1756448124648939657",
      "t" : 1756448124648,
      "tn" : 1756448124648939657,
      "q" : "94.8",
      "p" : "1.0120",
      "s" : "sell",
      "i" : "PYR_USD",
      "m" : "4611686018430338261"
    }, {
      "d" : "1756447585213163065",
      "t" : 1756447585213,
      "tn" : 1756447585213163065,
      "q" : "12.5",
      "p" : "1.0174",
      "s" : "sell",
      "i" : "PYR_USD",
      "m" : "4611686018430338260"
    }, {
      "d" : "1756440503278251914",
      "t" : 1756440503278,
      "tn" : 1756440503278251914,
      "q" : "4.6",
      "p" : "1.0263",
      "s" : "buy",
      "i" : "PYR_USD",
      "m" : "4611686018430338259"
    }, {
      "d" : "1756439996249779007",
      "t" : 1756439996249,
      "tn" : 1756439996249779007,
      "q" : "97.7",
      "p" : "1.0281",
      "s" : "buy",
      "i" : "PYR_USD",
      "m" : "4611686018430338258"
    }, {
      "d" : "1756437326215963801",
      "t" : 1756437326215,
      "tn" : 1756437326215963801,
      "q" : "36.0",
      "p" : "1.0188",
      "s" : "sell",
      "i" : "PYR_USD",
      "m" : "4611686018430338257"
    }, {
      "d" : "1756437191506694684",
      "t" : 1756437191506,
      "tn" : 1756437191506694684,
      "q" : "3.0",
      "p" : "1.0237",
      "s" : "sell",
      "i" : "PYR_USD",
      "m" : "4611686018430338256"
    }, {
      "d" : "1756437191504066431",
      "t" : 1756437191504,
      "tn" : 1756437191504066431,
      "q" : "724.4",
      "p" : "1.0237",
      "s" : "sell",
      "i" : "PYR_USD",
      "m" : "4611686018430338255"
    }, {
      "d" : "1756437191500071204",
      "t" : 1756437191500,
      "tn" : 1756437191500071204,
      "q" : "109.1",
      "p" : "1.0237",
      "s" : "buy",
      "i" : "PYR_USD",
      "m" : "4611686018430338254"
    }, {
      "d" : "1756434471265352904",
      "t" : 1756434471265,
      "tn" : 1756434471265352904,
      "q" : "126.3",
      "p" : "1.0262",
      "s" : "buy",
      "i" : "PYR_USD",
      "m" : "4611686018430338253"
    }, {
      "d" : "1756424579997204850",
      "t" : 1756424579997,
      "tn" : 1756424579997204850,
      "q" : "91.9",
      "p" : "1.0339",
      "s" : "buy",
      "i" : "PYR_USD",
      "m" : "4611686018430338252"
    }, {
      "d" : "1756423987309389206",
      "t" : 1756423987309,
      "tn" : 1756423987309389206,
      "q" : "26.1",
      "p" : "1.0284",
      "s" : "sell",
      "i" : "PYR_USD",
      "m" : "4611686018430338251"
    }, {
      "d" : "1756423983190687032",
      "t" : 1756423983190,
      "tn" : 1756423983190687032,
      "q" : "11.9",
      "p" : "1.0313",
      "s" : "sell",
      "i" : "PYR_USD",
      "m" : "4611686018430338250"
    }, {
      "d" : "1756423461619322078",
      "t" : 1756423461619,
      "tn" : 1756423461619322078,
      "q" : "199.0",
      "p" : "1.0370",
      "s" : "sell",
      "i" : "PYR_USD",
      "m" : "4611686018430338249"
    }, {
      "d" : "1756423461613000486",
      "t" : 1756423461613,
      "tn" : 1756423461613000486,
      "q" : "301.0",
      "p" : "1.0370",
      "s" : "buy",
      "i" : "PYR_USD",
      "m" : "4611686018430338248"
    }, {
      "d" : "1756421548786187363",
      "t" : 1756421548786,
      "tn" : 1756421548786187363,
      "q" : "39.9",
      "p" : "1.0357",
      "s" : "sell",
      "i" : "PYR_USD",
      "m" : "4611686018430338247"
    }, {
      "d" : "1756421548781273485",
      "t" : 1756421548781,
      "tn" : 1756421548781273485,
      "q" : "94.8",
      "p" : "1.0357",
      "s" : "sell",
      "i" : "PYR_USD",
      "m" : "4611686018430338246"
    }, {
      "d" : "1756421548777008686",
      "t" : 1756421548777,
      "tn" : 1756421548777008686,
      "q" : "94.8",
      "p" : "1.0357",
      "s" : "sell",
      "i" : "PYR_USD",
      "m" : "4611686018430338245"
    }, {
      "d" : "1756420560297898103",
      "t" : 1756420560297,
      "tn" : 1756420560297898103,
      "q" : "4.1",
      "p" : "1.0397",
      "s" : "buy",
      "i" : "PYR_USD",
      "m" : "4611686018430338244"
    }, {
      "d" : "1756411835138207935",
      "t" : 1756411835138,
      "tn" : 1756411835138207935,
      "q" : "20.9",
      "p" : "1.0210",
      "s" : "sell",
      "i" : "PYR_USD",
      "m" : "4611686018430338243"
    }, {
      "d" : "1756410536835455335",
      "t" : 1756410536835,
      "tn" : 1756410536835455335,
      "q" : "24.2",
      "p" : "1.0209",
      "s" : "buy",
      "i" : "PYR_USD",
      "m" : "4611686018430338242"
    }, {
      "d" : "1756410536833436514",
      "t" : 1756410536833,
      "tn" : 1756410536833436514,
      "q" : "10.8",
      "p" : "1.0209",
      "s" : "sell",
      "i" : "PYR_USD",
      "m" : "4611686018430338241"
    }, {
      "d" : "1756406089206728820",
      "t" : 1756406089206,
      "tn" : 1756406089206728820,
      "q" : "6.0",
      "p" : "1.0275",
      "s" : "sell",
      "i" : "PYR_USD",
      "m" : "4611686018430338240"
    }, {
      "d" : "1756405990673745744",
      "t" : 1756405990673,
      "tn" : 1756405990673745744,
      "q" : "91.9",
      "p" : "1.0327",
      "s" : "buy",
      "i" : "PYR_USD",
      "m" : "4611686018430338239"
    }, {
      "d" : "1756404211664922234",
      "t" : 1756404211664,
      "tn" : 1756404211664922233,
      "q" : "511.4",
      "p" : "1.0270",
      "s" : "sell",
      "i" : "PYR_USD",
      "m" : "4611686018430338238"
    }, {
      "d" : "1756404211664922233",
      "t" : 1756404211664,
      "tn" : 1756404211664922233,
      "q" : "159.2",
      "p" : "1.0270",
      "s" : "sell",
      "i" : "PYR_USD",
      "m" : "4611686018430338238"
    }, {
      "d" : "1756404211664917647",
      "t" : 1756404211664,
      "tn" : 1756404211664917647,
      "q" : "116.1",
      "p" : "1.0272",
      "s" : "sell",
      "i" : "PYR_USD",
      "m" : "4611686018430338237"
    }, {
      "d" : "1756404211664915817",
      "t" : 1756404211664,
      "tn" : 1756404211664915817,
      "q" : "1289.3",
      "p" : "1.0273",
      "s" : "sell",
      "i" : "PYR_USD",
      "m" : "4611686018430338236"
    }, {
      "d" : "1756404211664912804",
      "t" : 1756404211664,
      "tn" : 1756404211664912804,
      "q" : "11.3",
      "p" : "1.0274",
      "s" : "sell",
      "i" : "PYR_USD",
      "m" : "4611686018430338235"
    }, {
      "d" : "1756404211636355656",
      "t" : 1756404211636,
      "tn" : 1756404211636355656,
      "q" : "243.2",
      "p" : "1.0279",
      "s" : "sell",
      "i" : "PYR_USD",
      "m" : "4611686018430338234"
    }, {
      "d" : "1756403341495836026",
      "t" : 1756403341495,
      "tn" : 1756403341495836026,
      "q" : "1571.6",
      "p" : "1.0269",
      "s" : "buy",
      "i" : "PYR_USD",
      "m" : "4611686018430338233"
    }, {
      "d" : "1756403341495375759",
      "t" : 1756403341495,
      "tn" : 1756403341495375759,
      "q" : "282.6",
      "p" : "1.0269",
      "s" : "buy",
      "i" : "PYR_USD",
      "m" : "4611686018430338232"
    }, {
      "d" : "1756403341494741364",
      "t" : 1756403341494,
      "tn" : 1756403341494741364,
      "q" : "579.7",
      "p" : "1.0269",
      "s" : "buy",
      "i" : "PYR_USD",
      "m" : "4611686018430338231"
    }, {
      "d" : "1756402080646849736",
      "t" : 1756402080646,
      "tn" : 1756402080646849736,
      "q" : "11.0",
      "p" : "1.0370",
      "s" : "buy",
      "i" : "PYR_USD",
      "m" : "4611686018430338230"
    }, {
      "d" : "1756401741617982480",
      "t" : 1756401741617,
      "tn" : 1756401741617982480,
      "q" : "12.5",
      "p" : "1.0294",
      "s" : "buy",
      "i" : "PYR_USD",
      "m" : "4611686018430338229"
    }, {
      "d" : "1756397149254368557",
      "t" : 1756397149254,
      "tn" : 1756397149254368557,
      "q" : "5.6",
      "p" : "1.0411",
      "s" : "buy",
      "i" : "PYR_USD",
      "m" : "4611686018430338228"
    }, {
      "d" : "1756395202321847177",
      "t" : 1756395202321,
      "tn" : 1756395202321847177,
      "q" : "6.0",
      "p" : "1.0430",
      "s" : "buy",
      "i" : "PYR_USD",
      "m" : "4611686018430338227"
    }, {
      "d" : "1756394397966241111",
      "t" : 1756394397966,
      "tn" : 1756394397966241111,
      "q" : "94.8",
      "p" : "1.0420",
      "s" : "sell",
      "i" : "PYR_USD",
      "m" : "4611686018430338226"
    }, {
      "d" : "1756394397957913923",
      "t" : 1756394397957,
      "tn" : 1756394397957913923,
      "q" : "239.8",
      "p" : "1.0423",
      "s" : "sell",
      "i" : "PYR_USD",
      "m" : "4611686018430338225"
    }, {
      "d" : "1756394071734352143",
      "t" : 1756394071734,
      "tn" : 1756394071734352143,
      "q" : "600.1",
      "p" : "1.0457",
      "s" : "sell",
      "i" : "PYR_USD",
      "m" : "4611686018430338224"
    }, {
      "d" : "1756394071730122062",
      "t" : 1756394071730,
      "tn" : 1756394071730122062,
      "q" : "298.8",
      "p" : "1.0457",
      "s" : "buy",
      "i" : "PYR_USD",
      "m" : "4611686018430338223"
    }, {
      "d" : "1756393747218983356",
      "t" : 1756393747218,
      "tn" : 1756393747218983356,
      "q" : "302.1",
      "p" : "1.0487",
      "s" : "sell",
      "i" : "PYR_USD",
      "m" : "4611686018430338222"
    }, {
      "d" : "1756393747214553070",
      "t" : 1756393747214,
      "tn" : 1756393747214553070,
      "q" : "297.9",
      "p" : "1.0487",
      "s" : "buy",
      "i" : "PYR_USD",
      "m" : "4611686018430338221"
    }, {
      "d" : "1756391508067155344",
      "t" : 1756391508067,
      "tn" : 1756391508067155344,
      "q" : "406.7",
      "p" : "1.0404",
      "s" : "sell",
      "i" : "PYR_USD",
      "m" : "4611686018430338220"
    }, {
      "d" : "1756391507567108633",
      "t" : 1756391507567,
      "tn" : 1756391507567108633,
      "q" : "54.8",
      "p" : "1.0405",
      "s" : "sell",
      "i" : "PYR_USD",
      "m" : "4611686018430338219"
    }, {
      "d" : "1756391399348257305",
      "t" : 1756391399348,
      "tn" : 1756391399348257305,
      "q" : "55.4",
      "p" : "1.0454",
      "s" : "buy",
      "i" : "PYR_USD",
      "m" : "4611686018430338218"
    }, {
      "d" : "1756390255316556081",
      "t" : 1756390255316,
      "tn" : 1756390255316556081,
      "q" : "19.0",
      "p" : "1.0457",
      "s" : "sell",
      "i" : "PYR_USD",
      "m" : "4611686018430338217"
    }, {
      "d" : "1756389830339073565",
      "t" : 1756389830339,
      "tn" : 1756389830339073565,
      "q" : "158.7",
      "p" : "1.0442",
      "s" : "buy",
      "i" : "PYR_USD",
      "m" : "4611686018430338216"
    }, {
      "d" : "1756386916604561644",
      "t" : 1756386916604,
      "tn" : 1756386916604561644,
      "q" : "242.6",
      "p" : "1.0430",
      "s" : "buy",
      "i" : "PYR_USD",
      "m" : "4611686018430338215"
    }, {
      "d" : "1756386916599449184",
      "t" : 1756386916599,
      "tn" : 1756386916599449184,
      "q" : "44.7",
      "p" : "1.0430",
      "s" : "sell",
      "i" : "PYR_USD",
      "m" : "4611686018430338214"
    }, {
      "d" : "1756383810361509650",
      "t" : 1756383810361,
      "tn" : 1756383810361509650,
      "q" : "15.0",
      "p" : "1.0345",
      "s" : "sell",
      "i" : "PYR_USD",
      "m" : "4611686018430338213"
    }, {
      "d" : "1756382987131954885",
      "t" : 1756382987131,
      "tn" : 1756382987131954885,
      "q" : "450.2",
      "p" : "1.0391",
      "s" : "sell",
      "i" : "PYR_USD",
      "m" : "4611686018430338212"
    }, {
      "d" : "1756382986631875131",
      "t" : 1756382986631,
      "tn" : 1756382986631875131,
      "q" : "118.7",
      "p" : "1.0387",
      "s" : "sell",
      "i" : "PYR_USD",
      "m" : "4611686018430338211"
    }, {
      "d" : "1756382986131934196",
      "t" : 1756382986131,
      "tn" : 1756382986131934196,
      "q" : "166.9",
      "p" : "1.0391",
      "s" : "sell",
      "i" : "PYR_USD",
      "m" : "4611686018430338210"
    }, {
      "d" : "1756382983672293015",
      "t" : 1756382983672,
      "tn" : 1756382983672293015,
      "q" : "130.6",
      "p" : "1.0387",
      "s" : "sell",
      "i" : "PYR_USD",
      "m" : "4611686018430338209"
    }, {
      "d" : "1756382983658965924",
      "t" : 1756382983658,
      "tn" : 1756382983658965923,
      "q" : "240.3",
      "p" : "1.0402",
      "s" : "sell",
      "i" : "PYR_USD",
      "m" : "4611686018430338208"
    }, {
      "d" : "1756382983658965923",
      "t" : 1756382983658,
      "tn" : 1756382983658965923,
      "q" : "12.3",
      "p" : "1.0402",
      "s" : "sell",
      "i" : "PYR_USD",
      "m" : "4611686018430338208"
    }, {
      "d" : "1756382454604120923",
      "t" : 1756382454604,
      "tn" : 1756382454604120923,
      "q" : "240.5",
      "p" : "1.0393",
      "s" : "sell",
      "i" : "PYR_USD",
      "m" : "4611686018430338207"
    }, {
      "d" : "1756381985728347914",
      "t" : 1756381985728,
      "tn" : 1756381985728347914,
      "q" : "259.6",
      "p" : "1.0451",
      "s" : "sell",
      "i" : "PYR_USD",
      "m" : "4611686018430338206"
    }, {
      "d" : "1756381985726835908",
      "t" : 1756381985726,
      "tn" : 1756381985726835908,
      "q" : "240.4",
      "p" : "1.0451",
      "s" : "buy",
      "i" : "PYR_USD",
      "m" : "4611686018430338205"
    }, {
      "d" : "1756381823184013125",
      "t" : 1756381823184,
      "tn" : 1756381823184013125,
      "q" : "240.4",
      "p" : "1.0398",
      "s" : "sell",
      "i" : "PYR_USD",
      "m" : "4611686018430338204"
    }, {
      "d" : "1756381779301179192",
      "t" : 1756381779301,
      "tn" : 1756381779301179192,
      "q" : "500.0",
      "p" : "1.0465",
      "s" : "buy",
      "i" : "PYR_USD",
      "m" : "4611686018430338203"
    }, {
      "d" : "1756381721330780412",
      "t" : 1756381721330,
      "tn" : 1756381721330780412,
      "q" : "130.3",
      "p" : "1.0453",
      "s" : "buy",
      "i" : "PYR_USD",
      "m" : "4611686018430338202"
    }, {
      "d" : "1756381721329902238",
      "t" : 1756381721329,
      "tn" : 1756381721329902237,
      "q" : "394.1",
      "p" : "1.0455",
      "s" : "buy",
      "i" : "PYR_USD",
      "m" : "4611686018430338201"
    }, {
      "d" : "1756381721329902237",
      "t" : 1756381721329,
      "tn" : 1756381721329902237,
      "q" : "1452.8",
      "p" : "1.0455",
      "s" : "buy",
      "i" : "PYR_USD",
      "m" : "4611686018430338201"
    }, {
      "d" : "1756381721328993822",
      "t" : 1756381721328,
      "tn" : 1756381721328993822,
      "q" : "130.3",
      "p" : "1.0453",
      "s" : "buy",
      "i" : "PYR_USD",
      "m" : "4611686018430338200"
    }, {
      "d" : "1756381611278357510",
      "t" : 1756381611278,
      "tn" : 1756381611278357510,
      "q" : "238.6",
      "p" : "1.0417",
      "s" : "sell",
      "i" : "PYR_USD",
      "m" : "4611686018430338199"
    }, {
      "d" : "1756381611277488136",
      "t" : 1756381611277,
      "tn" : 1756381611277488135,
      "q" : "130.8",
      "p" : "1.0417",
      "s" : "buy",
      "i" : "PYR_USD",
      "m" : "4611686018430338198"
    }, {
      "d" : "1756381611277488135",
      "t" : 1756381611277,
      "tn" : 1756381611277488135,
      "q" : "130.6",
      "p" : "1.0417",
      "s" : "buy",
      "i" : "PYR_USD",
      "m" : "4611686018430338198"
    }, {
      "d" : "1756381009248643755",
      "t" : 1756381009248,
      "tn" : 1756381009248643755,
      "q" : "86.4",
      "p" : "1.0396",
      "s" : "sell",
      "i" : "PYR_USD",
      "m" : "4611686018430338197"
    }, {
      "d" : "1756380697191926162",
      "t" : 1756380697191,
      "tn" : 1756380697191926162,
      "q" : "39.0",
      "p" : "1.0405",
      "s" : "sell",
      "i" : "PYR_USD",
      "m" : "4611686018430338196"
    }, {
      "d" : "1756380443775122205",
      "t" : 1756380443775,
      "tn" : 1756380443775122205,
      "q" : "100.8",
      "p" : "1.0462",
      "s" : "buy",
      "i" : "PYR_USD",
      "m" : "4611686018430338195"
    }, {
      "d" : "1756379241247790963",
      "t" : 1756379241247,
      "tn" : 1756379241247790963,
      "q" : "31.1",
      "p" : "1.0443",
      "s" : "buy",
      "i" : "PYR_USD",
      "m" : "4611686018430338194"
    }, {
      "d" : "1756378863789959126",
      "t" : 1756378863789,
      "tn" : 1756378863789959126,
      "q" : "30.8",
      "p" : "1.0428",
      "s" : "sell",
      "i" : "PYR_USD",
      "m" : "4611686018430338193"
    }, {
      "d" : "1756378863787505768",
      "t" : 1756378863787,
      "tn" : 1756378863787505768,
      "q" : "62.8",
      "p" : "1.0428",
      "s" : "sell",
      "i" : "PYR_USD",
      "m" : "4611686018430338192"
    }, {
      "d" : "1756378863782518248",
      "t" : 1756378863782,
      "tn" : 1756378863782518248,
      "q" : "62.8",
      "p" : "1.0428",
      "s" : "sell",
      "i" : "PYR_USD",
      "m" : "4611686018430338191"
    }, {
      "d" : "1756378863777526651",
      "t" : 1756378863777,
      "tn" : 1756378863777526651,
      "q" : "62.8",
      "p" : "1.0428",
      "s" : "sell",
      "i" : "PYR_USD",
      "m" : "4611686018430338190"
    }, {
      "d" : "1756378863772570766",
      "t" : 1756378863772,
      "tn" : 1756378863772570766,
      "q" : "62.8",
      "p" : "1.0428",
      "s" : "sell",
      "i" : "PYR_USD",
      "m" : "4611686018430338189"
    }, {
      "d" : "1756378863767497925",
      "t" : 1756378863767,
      "tn" : 1756378863767497925,
      "q" : "62.8",
      "p" : "1.0428",
      "s" : "sell",
      "i" : "PYR_USD",
      "m" : "4611686018430338188"
    }, {
      "d" : "1756378863762506778",
      "t" : 1756378863762,
      "tn" : 1756378863762506778,
      "q" : "62.8",
      "p" : "1.0428",
      "s" : "sell",
      "i" : "PYR_USD",
      "m" : "4611686018430338187"
    }, {
      "d" : "1756378863757473316",
      "t" : 1756378863757,
      "tn" : 1756378863757473316,
      "q" : "62.8",
      "p" : "1.0428",
      "s" : "sell",
      "i" : "PYR_USD",
      "m" : "4611686018430338186"
    }, {
      "d" : "1756378863752485317",
      "t" : 1756378863752,
      "tn" : 1756378863752485317,
      "q" : "62.8",
      "p" : "1.0428",
      "s" : "sell",
      "i" : "PYR_USD",
      "m" : "4611686018430338185"
    }, {
      "d" : "1756378863747454263",
      "t" : 1756378863747,
      "tn" : 1756378863747454263,
      "q" : "62.8",
      "p" : "1.0428",
      "s" : "sell",
      "i" : "PYR_USD",
      "m" : "4611686018430338184"
    }, {
      "d" : "1756378863742456650",
      "t" : 1756378863742,
      "tn" : 1756378863742456650,
      "q" : "62.8",
      "p" : "1.0428",
      "s" : "sell",
      "i" : "PYR_USD",
      "m" : "4611686018430338183"
    }, {
      "d" : "1756378863737509696",
      "t" : 1756378863737,
      "tn" : 1756378863737509696,
      "q" : "62.8",
      "p" : "1.0428",
      "s" : "sell",
      "i" : "PYR_USD",
      "m" : "4611686018430338182"
    }, {
      "d" : "1756378863733137567",
      "t" : 1756378863733,
      "tn" : 1756378863733137567,
      "q" : "62.8",
      "p" : "1.0428",
      "s" : "sell",
      "i" : "PYR_USD",
      "m" : "4611686018430338181"
    }, {
      "d" : "1756378863727447351",
      "t" : 1756378863727,
      "tn" : 1756378863727447351,
      "q" : "78.8",
      "p" : "1.0428",
      "s" : "sell",
      "i" : "PYR_USD",
      "m" : "4611686018430338180"
    }, {
      "d" : "1756378863717454645",
      "t" : 1756378863717,
      "tn" : 1756378863717454645,
      "q" : "78.8",
      "p" : "1.0428",
      "s" : "sell",
      "i" : "PYR_USD",
      "m" : "4611686018430338179"
    }, {
      "d" : "1756378863711992835",
      "t" : 1756378863711,
      "tn" : 1756378863711992835,
      "q" : "11.3",
      "p" : "1.0429",
      "s" : "sell",
      "i" : "PYR_USD",
      "m" : "4611686018430338178"
    }, {
      "d" : "1756378863710199863",
      "t" : 1756378863710,
      "tn" : 1756378863710199863,
      "q" : "78.8",
      "p" : "1.0429",
      "s" : "sell",
      "i" : "PYR_USD",
      "m" : "4611686018430338177"
    }, {
      "d" : "1756378863652389969",
      "t" : 1756378863652,
      "tn" : 1756378863652389969,
      "q" : "32.6",
      "p" : "1.0430",
      "s" : "sell",
      "i" : "PYR_USD",
      "m" : "4611686018430338176"
    }, {
      "d" : "1756378863652211971",
      "t" : 1756378863652,
      "tn" : 1756378863652211971,
      "q" : "841.0",
      "p" : "1.0430",
      "s" : "sell",
      "i" : "PYR_USD",
      "m" : "4611686018430338175"
    }, {
      "d" : "1756378531868144383",
      "t" : 1756378531868,
      "tn" : 1756378531868144383,
      "q" : "298.1",
      "p" : "1.0483",
      "s" : "buy",
      "i" : "PYR_USD",
      "m" : "4611686018430338174"
    }, {
      "d" : "1756375882989610199",
      "t" : 1756375882989,
      "tn" : 1756375882989610199,
      "q" : "99.3",
      "p" : "1.0465",
      "s" : "buy",
      "i" : "PYR_USD",
      "m" : "4611686018430338173"
    }, {
      "d" : "1756375882989608558",
      "t" : 1756375882989,
      "tn" : 1756375882989608558,
      "q" : "74.2",
      "p" : "1.0464",
      "s" : "buy",
      "i" : "PYR_USD",
      "m" : "4611686018430338172"
    }, {
      "d" : "1756375882989020982",
      "t" : 1756375882989,
      "tn" : 1756375882989020982,
      "q" : "144.7",
      "p" : "1.0464",
      "s" : "buy",
      "i" : "PYR_USD",
      "m" : "4611686018430338171"
    }, {
      "d" : "1756375882989019351",
      "t" : 1756375882989,
      "tn" : 1756375882989019351,
      "q" : "1427.6",
      "p" : "1.0463",
      "s" : "buy",
      "i" : "PYR_USD",
      "m" : "4611686018430338170"
    }, {
      "d" : "1756375882988985574",
      "t" : 1756375882988,
      "tn" : 1756375882988985574,
      "q" : "298.7",
      "p" : "1.0459",
      "s" : "buy",
      "i" : "PYR_USD",
      "m" : "4611686018430338169"
    } ]
  }
}