{
  "id" : -1,
  "method" : "public/get-trades",
  "code" : 0,
  "result" : {
    "data" : [ {
      "d" : "1756460312363060714",
      "t" : 1756460312363,
      "tn" : 1756460312363060714,
      "q" : "11.1",
      "p" : "0.9826",
      "s" : "buy",
      "i" : "PYR_USDT",
      "m" : "4611686018430410162"
    }, {
      "d" : "1756460307723993486",
      "t" : 1756460307723,
      "tn" : 1756460307723993486,
      "q" : "38.7",
      "p" : "0.9789",
      "s" : "buy",
      "i" : "PYR_USDT",
      "m" : "4611686018430410161"
    }, {
      "d" : "1756458199190303377",
      "t" : 1756458199190,
      "tn" : 1756458199190303377,
      "q" : "17.7",
      "p" : "0.9686",
      "s" : "sell",
      "i" : "PYR_USDT",
      "m" : "4611686018430410160"
    }, {
      "d" : "1756458149357946232",
      "t" : 1756458149357,
      "tn" : 1756458149357946231,
      "q" : "31.0",
      "p" : "0.9767",
      "s" : "sell",
      "i" : "PYR_USDT",
      "m" : "4611686018430410159"
    }, {
      "d" : "1756458149357946231",
      "t" : 1756458149357,
      "tn" : 1756458149357946231,
      "q" : "61.1",
      "p" : "0.9767",
      "s" : "sell",
      "i" : "PYR_USDT",
      "m" : "4611686018430410159"
    }, {
      "d" : "1756455067348058238",
      "t" : 1756455067348,
      "tn" : 1756455067348058238,
      "q" : "601.5",
      "p" : "0.9890",
      "s" : "sell",
      "i" : "PYR_USDT",
      "m" : "4611686018430410158"
    }, {
      "d" : "1756455067348056445",
      "t" : 1756455067348,
      "tn" : 1756455067348056445,
      "q" : "128.8",
      "p" : "0.9891",
      "s" : "sell",
      "i" : "PYR_USDT",
      "m" : "4611686018430410157"
    }, {
      "d" : "1756455067347891559",
      "t" : 1756455067347,
      "tn" : 1756455067347891559,
      "q" : "101.0",
      "p" : "0.9895",
      "s" : "sell",
      "i" : "PYR_USDT",
      "m" : "4611686018430410156"
    }, {
      "d" : "1756454979858799854",
      "t" : 1756454979858,
      "tn" : 1756454979858799854,
      "q" : "291.7",
      "p" : "0.9971",
      "s" : "sell",
      "i" : "PYR_USDT",
      "m" : "4611686018430410155"
    }, {
      "d" : "1756452732993684619",
      "t" : 1756452732993,
      "tn" : 1756452732993684619,
      "q" : "88.9",
      "p" : "1.0127",
      "s" : "buy",
      "i" : "PYR_USDT",
      "m" : "4611686018430410154"
    }, {
      "d" : "1756452732990657731",
      "t" : 1756452732990,
      "tn" : 1756452732990657731,
      "q" : "125.9",
      "p" : "1.0127",
      "s" : "buy",
      "i" : "PYR_USDT",
      "m" : "4611686018430410153"
    }, {
      "d" : "1756452732986378467",
      "t" : 1756452732986,
      "tn" : 1756452732986378467,
      "q" : "175.6",
      "p" : "1.0127",
      "s" : "buy",
      "i" : "PYR_USDT",
      "m" : "4611686018430410152"
    }, {
      "d" : "1756452732986376677",
      "t" : 1756452732986,
      "tn" : 1756452732986376677,
      "q" : "97.2",
      "p" : "1.0126",
      "s" : "buy",
      "i" : "PYR_USDT",
      "m" : "4611686018430410151"
    }, {
      "d" : "1756403341496698855",
      "t" : 1756403341496,
      "tn" : 1756403341496698855,
      "q" : "185.3",
      "p" : "1.0283",
      "s" : "sell",
      "i" : "PYR_USDT",
      "m" : "4611686018430410150"
    }, {
      "d" : "1756403341496698363",
      "t" : 1756403341496,
      "tn" : 1756403341496698363,
      "q" : "97.2",
      "p" : "1.0284",
      "s" : "sell",
      "i" : "PYR_USDT",
      "m" : "4611686018430410149"
    }, {
      "d" : "1756400393251803867",
      "t" : 1756400393251,
      "tn" : 1756400393251803867,
      "q" : "14.2",
      "p" : "1.0276",
      "s" : "sell",
      "i" : "PYR_USDT",
      "m" : "4611686018430410148"
    }, {
      "d" : "1756400393246866971",
      "t" : 1756400393246,
      "tn" : 1756400393246866971,
      "q" : "226.0",
      "p" : "1.0276",
      "s" : "sell",
      "i" : "PYR_USDT",
      "m" : "4611686018430410147"
    }, {
      "d" : "1756400393246865381",
      "t" : 1756400393246,
      "tn" : 1756400393246865381,
      "q" : "14.2",
      "p" : "1.0277",
      "s" : "sell",
      "i" : "PYR_USDT",
      "m" : "4611686018430410146"
    }, {
      "d" : "1756400393244200438",
      "t" : 1756400393244,
      "tn" : 1756400393244200438,
      "q" : "80.6",
      "p" : "1.0276",
      "s" : "sell",
      "i" : "PYR_USDT",
      "m" : "4611686018430410145"
    }, {
      "d" : "1756400393244198534",
      "t" : 1756400393244,
      "tn" : 1756400393244198534,
      "q" : "14.2",
      "p" : "1.0277",
      "s" : "sell",
      "i" : "PYR_USDT",
      "m" : "4611686018430410144"
    }, {
      "d" : "1756400370503175295",
      "t" : 1756400370503,
      "tn" : 1756400370503175295,
      "q" : "31.4",
      "p" : "1.0276",
      "s" : "sell",
      "i" : "PYR_USDT",
      "m" : "4611686018430410143"
    }, {
      "d" : "1756400370503173793",
      "t" : 1756400370503,
      "tn" : 1756400370503173793,
      "q" : "14.2",
      "p" : "1.0277",
      "s" : "sell",
      "i" : "PYR_USDT",
      "m" : "4611686018430410142"
    }, {
      "d" : "1756400370500474047",
      "t" : 1756400370500,
      "tn" : 1756400370500474047,
      "q" : "80.6",
      "p" : "1.0276",
      "s" : "sell",
      "i" : "PYR_USDT",
      "m" : "4611686018430410141"
    }, {
      "d" : "1756400370500472533",
      "t" : 1756400370500,
      "tn" : 1756400370500472533,
      "q" : "14.2",
      "p" : "1.0277",
      "s" : "sell",
      "i" : "PYR_USDT",
      "m" : "4611686018430410140"
    }, {
      "d" : "1756400152615016079",
      "t" : 1756400152615,
      "tn" : 1756400152615016079,
      "q" : "366.7",
      "p" : "1.0341",
      "s" : "sell",
      "i" : "PYR_USDT",
      "m" : "4611686018430410139"
    }, {
      "d" : "1756400152615008734",
      "t" : 1756400152615,
      "tn" : 1756400152615008734,
      "q" : "94.8",
      "p" : "1.0341",
      "s" : "sell",
      "i" : "PYR_USDT",
      "m" : "4611686018430410138"
    }, {
      "d" : "1756397184562427838",
      "t" : 1756397184562,
      "tn" : 1756397184562427838,
      "q" : "85.2",
      "p" : "1.0401",
      "s" : "buy",
      "i" : "PYR_USDT",
      "m" : "4611686018430410137"
    }, {
      "d" : "1756397184562158783",
      "t" : 1756397184562,
      "tn" : 1756397184562158783,
      "q" : "9.6",
      "p" : "1.0401",
      "s" : "buy",
      "i" : "PYR_USDT",
      "m" : "4611686018430410136"
    }, {
      "d" : "1756394380576608619",
      "t" : 1756394380576,
      "tn" : 1756394380576608619,
      "q" : "84.7",
      "p" : "1.0425",
      "s" : "sell",
      "i" : "PYR_USDT",
      "m" : "4611686018430410135"
    }, {
      "d" : "1756394380571582963",
      "t" : 1756394380571,
      "tn" : 1756394380571582963,
      "q" : "94.8",
      "p" : "1.0425",
      "s" : "sell",
      "i" : "PYR_USDT",
      "m" : "4611686018430410134"
    }, {
      "d" : "1756394380566665007",
      "t" : 1756394380566,
      "tn" : 1756394380566665007,
      "q" : "94.8",
      "p" : "1.0425",
      "s" : "sell",
      "i" : "PYR_USDT",
      "m" : "4611686018430410133"
    }, {
      "d" : "1756394380565203275",
      "t" : 1756394380565,
      "tn" : 1756394380565203275,
      "q" : "94.8",
      "p" : "1.0425",
      "s" : "sell",
      "i" : "PYR_USDT",
      "m" : "4611686018430410132"
    }, {
      "d" : "1756394380561610944",
      "t" : 1756394380561,
      "tn" : 1756394380561610944,
      "q" : "94.8",
      "p" : "1.0425",
      "s" : "sell",
      "i" : "PYR_USDT",
      "m" : "4611686018430410131"
    }, {
      "d" : "1756394380555387694",
      "t" : 1756394380555,
      "tn" : 1756394380555387694,
      "q" : "14.0",
      "p" : "1.0425",
      "s" : "sell",
      "i" : "PYR_USDT",
      "m" : "4611686018430410130"
    }, {
      "d" : "1756394380551491311",
      "t" : 1756394380551,
      "tn" : 1756394380551491311,
      "q" : "14.0",
      "p" : "1.0424",
      "s" : "sell",
      "i" : "PYR_USDT",
      "m" : "4611686018430410129"
    }, {
      "d" : "1756394380542686378",
      "t" : 1756394380542,
      "tn" : 1756394380542686378,
      "q" : "94.8",
      "p" : "1.0424",
      "s" : "sell",
      "i" : "PYR_USDT",
      "m" : "4611686018430410128"
    }, {
      "d" : "1756387501223646636",
      "t" : 1756387501223,
      "tn" : 1756387501223646636,
      "q" : "94.8",
      "p" : "1.0483",
      "s" : "sell",
      "i" : "PYR_USDT",
      "m" : "4611686018430410127"
    }, {
      "d" : "1756387501216853187",
      "t" : 1756387501216,
      "tn" : 1756387501216853187,
      "q" : "80.8",
      "p" : "1.0483",
      "s" : "sell",
      "i" : "PYR_USDT",
      "m" : "4611686018430410126"
    }, {
      "d" : "1756387501216851451",
      "t" : 1756387501216,
      "tn" : 1756387501216851451,
      "q" : "14.0",
      "p" : "1.0484",
      "s" : "sell",
      "i" : "PYR_USDT",
      "m" : "4611686018430410125"
    }, {
      "d" : "1756387501214956279",
      "t" : 1756387501214,
      "tn" : 1756387501214956279,
      "q" : "80.8",
      "p" : "1.0483",
      "s" : "sell",
      "i" : "PYR_USDT",
      "m" : "4611686018430410124"
    }, {
      "d" : "1756387501214954608",
      "t" : 1756387501214,
      "tn" : 1756387501214954608,
      "q" : "14.0",
      "p" : "1.0484",
      "s" : "sell",
      "i" : "PYR_USDT",
      "m" : "4611686018430410123"
    }, {
      "d" : "1756386204587327133",
      "t" : 1756386204587,
      "tn" : 1756386204587327133,
      "q" : "56.2",
      "p" : "1.0432",
      "s" : "buy",
      "i" : "PYR_USDT",
      "m" : "4611686018430410122"
    }, {
      "d" : "1756386204586918326",
      "t" : 1756386204586,
      "tn" : 1756386204586918326,
      "q" : "224.8",
      "p" : "1.0432",
      "s" : "buy",
      "i" : "PYR_USDT",
      "m" : "4611686018430410121"
    }, {
      "d" : "1756386204518974489",
      "t" : 1756386204518,
      "tn" : 1756386204518974489,
      "q" : "96.1",
      "p" : "1.0426",
      "s" : "buy",
      "i" : "PYR_USDT",
      "m" : "4611686018430410120"
    }, {
      "d" : "1756382983680095400",
      "t" : 1756382983680,
      "tn" : 1756382983680095400,
      "q" : "20.6",
      "p" : "1.0394",
      "s" : "sell",
      "i" : "PYR_USDT",
      "m" : "4611686018430410119"
    }, {
      "d" : "1756382983680093887",
      "t" : 1756382983680,
      "tn" : 1756382983680093887,
      "q" : "96.1",
      "p" : "1.0395",
      "s" : "sell",
      "i" : "PYR_USDT",
      "m" : "4611686018430410118"
    }, {
      "d" : "1756382983677591338",
      "t" : 1756382983677,
      "tn" : 1756382983677591338,
      "q" : "365.6",
      "p" : "1.0394",
      "s" : "sell",
      "i" : "PYR_USDT",
      "m" : "4611686018430410117"
    }, {
      "d" : "1756382983672399487",
      "t" : 1756382983672,
      "tn" : 1756382983672399487,
      "q" : "94.8",
      "p" : "1.0394",
      "s" : "sell",
      "i" : "PYR_USDT",
      "m" : "4611686018430410116"
    }, {
      "d" : "1756381721333273164",
      "t" : 1756381721333,
      "tn" : 1756381721333273164,
      "q" : "509.5",
      "p" : "1.0457",
      "s" : "buy",
      "i" : "PYR_USDT",
      "m" : "4611686018430410115"
    }, {
      "d" : "1756381721330924543",
      "t" : 1756381721330,
      "tn" : 1756381721330924543,
      "q" : "248.3",
      "p" : "1.0453",
      "s" : "buy",
      "i" : "PYR_USDT",
      "m" : "4611686018430410114"
    }, {
      "d" : "1756381721328983517",
      "t" : 1756381721328,
      "tn" : 1756381721328983517,
      "q" : "96.1",
      "p" : "1.0444",
      "s" : "buy",
      "i" : "PYR_USDT",
      "m" : "4611686018430410113"
    }, {
      "d" : "1756381304816153487",
      "t" : 1756381304816,
      "tn" : 1756381304816153487,
      "q" : "562.0",
      "p" : "1.0401",
      "s" : "sell",
      "i" : "PYR_USDT",
      "m" : "4611686018430410112"
    }, {
      "d" : "1756381304816150442",
      "t" : 1756381304816,
      "tn" : 1756381304816150442,
      "q" : "96.1",
      "p" : "1.0402",
      "s" : "sell",
      "i" : "PYR_USDT",
      "m" : "4611686018430410111"
    }, {
      "d" : "1756378863626055124",
      "t" : 1756378863626,
      "tn" : 1756378863626055124,
      "q" : "61.3",
      "p" : "1.0437",
      "s" : "sell",
      "i" : "PYR_USDT",
      "m" : "4611686018430410110"
    }, {
      "d" : "1756378863620930536",
      "t" : 1756378863620,
      "tn" : 1756378863620930536,
      "q" : "94.8",
      "p" : "1.0437",
      "s" : "sell",
      "i" : "PYR_USDT",
      "m" : "4611686018430410109"
    }, {
      "d" : "1756378863618014281",
      "t" : 1756378863618,
      "tn" : 1756378863618014281,
      "q" : "94.8",
      "p" : "1.0437",
      "s" : "sell",
      "i" : "PYR_USDT",
      "m" : "4611686018430410108"
    }, {
      "d" : "1756378863616080190",
      "t" : 1756378863616,
      "tn" : 1756378863616080190,
      "q" : "94.8",
      "p" : "1.0437",
      "s" : "sell",
      "i" : "PYR_USDT",
      "m" : "4611686018430410107"
    }, {
      "d" : "1756378863614096380",
      "t" : 1756378863614,
      "tn" : 1756378863614096380,
      "q" : "94.8",
      "p" : "1.0437",
      "s" : "sell",
      "i" : "PYR_USDT",
      "m" : "4611686018430410106"
    }, {
      "d" : "1756378531869010559",
      "t" : 1756378531869,
      "tn" : 1756378531869010559,
      "q" : "153.7",
      "p" : "1.0462",
      "s" : "buy",
      "i" : "PYR_USDT",
      "m" : "4611686018430410105"
    }, {
      "d" : "1756378531867775578",
      "t" : 1756378531867,
      "tn" : 1756378531867775578,
      "q" : "159.0",
      "p" : "1.0462",
      "s" : "buy",
      "i" : "PYR_USDT",
      "m" : "4611686018430410104"
    }, {
      "d" : "1756378107391468363",
      "t" : 1756378107391,
      "tn" : 1756378107391468363,
      "q" : "234.3",
      "p" : "1.0471",
      "s" : "buy",
      "i" : "PYR_USDT",
      "m" : "4611686018430410103"
    }, {
      "d" : "1756378107391465472",
      "t" : 1756378107391,
      "tn" : 1756378107391465472,
      "q" : "14.0",
      "p" : "1.0470",
      "s" : "buy",
      "i" : "PYR_USDT",
      "m" : "4611686018430410102"
    }, {
      "d" : "1756377844192030381",
      "t" : 1756377844192,
      "tn" : 1756377844192030381,
      "q" : "9.6",
      "p" : "1.0461",
      "s" : "buy",
      "i" : "PYR_USDT",
      "m" : "4611686018430410101"
    }, {
      "d" : "1756376045917239716",
      "t" : 1756376045917,
      "tn" : 1756376045917239716,
      "q" : "254.1",
      "p" : "1.0383",
      "s" : "sell",
      "i" : "PYR_USDT",
      "m" : "4611686018430410100"
    }, {
      "d" : "1756376045917237879",
      "t" : 1756376045917,
      "tn" : 1756376045917237879,
      "q" : "24.5",
      "p" : "1.0386",
      "s" : "sell",
      "i" : "PYR_USDT",
      "m" : "4611686018430410099"
    }, {
      "d" : "1756376045917006988",
      "t" : 1756376045917,
      "tn" : 1756376045917006988,
      "q" : "14.1",
      "p" : "1.0387",
      "s" : "sell",
      "i" : "PYR_USDT",
      "m" : "4611686018430410098"
    }, {
      "d" : "1756375882989092855",
      "t" : 1756375882989,
      "tn" : 1756375882989092855,
      "q" : "734.9",
      "p" : "1.0483",
      "s" : "buy",
      "i" : "PYR_USDT",
      "m" : "4611686018430410097"
    }, {
      "d" : "1756375882989090865",
      "t" : 1756375882989,
      "tn" : 1756375882989090865,
      "q" : "589.9",
      "p" : "1.0479",
      "s" : "buy",
      "i" : "PYR_USDT",
      "m" : "4611686018430410096"
    }, {
      "d" : "1756375882989089099",
      "t" : 1756375882989,
      "tn" : 1756375882989089099,
      "q" : "31.4",
      "p" : "1.0462",
      "s" : "buy",
      "i" : "PYR_USDT",
      "m" : "4611686018430410095"
    }, {
      "d" : "1756375882989004713",
      "t" : 1756375882989,
      "tn" : 1756375882989004713,
      "q" : "658.1",
      "p" : "1.0462",
      "s" : "buy",
      "i" : "PYR_USDT",
      "m" : "4611686018430410094"
    }, {
      "d" : "1756375882989002921",
      "t" : 1756375882989,
      "tn" : 1756375882989002921,
      "q" : "77.5",
      "p" : "1.0461",
      "s" : "buy",
      "i" : "PYR_USDT",
      "m" : "4611686018430410093"
    }, {
      "d" : "1756375882988999930",
      "t" : 1756375882988,
      "tn" : 1756375882988999930,
      "q" : "398.9",
      "p" : "1.0452",
      "s" : "buy",
      "i" : "PYR_USDT",
      "m" : "4611686018430410092"
    }, {
      "d" : "1756375882988996490",
      "t" : 1756375882988,
      "tn" : 1756375882988996490,
      "q" : "116.3",
      "p" : "1.0431",
      "s" : "buy",
      "i" : "PYR_USDT",
      "m" : "4611686018430410091"
    } ]
  }
}