{
  "id" : -1,
  "method" : "public/get-trades",
  "code" : 0,
  "result" : {
    "data" : [ {
      "d" : "1756462216941255991",
      "t" : 1756462216941,
      "tn" : 1756462216941255991,
      "q" : "5",
      "p" : "0.22423",
      "s" : "buy",
      "i" : "PYTH_USD",
      "m" : "4611686018429032551"
    }, {
      "d" : "1756462208802784927",
      "t" : 1756462208802,
      "tn" : 1756462208802784927,
      "q" : "300",
      "p" : "0.22537",
      "s" : "sell",
      "i" : "PYTH_USD",
      "m" : "4611686018429032550"
    }, {
      "d" : "1756462207564886754",
      "t" : 1756462207564,
      "tn" : 1756462207564886754,
      "q" : "147",
      "p" : "0.22572",
      "s" : "buy",
      "i" : "PYTH_USD",
      "m" : "4611686018429032549"
    }, {
      "d" : "1756462195991392712",
      "t" : 1756462195991,
      "tn" : 1756462195991392712,
      "q" : "5",
      "p" : "0.22494",
      "s" : "buy",
      "i" : "PYTH_USD",
      "m" : "4611686018429032548"
    }, {
      "d" : "1756462176475410899",
      "t" : 1756462176475,
      "tn" : 1756462176475410899,
      "q" : "2219",
      "p" : "0.22531",
      "s" : "sell",
      "i" : "PYTH_USD",
      "m" : "4611686018429032547"
    }, {
      "d" : "1756462175092171653",
      "t" : 1756462175092,
      "tn" : 1756462175092171653,
      "q" : "5",
      "p" : "0.22587",
      "s" : "buy",
      "i" : "PYTH_USD",
      "m" : "4611686018429032546"
    }, {
      "d" : "1756462164112968367",
      "t" : 1756462164112,
      "tn" : 1756462164112968367,
      "q" : "1387",
      "p" : "0.22564",
      "s" : "buy",
      "i" : "PYTH_USD",
      "m" : "4611686018429032545"
    }, {
      "d" : "1756462154142285456",
      "t" : 1756462154142,
      "tn" : 1756462154142285456,
      "q" : "5",
      "p" : "0.22610",
      "s" : "buy",
      "i" : "PYTH_USD",
      "m" : "4611686018429032544"
    }, {
      "d" : "1756462152905780883",
      "t" : 1756462152905,
      "tn" : 1756462152905780883,
      "q" : "1396",
      "p" : "0.22603",
      "s" : "buy",
      "i" : "PYTH_USD",
      "m" : "4611686018429032543"
    }, {
      "d" : "1756462152900345894",
      "t" : 1756462152900,
      "tn" : 1756462152900345894,
      "q" : "2144",
      "p" : "0.22603",
      "s" : "buy",
      "i" : "PYTH_USD",
      "m" : "4611686018429032542"
    }, {
      "d" : "1756462149034181095",
      "t" : 1756462149034,
      "tn" : 1756462149034181095,
      "q" : "4427",
      "p" : "0.22588",
      "s" : "sell",
      "i" : "PYTH_USD",
      "m" : "4611686018429032541"
    }, {
      "d" : "1756462133241485510",
      "t" : 1756462133241,
      "tn" : 1756462133241485510,
      "q" : "5",
      "p" : "0.22788",
      "s" : "buy",
      "i" : "PYTH_USD",
      "m" : "4611686018429032540"
    }, {
      "d" : "1756462124532159624",
      "t" : 1756462124532,
      "tn" : 1756462124532159624,
      "q" : "1198",
      "p" : "0.22677",
      "s" : "sell",
      "i" : "PYTH_USD",
      "m" : "4611686018429032539"
    }, {
      "d" : "1756462121369880024",
      "t" : 1756462121369,
      "tn" : 1756462121369880024,
      "q" : "1325",
      "p" : "0.22677",
      "s" : "buy",
      "i" : "PYTH_USD",
      "m" : "4611686018429032538"
    }, {
      "d" : "1756462112291367664",
      "t" : 1756462112291,
      "tn" : 1756462112291367664,
      "q" : "5",
      "p" : "0.22692",
      "s" : "buy",
      "i" : "PYTH_USD",
      "m" : "4611686018429032537"
    }, {
      "d" : "1756462091341932714",
      "t" : 1756462091341,
      "tn" : 1756462091341932714,
      "q" : "5",
      "p" : "0.22740",
      "s" : "buy",
      "i" : "PYTH_USD",
      "m" : "4611686018429032536"
    }, {
      "d" : "1756462070442015904",
      "t" : 1756462070442,
      "tn" : 1756462070442015904,
      "q" : "5",
      "p" : "0.22866",
      "s" : "buy",
      "i" : "PYTH_USD",
      "m" : "4611686018429032535"
    }, {
      "d" : "1756462063456052506",
      "t" : 1756462063456,
      "tn" : 1756462063456052506,
      "q" : "2424",
      "p" : "0.22828",
      "s" : "buy",
      "i" : "PYTH_USD",
      "m" : "4611686018429032534"
    }, {
      "d" : "1756462063453611117",
      "t" : 1756462063453,
      "tn" : 1756462063453611117,
      "q" : "1191",
      "p" : "0.22818",
      "s" : "buy",
      "i" : "PYTH_USD",
      "m" : "4611686018429032533"
    }, {
      "d" : "1756462063453609280",
      "t" : 1756462063453,
      "tn" : 1756462063453609280,
      "q" : "3700",
      "p" : "0.22815",
      "s" : "buy",
      "i" : "PYTH_USD",
      "m" : "4611686018429032532"
    }, {
      "d" : "1756462049491660703",
      "t" : 1756462049491,
      "tn" : 1756462049491660703,
      "q" : "5",
      "p" : "0.22955",
      "s" : "buy",
      "i" : "PYTH_USD",
      "m" : "4611686018429032531"
    }, {
      "d" : "1756462049231081395",
      "t" : 1756462049231,
      "tn" : 1756462049231081395,
      "q" : "1200",
      "p" : "0.22926",
      "s" : "sell",
      "i" : "PYTH_USD",
      "m" : "4611686018429032530"
    }, {
      "d" : "1756462048706302577",
      "t" : 1756462048706,
      "tn" : 1756462048706302577,
      "q" : "669",
      "p" : "0.22963",
      "s" : "buy",
      "i" : "PYTH_USD",
      "m" : "4611686018429032529"
    }, {
      "d" : "1756462048554211988",
      "t" : 1756462048554,
      "tn" : 1756462048554211988,
      "q" : "1714",
      "p" : "0.22938",
      "s" : "buy",
      "i" : "PYTH_USD",
      "m" : "4611686018429032528"
    }, {
      "d" : "1756462048550944196",
      "t" : 1756462048550,
      "tn" : 1756462048550944196,
      "q" : "1714",
      "p" : "0.22938",
      "s" : "buy",
      "i" : "PYTH_USD",
      "m" : "4611686018429032527"
    }, {
      "d" : "1756462048470287626",
      "t" : 1756462048470,
      "tn" : 1756462048470287626,
      "q" : "1762",
      "p" : "0.22928",
      "s" : "buy",
      "i" : "PYTH_USD",
      "m" : "4611686018429032526"
    }, {
      "d" : "1756462044822242462",
      "t" : 1756462044822,
      "tn" : 1756462044822242462,
      "q" : "2182",
      "p" : "0.22905",
      "s" : "buy",
      "i" : "PYTH_USD",
      "m" : "4611686018429032525"
    }, {
      "d" : "1756462044822239847",
      "t" : 1756462044822,
      "tn" : 1756462044822239847,
      "q" : "1733",
      "p" : "0.22904",
      "s" : "buy",
      "i" : "PYTH_USD",
      "m" : "4611686018429032524"
    }, {
      "d" : "1756462028541536577",
      "t" : 1756462028541,
      "tn" : 1756462028541536577,
      "q" : "5",
      "p" : "0.22864",
      "s" : "buy",
      "i" : "PYTH_USD",
      "m" : "4611686018429032523"
    }, {
      "d" : "1756462009421000614",
      "t" : 1756462009421,
      "tn" : 1756462009421000614,
      "q" : "500",
      "p" : "0.22905",
      "s" : "buy",
      "i" : "PYTH_USD",
      "m" : "4611686018429032522"
    }, {
      "d" : "1756462007641623520",
      "t" : 1756462007641,
      "tn" : 1756462007641623520,
      "q" : "5",
      "p" : "0.22908",
      "s" : "buy",
      "i" : "PYTH_USD",
      "m" : "4611686018429032521"
    }, {
      "d" : "1756461986692212846",
      "t" : 1756461986692,
      "tn" : 1756461986692212846,
      "q" : "5",
      "p" : "0.22967",
      "s" : "buy",
      "i" : "PYTH_USD",
      "m" : "4611686018429032520"
    }, {
      "d" : "1756461965791656463",
      "t" : 1756461965791,
      "tn" : 1756461965791656463,
      "q" : "5",
      "p" : "0.22813",
      "s" : "buy",
      "i" : "PYTH_USD",
      "m" : "4611686018429032519"
    }, {
      "d" : "1756461944841270445",
      "t" : 1756461944841,
      "tn" : 1756461944841270445,
      "q" : "5",
      "p" : "0.22689",
      "s" : "buy",
      "i" : "PYTH_USD",
      "m" : "4611686018429032518"
    }, {
      "d" : "1756461930484095799",
      "t" : 1756461930484,
      "tn" : 1756461930484095799,
      "q" : "76",
      "p" : "0.22631",
      "s" : "buy",
      "i" : "PYTH_USD",
      "m" : "4611686018429032517"
    }, {
      "d" : "1756461923891499241",
      "t" : 1756461923891,
      "tn" : 1756461923891499241,
      "q" : "5",
      "p" : "0.22632",
      "s" : "buy",
      "i" : "PYTH_USD",
      "m" : "4611686018429032516"
    }, {
      "d" : "1756461904291893138",
      "t" : 1756461904291,
      "tn" : 1756461904291893138,
      "q" : "5",
      "p" : "0.22722",
      "s" : "buy",
      "i" : "PYTH_USD",
      "m" : "4611686018429032515"
    }, {
      "d" : "1756461857573761939",
      "t" : 1756461857573,
      "tn" : 1756461857573761939,
      "q" : "438",
      "p" : "0.22720",
      "s" : "buy",
      "i" : "PYTH_USD",
      "m" : "4611686018429032514"
    }, {
      "d" : "1756461815558147366",
      "t" : 1756461815558,
      "tn" : 1756461815558147366,
      "q" : "300",
      "p" : "0.22800",
      "s" : "sell",
      "i" : "PYTH_USD",
      "m" : "4611686018429032513"
    }, {
      "d" : "1756461815558145362",
      "t" : 1756461815558,
      "tn" : 1756461815558145362,
      "q" : "438",
      "p" : "0.22801",
      "s" : "sell",
      "i" : "PYTH_USD",
      "m" : "4611686018429032512"
    }, {
      "d" : "1756461813098287910",
      "t" : 1756461813098,
      "tn" : 1756461813098287910,
      "q" : "893",
      "p" : "0.22790",
      "s" : "buy",
      "i" : "PYTH_USD",
      "m" : "4611686018429032511"
    }, {
      "d" : "1756461813095920718",
      "t" : 1756461813095,
      "tn" : 1756461813095920718,
      "q" : "843",
      "p" : "0.22790",
      "s" : "buy",
      "i" : "PYTH_USD",
      "m" : "4611686018429032510"
    }, {
      "d" : "1756461813074266144",
      "t" : 1756461813074,
      "tn" : 1756461813074266144,
      "q" : "590",
      "p" : "0.22786",
      "s" : "buy",
      "i" : "PYTH_USD",
      "m" : "4611686018429032509"
    }, {
      "d" : "1756461813056065039",
      "t" : 1756461813056,
      "tn" : 1756461813056065039,
      "q" : "1192",
      "p" : "0.22786",
      "s" : "buy",
      "i" : "PYTH_USD",
      "m" : "4611686018429032508"
    }, {
      "d" : "1756461813032132461",
      "t" : 1756461813032,
      "tn" : 1756461813032132461,
      "q" : "474",
      "p" : "0.22749",
      "s" : "buy",
      "i" : "PYTH_USD",
      "m" : "4611686018429032507"
    }, {
      "d" : "1756461813032130901",
      "t" : 1756461813032,
      "tn" : 1756461813032130901,
      "q" : "4567",
      "p" : "0.22748",
      "s" : "buy",
      "i" : "PYTH_USD",
      "m" : "4611686018429032506"
    }, {
      "d" : "1756461813031633646",
      "t" : 1756461813031,
      "tn" : 1756461813031633646,
      "q" : "821",
      "p" : "0.22748",
      "s" : "buy",
      "i" : "PYTH_USD",
      "m" : "4611686018429032505"
    }, {
      "d" : "1756461796197215700",
      "t" : 1756461796197,
      "tn" : 1756461796197215700,
      "q" : "2240",
      "p" : "0.22664",
      "s" : "sell",
      "i" : "PYTH_USD",
      "m" : "4611686018429032504"
    }, {
      "d" : "1756461777406947122",
      "t" : 1756461777406,
      "tn" : 1756461777406947122,
      "q" : "445",
      "p" : "0.22500",
      "s" : "buy",
      "i" : "PYTH_USD",
      "m" : "4611686018429032503"
    }, {
      "d" : "1756461766173550829",
      "t" : 1756461766173,
      "tn" : 1756461766173550829,
      "q" : "529",
      "p" : "0.22547",
      "s" : "sell",
      "i" : "PYTH_USD",
      "m" : "4611686018429032502"
    }, {
      "d" : "1756461766146134291",
      "t" : 1756461766146,
      "tn" : 1756461766146134291,
      "q" : "312",
      "p" : "0.22547",
      "s" : "sell",
      "i" : "PYTH_USD",
      "m" : "4611686018429032501"
    }, {
      "d" : "1756461766146132220",
      "t" : 1756461766146,
      "tn" : 1756461766146132220,
      "q" : "443",
      "p" : "0.22548",
      "s" : "sell",
      "i" : "PYTH_USD",
      "m" : "4611686018429032500"
    }, {
      "d" : "1756461765711426908",
      "t" : 1756461765711,
      "tn" : 1756461765711426908,
      "q" : "87",
      "p" : "0.22527",
      "s" : "sell",
      "i" : "PYTH_USD",
      "m" : "4611686018429032499"
    }, {
      "d" : "1756461759286897007",
      "t" : 1756461759286,
      "tn" : 1756461759286897007,
      "q" : "557",
      "p" : "0.22436",
      "s" : "buy",
      "i" : "PYTH_USD",
      "m" : "4611686018429032498"
    }, {
      "d" : "1756461754354543755",
      "t" : 1756461754354,
      "tn" : 1756461754354543755,
      "q" : "300",
      "p" : "0.22383",
      "s" : "buy",
      "i" : "PYTH_USD",
      "m" : "4611686018429032497"
    }, {
      "d" : "1756461739872871271",
      "t" : 1756461739872,
      "tn" : 1756461739872871271,
      "q" : "557",
      "p" : "0.22418",
      "s" : "buy",
      "i" : "PYTH_USD",
      "m" : "4611686018429032496"
    }, {
      "d" : "1756461735971454353",
      "t" : 1756461735971,
      "tn" : 1756461735971454353,
      "q" : "1500",
      "p" : "0.22320",
      "s" : "sell",
      "i" : "PYTH_USD",
      "m" : "4611686018429032495"
    }, {
      "d" : "1756461733088861251",
      "t" : 1756461733088,
      "tn" : 1756461733088861251,
      "q" : "2200",
      "p" : "0.22358",
      "s" : "sell",
      "i" : "PYTH_USD",
      "m" : "4611686018429032494"
    }, {
      "d" : "1756461733088859050",
      "t" : 1756461733088,
      "tn" : 1756461733088859050,
      "q" : "221",
      "p" : "0.22359",
      "s" : "sell",
      "i" : "PYTH_USD",
      "m" : "4611686018429032493"
    }, {
      "d" : "1756461731662851147",
      "t" : 1756461731662,
      "tn" : 1756461731662851147,
      "q" : "2200",
      "p" : "0.22343",
      "s" : "sell",
      "i" : "PYTH_USD",
      "m" : "4611686018429032492"
    }, {
      "d" : "1756461731662848930",
      "t" : 1756461731662,
      "tn" : 1756461731662848930,
      "q" : "447",
      "p" : "0.22344",
      "s" : "sell",
      "i" : "PYTH_USD",
      "m" : "4611686018429032491"
    }, {
      "d" : "1756461730018599666",
      "t" : 1756461730018,
      "tn" : 1756461730018599666,
      "q" : "449",
      "p" : "0.22340",
      "s" : "buy",
      "i" : "PYTH_USD",
      "m" : "4611686018429032490"
    }, {
      "d" : "1756461721857825005",
      "t" : 1756461721857,
      "tn" : 1756461721857825005,
      "q" : "448",
      "p" : "0.22311",
      "s" : "sell",
      "i" : "PYTH_USD",
      "m" : "4611686018429032489"
    }, {
      "d" : "1756461711719558495",
      "t" : 1756461711719,
      "tn" : 1756461711719558495,
      "q" : "75",
      "p" : "0.22252",
      "s" : "sell",
      "i" : "PYTH_USD",
      "m" : "4611686018429032488"
    }, {
      "d" : "1756461711712568150",
      "t" : 1756461711712,
      "tn" : 1756461711712568150,
      "q" : "225",
      "p" : "0.22252",
      "s" : "sell",
      "i" : "PYTH_USD",
      "m" : "4611686018429032487"
    }, {
      "d" : "1756461711712566223",
      "t" : 1756461711712,
      "tn" : 1756461711712566223,
      "q" : "449",
      "p" : "0.22253",
      "s" : "sell",
      "i" : "PYTH_USD",
      "m" : "4611686018429032486"
    }, {
      "d" : "1756461670051340596",
      "t" : 1756461670051,
      "tn" : 1756461670051340596,
      "q" : "1900",
      "p" : "0.22071",
      "s" : "sell",
      "i" : "PYTH_USD",
      "m" : "4611686018429032485"
    }, {
      "d" : "1756461666659162972",
      "t" : 1756461666659,
      "tn" : 1756461666659162972,
      "q" : "300",
      "p" : "0.22105",
      "s" : "sell",
      "i" : "PYTH_USD",
      "m" : "4611686018429032484"
    }, {
      "d" : "1756461653015874197",
      "t" : 1756461653015,
      "tn" : 1756461653015874197,
      "q" : "300",
      "p" : "0.22027",
      "s" : "sell",
      "i" : "PYTH_USD",
      "m" : "4611686018429032483"
    }, {
      "d" : "1756461650610837487",
      "t" : 1756461650610,
      "tn" : 1756461650610837487,
      "q" : "454",
      "p" : "0.22022",
      "s" : "buy",
      "i" : "PYTH_USD",
      "m" : "4611686018429032482"
    }, {
      "d" : "1756461633941932357",
      "t" : 1756461633941,
      "tn" : 1756461633941932357,
      "q" : "454",
      "p" : "0.21980",
      "s" : "sell",
      "i" : "PYTH_USD",
      "m" : "4611686018429032481"
    }, {
      "d" : "1756461608296553308",
      "t" : 1756461608296,
      "tn" : 1756461608296553308,
      "q" : "2394",
      "p" : "0.22028",
      "s" : "buy",
      "i" : "PYTH_USD",
      "m" : "4611686018429032480"
    }, {
      "d" : "1756461608247831913",
      "t" : 1756461608247,
      "tn" : 1756461608247831913,
      "q" : "1306",
      "p" : "0.22028",
      "s" : "buy",
      "i" : "PYTH_USD",
      "m" : "4611686018429032479"
    }, {
      "d" : "1756461579771157901",
      "t" : 1756461579771,
      "tn" : 1756461579771157901,
      "q" : "335",
      "p" : "0.22094",
      "s" : "buy",
      "i" : "PYTH_USD",
      "m" : "4611686018429032478"
    }, {
      "d" : "1756461576857061207",
      "t" : 1756461576857,
      "tn" : 1756461576857061207,
      "q" : "300",
      "p" : "0.22062",
      "s" : "buy",
      "i" : "PYTH_USD",
      "m" : "4611686018429032477"
    }, {
      "d" : "1756461576857059124",
      "t" : 1756461576857,
      "tn" : 1756461576857059124,
      "q" : "566",
      "p" : "0.22061",
      "s" : "buy",
      "i" : "PYTH_USD",
      "m" : "4611686018429032476"
    }, {
      "d" : "1756461551634683844",
      "t" : 1756461551634,
      "tn" : 1756461551634683844,
      "q" : "451",
      "p" : "0.22131",
      "s" : "sell",
      "i" : "PYTH_USD",
      "m" : "4611686018429032475"
    }, {
      "d" : "1756461549241315536",
      "t" : 1756461549241,
      "tn" : 1756461549241315536,
      "q" : "528",
      "p" : "0.22157",
      "s" : "buy",
      "i" : "PYTH_USD",
      "m" : "4611686018429032474"
    }, {
      "d" : "1756461548222292444",
      "t" : 1756461548222,
      "tn" : 1756461548222292443,
      "q" : "195",
      "p" : "0.22177",
      "s" : "sell",
      "i" : "PYTH_USD",
      "m" : "4611686018429032473"
    }, {
      "d" : "1756461548222292443",
      "t" : 1756461548222,
      "tn" : 1756461548222292443,
      "q" : "450",
      "p" : "0.22177",
      "s" : "sell",
      "i" : "PYTH_USD",
      "m" : "4611686018429032473"
    }, {
      "d" : "1756461467921081275",
      "t" : 1756461467921,
      "tn" : 1756461467921081275,
      "q" : "1500",
      "p" : "0.22026",
      "s" : "sell",
      "i" : "PYTH_USD",
      "m" : "4611686018429032472"
    }, {
      "d" : "1756461461720440677",
      "t" : 1756461461720,
      "tn" : 1756461461720440677,
      "q" : "519",
      "p" : "0.22007",
      "s" : "buy",
      "i" : "PYTH_USD",
      "m" : "4611686018429032471"
    }, {
      "d" : "1756461461677298621",
      "t" : 1756461461677,
      "tn" : 1756461461677298621,
      "q" : "454",
      "p" : "0.21969",
      "s" : "buy",
      "i" : "PYTH_USD",
      "m" : "4611686018429032470"
    }, {
      "d" : "1756461447538744557",
      "t" : 1756461447538,
      "tn" : 1756461447538744557,
      "q" : "454",
      "p" : "0.22000",
      "s" : "buy",
      "i" : "PYTH_USD",
      "m" : "4611686018429032469"
    }, {
      "d" : "1756461442237816770",
      "t" : 1756461442237,
      "tn" : 1756461442237816770,
      "q" : "1600",
      "p" : "0.22003",
      "s" : "buy",
      "i" : "PYTH_USD",
      "m" : "4611686018429032468"
    }, {
      "d" : "1756461438100907166",
      "t" : 1756461438100,
      "tn" : 1756461438100907166,
      "q" : "454",
      "p" : "0.21996",
      "s" : "sell",
      "i" : "PYTH_USD",
      "m" : "4611686018429032467"
    }, {
      "d" : "1756461410434411438",
      "t" : 1756461410434,
      "tn" : 1756461410434411438,
      "q" : "454",
      "p" : "0.22021",
      "s" : "sell",
      "i" : "PYTH_USD",
      "m" : "4611686018429032466"
    }, {
      "d" : "1756461403404502819",
      "t" : 1756461403404,
      "tn" : 1756461403404502819,
      "q" : "454",
      "p" : "0.22059",
      "s" : "buy",
      "i" : "PYTH_USD",
      "m" : "4611686018429032465"
    }, {
      "d" : "1756461393304038836",
      "t" : 1756461393304,
      "tn" : 1756461393304038836,
      "q" : "454",
      "p" : "0.22016",
      "s" : "sell",
      "i" : "PYTH_USD",
      "m" : "4611686018429032464"
    }, {
      "d" : "1756461374024646199",
      "t" : 1756461374024,
      "tn" : 1756461374024646199,
      "q" : "300",
      "p" : "0.22025",
      "s" : "sell",
      "i" : "PYTH_USD",
      "m" : "4611686018429032463"
    }, {
      "d" : "1756461367071889559",
      "t" : 1756461367071,
      "tn" : 1756461367071889559,
      "q" : "2277",
      "p" : "0.21954",
      "s" : "buy",
      "i" : "PYTH_USD",
      "m" : "4611686018429032462"
    }, {
      "d" : "1756461316904960958",
      "t" : 1756461316904,
      "tn" : 1756461316904960958,
      "q" : "1427",
      "p" : "0.21960",
      "s" : "buy",
      "i" : "PYTH_USD",
      "m" : "4611686018429032461"
    }, {
      "d" : "1756461316857601067",
      "t" : 1756461316857,
      "tn" : 1756461316857601067,
      "q" : "2279",
      "p" : "0.21934",
      "s" : "buy",
      "i" : "PYTH_USD",
      "m" : "4611686018429032460"
    }, {
      "d" : "1756461316856622470",
      "t" : 1756461316856,
      "tn" : 1756461316856622470,
      "q" : "300",
      "p" : "0.21929",
      "s" : "buy",
      "i" : "PYTH_USD",
      "m" : "4611686018429032459"
    }, {
      "d" : "1756461316856619923",
      "t" : 1756461316856,
      "tn" : 1756461316856619923,
      "q" : "567",
      "p" : "0.21928",
      "s" : "buy",
      "i" : "PYTH_USD",
      "m" : "4611686018429032458"
    }, {
      "d" : "1756461295989578373",
      "t" : 1756461295989,
      "tn" : 1756461295989578373,
      "q" : "300",
      "p" : "0.21924",
      "s" : "buy",
      "i" : "PYTH_USD",
      "m" : "4611686018429032457"
    }, {
      "d" : "1756461291279089682",
      "t" : 1756461291279,
      "tn" : 1756461291279089682,
      "q" : "456",
      "p" : "0.21934",
      "s" : "buy",
      "i" : "PYTH_USD",
      "m" : "4611686018429032456"
    }, {
      "d" : "1756461243188836882",
      "t" : 1756461243188,
      "tn" : 1756461243188836882,
      "q" : "748",
      "p" : "0.21951",
      "s" : "sell",
      "i" : "PYTH_USD",
      "m" : "4611686018429032455"
    }, {
      "d" : "1756461243178922929",
      "t" : 1756461243178,
      "tn" : 1756461243178922929,
      "q" : "1054",
      "p" : "0.21951",
      "s" : "sell",
      "i" : "PYTH_USD",
      "m" : "4611686018429032454"
    }, {
      "d" : "1756461243168923750",
      "t" : 1756461243168,
      "tn" : 1756461243168923750,
      "q" : "582",
      "p" : "0.21951",
      "s" : "sell",
      "i" : "PYTH_USD",
      "m" : "4611686018429032453"
    }, {
      "d" : "1756461243165575278",
      "t" : 1756461243165,
      "tn" : 1756461243165575278,
      "q" : "577",
      "p" : "0.21951",
      "s" : "sell",
      "i" : "PYTH_USD",
      "m" : "4611686018429032452"
    }, {
      "d" : "1756461218775874427",
      "t" : 1756461218775,
      "tn" : 1756461218775874427,
      "q" : "2573",
      "p" : "0.21900",
      "s" : "sell",
      "i" : "PYTH_USD",
      "m" : "4611686018429032451"
    }, {
      "d" : "1756461218775301004",
      "t" : 1756461218775,
      "tn" : 1756461218775301004,
      "q" : "1844",
      "p" : "0.21900",
      "s" : "sell",
      "i" : "PYTH_USD",
      "m" : "4611686018429032450"
    }, {
      "d" : "1756461218762143429",
      "t" : 1756461218762,
      "tn" : 1756461218762143429,
      "q" : "1151",
      "p" : "0.21900",
      "s" : "sell",
      "i" : "PYTH_USD",
      "m" : "4611686018429032449"
    }, {
      "d" : "1756461218761212792",
      "t" : 1756461218761,
      "tn" : 1756461218761212792,
      "q" : "3565",
      "p" : "0.21900",
      "s" : "sell",
      "i" : "PYTH_USD",
      "m" : "4611686018429032448"
    }, {
      "d" : "1756461217380641406",
      "t" : 1756461217380,
      "tn" : 1756461217380641406,
      "q" : "152",
      "p" : "0.21903",
      "s" : "sell",
      "i" : "PYTH_USD",
      "m" : "4611686018429032447"
    }, {
      "d" : "1756461206044922323",
      "t" : 1756461206044,
      "tn" : 1756461206044922323,
      "q" : "456",
      "p" : "0.21926",
      "s" : "sell",
      "i" : "PYTH_USD",
      "m" : "4611686018429032446"
    }, {
      "d" : "1756461205518386746",
      "t" : 1756461205518,
      "tn" : 1756461205518386746,
      "q" : "58",
      "p" : "0.21957",
      "s" : "sell",
      "i" : "PYTH_USD",
      "m" : "4611686018429032445"
    }, {
      "d" : "1756461159058351596",
      "t" : 1756461159058,
      "tn" : 1756461159058351596,
      "q" : "300",
      "p" : "0.21944",
      "s" : "sell",
      "i" : "PYTH_USD",
      "m" : "4611686018429032444"
    }, {
      "d" : "1756461135207201215",
      "t" : 1756461135207,
      "tn" : 1756461135207201215,
      "q" : "229",
      "p" : "0.21953",
      "s" : "buy",
      "i" : "PYTH_USD",
      "m" : "4611686018429032443"
    }, {
      "d" : "1756461126611728424",
      "t" : 1756461126611,
      "tn" : 1756461126611728424,
      "q" : "300",
      "p" : "0.21940",
      "s" : "buy",
      "i" : "PYTH_USD",
      "m" : "4611686018429032442"
    }, {
      "d" : "1756461123533130294",
      "t" : 1756461123533,
      "tn" : 1756461123533130294,
      "q" : "300",
      "p" : "0.21941",
      "s" : "sell",
      "i" : "PYTH_USD",
      "m" : "4611686018429032441"
    }, {
      "d" : "1756461104014041389",
      "t" : 1756461104014,
      "tn" : 1756461104014041389,
      "q" : "566",
      "p" : "0.21971",
      "s" : "buy",
      "i" : "PYTH_USD",
      "m" : "4611686018429032440"
    }, {
      "d" : "1756461019279214406",
      "t" : 1756461019279,
      "tn" : 1756461019279214406,
      "q" : "634",
      "p" : "0.22019",
      "s" : "sell",
      "i" : "PYTH_USD",
      "m" : "4611686018429032439"
    }, {
      "d" : "1756461019262968924",
      "t" : 1756461019262,
      "tn" : 1756461019262968924,
      "q" : "1208",
      "p" : "0.22019",
      "s" : "sell",
      "i" : "PYTH_USD",
      "m" : "4611686018429032438"
    }, {
      "d" : "1756461019228404926",
      "t" : 1756461019228,
      "tn" : 1756461019228404926,
      "q" : "2270",
      "p" : "0.22026",
      "s" : "sell",
      "i" : "PYTH_USD",
      "m" : "4611686018429032437"
    }, {
      "d" : "1756461019227955306",
      "t" : 1756461019227,
      "tn" : 1756461019227955306,
      "q" : "300",
      "p" : "0.22032",
      "s" : "sell",
      "i" : "PYTH_USD",
      "m" : "4611686018429032436"
    }, {
      "d" : "1756461019227952826",
      "t" : 1756461019227,
      "tn" : 1756461019227952826,
      "q" : "452",
      "p" : "0.22033",
      "s" : "sell",
      "i" : "PYTH_USD",
      "m" : "4611686018429032435"
    }, {
      "d" : "1756460998268228572",
      "t" : 1756460998268,
      "tn" : 1756460998268228572,
      "q" : "300",
      "p" : "0.22116",
      "s" : "sell",
      "i" : "PYTH_USD",
      "m" : "4611686018429032434"
    }, {
      "d" : "1756460948053810785",
      "t" : 1756460948053,
      "tn" : 1756460948053810785,
      "q" : "567",
      "p" : "0.22022",
      "s" : "buy",
      "i" : "PYTH_USD",
      "m" : "4611686018429032433"
    }, {
      "d" : "1756460919606795061",
      "t" : 1756460919606,
      "tn" : 1756460919606795061,
      "q" : "567",
      "p" : "0.22023",
      "s" : "buy",
      "i" : "PYTH_USD",
      "m" : "4611686018429032432"
    }, {
      "d" : "1756460890955859510",
      "t" : 1756460890955,
      "tn" : 1756460890955859510,
      "q" : "300",
      "p" : "0.21933",
      "s" : "buy",
      "i" : "PYTH_USD",
      "m" : "4611686018429032431"
    }, {
      "d" : "1756460869585619926",
      "t" : 1756460869585,
      "tn" : 1756460869585619926,
      "q" : "90",
      "p" : "0.21922",
      "s" : "sell",
      "i" : "PYTH_USD",
      "m" : "4611686018429032430"
    }, {
      "d" : "1756460868202661113",
      "t" : 1756460868202,
      "tn" : 1756460868202661113,
      "q" : "300",
      "p" : "0.21930",
      "s" : "buy",
      "i" : "PYTH_USD",
      "m" : "4611686018429032429"
    }, {
      "d" : "1756460859402976565",
      "t" : 1756460859402,
      "tn" : 1756460859402976565,
      "q" : "226",
      "p" : "0.21905",
      "s" : "sell",
      "i" : "PYTH_USD",
      "m" : "4611686018429032428"
    }, {
      "d" : "1756460851731679955",
      "t" : 1756460851731,
      "tn" : 1756460851731679955,
      "q" : "300",
      "p" : "0.21996",
      "s" : "buy",
      "i" : "PYTH_USD",
      "m" : "4611686018429032427"
    }, {
      "d" : "1756460849425875719",
      "t" : 1756460849425,
      "tn" : 1756460849425875719,
      "q" : "223",
      "p" : "0.21940",
      "s" : "sell",
      "i" : "PYTH_USD",
      "m" : "4611686018429032426"
    }, {
      "d" : "1756460849425874275",
      "t" : 1756460849425,
      "tn" : 1756460849425874275,
      "q" : "341",
      "p" : "0.21941",
      "s" : "sell",
      "i" : "PYTH_USD",
      "m" : "4611686018429032425"
    }, {
      "d" : "1756460849007743038",
      "t" : 1756460849007,
      "tn" : 1756460849007743038,
      "q" : "339",
      "p" : "0.21971",
      "s" : "sell",
      "i" : "PYTH_USD",
      "m" : "4611686018429032424"
    }, {
      "d" : "1756460849006829218",
      "t" : 1756460849006,
      "tn" : 1756460849006829218,
      "q" : "1168",
      "p" : "0.21975",
      "s" : "sell",
      "i" : "PYTH_USD",
      "m" : "4611686018429032423"
    }, {
      "d" : "1756460848268961859",
      "t" : 1756460848268,
      "tn" : 1756460848268961859,
      "q" : "338",
      "p" : "0.21997",
      "s" : "sell",
      "i" : "PYTH_USD",
      "m" : "4611686018429032422"
    }, {
      "d" : "1756460844554899707",
      "t" : 1756460844554,
      "tn" : 1756460844554899707,
      "q" : "200",
      "p" : "0.22024",
      "s" : "sell",
      "i" : "PYTH_USD",
      "m" : "4611686018429032421"
    }, {
      "d" : "1756460839483933744",
      "t" : 1756460839483,
      "tn" : 1756460839483933744,
      "q" : "1528",
      "p" : "0.21989",
      "s" : "sell",
      "i" : "PYTH_USD",
      "m" : "4611686018429032420"
    }, {
      "d" : "1756460839483931451",
      "t" : 1756460839483,
      "tn" : 1756460839483931451,
      "q" : "454",
      "p" : "0.21990",
      "s" : "sell",
      "i" : "PYTH_USD",
      "m" : "4611686018429032419"
    }, {
      "d" : "1756460839483928989",
      "t" : 1756460839483,
      "tn" : 1756460839483928989,
      "q" : "200",
      "p" : "0.22007",
      "s" : "sell",
      "i" : "PYTH_USD",
      "m" : "4611686018429032418"
    }, {
      "d" : "1756460836925600279",
      "t" : 1756460836925,
      "tn" : 1756460836925600279,
      "q" : "1939",
      "p" : "0.22016",
      "s" : "sell",
      "i" : "PYTH_USD",
      "m" : "4611686018429032417"
    }, {
      "d" : "1756460836925598460",
      "t" : 1756460836925,
      "tn" : 1756460836925598460,
      "q" : "291",
      "p" : "0.22018",
      "s" : "sell",
      "i" : "PYTH_USD",
      "m" : "4611686018429032416"
    }, {
      "d" : "1756460836908395912",
      "t" : 1756460836908,
      "tn" : 1756460836908395912,
      "q" : "2009",
      "p" : "0.22018",
      "s" : "sell",
      "i" : "PYTH_USD",
      "m" : "4611686018429032415"
    }, {
      "d" : "1756460798117927189",
      "t" : 1756460798117,
      "tn" : 1756460798117927189,
      "q" : "571",
      "p" : "0.21878",
      "s" : "buy",
      "i" : "PYTH_USD",
      "m" : "4611686018429032414"
    }, {
      "d" : "1756460774702831015",
      "t" : 1756460774702,
      "tn" : 1756460774702831015,
      "q" : "457",
      "p" : "0.21866",
      "s" : "sell",
      "i" : "PYTH_USD",
      "m" : "4611686018429032413"
    }, {
      "d" : "1756460774700724942",
      "t" : 1756460774700,
      "tn" : 1756460774700724942,
      "q" : "457",
      "p" : "0.21869",
      "s" : "sell",
      "i" : "PYTH_USD",
      "m" : "4611686018429032412"
    }, {
      "d" : "1756460688173787038",
      "t" : 1756460688173,
      "tn" : 1756460688173787038,
      "q" : "302",
      "p" : "0.21926",
      "s" : "buy",
      "i" : "PYTH_USD",
      "m" : "4611686018429032411"
    }, {
      "d" : "1756460674805894957",
      "t" : 1756460674805,
      "tn" : 1756460674805894957,
      "q" : "1161",
      "p" : "0.21934",
      "s" : "buy",
      "i" : "PYTH_USD",
      "m" : "4611686018429032410"
    }, {
      "d" : "1756460622565020613",
      "t" : 1756460622565,
      "tn" : 1756460622565020613,
      "q" : "1500",
      "p" : "0.22093",
      "s" : "sell",
      "i" : "PYTH_USD",
      "m" : "4611686018429032409"
    }, {
      "d" : "1756460565847350920",
      "t" : 1756460565847,
      "tn" : 1756460565847350920,
      "q" : "985",
      "p" : "0.21915",
      "s" : "buy",
      "i" : "PYTH_USD",
      "m" : "4611686018429032408"
    }, {
      "d" : "1756460565847348432",
      "t" : 1756460565847,
      "tn" : 1756460565847348432,
      "q" : "228",
      "p" : "0.21912",
      "s" : "buy",
      "i" : "PYTH_USD",
      "m" : "4611686018429032407"
    }, {
      "d" : "1756460533736054532",
      "t" : 1756460533736,
      "tn" : 1756460533736054532,
      "q" : "300",
      "p" : "0.21880",
      "s" : "buy",
      "i" : "PYTH_USD",
      "m" : "4611686018429032406"
    }, {
      "d" : "1756460533733085756",
      "t" : 1756460533733,
      "tn" : 1756460533733085756,
      "q" : "571",
      "p" : "0.21879",
      "s" : "buy",
      "i" : "PYTH_USD",
      "m" : "4611686018429032405"
    }, {
      "d" : "1756460530373100331",
      "t" : 1756460530373,
      "tn" : 1756460530373100331,
      "q" : "456",
      "p" : "0.21884",
      "s" : "sell",
      "i" : "PYTH_USD",
      "m" : "4611686018429032404"
    }, {
      "d" : "1756460525801501033",
      "t" : 1756460525801,
      "tn" : 1756460525801501033,
      "q" : "200",
      "p" : "0.21906",
      "s" : "buy",
      "i" : "PYTH_USD",
      "m" : "4611686018429032403"
    } ]
  }
}