{
  "id" : -1,
  "method" : "public/get-trades",
  "code" : 0,
  "result" : {
    "data" : [ {
      "d" : "1756462164339118815",
      "t" : 1756462164339,
      "tn" : 1756462164339118815,
      "q" : "10",
      "p" : "0.22451",
      "s" : "buy",
      "i" : "PYTHUSD-PERP",
      "m" : "4611686018428877782"
    }, {
      "d" : "1756462072678237959",
      "t" : 1756462072678,
      "tn" : 1756462072678237959,
      "q" : "10",
      "p" : "0.22716",
      "s" : "buy",
      "i" : "PYTHUSD-PERP",
      "m" : "4611686018428877781"
    }, {
      "d" : "1756462072678236073",
      "t" : 1756462072678,
      "tn" : 1756462072678236073,
      "q" : "10",
      "p" : "0.22709",
      "s" : "buy",
      "i" : "PYTHUSD-PERP",
      "m" : "4611686018428877780"
    }, {
      "d" : "1756462050621413515",
      "t" : 1756462050621,
      "tn" : 1756462050621413515,
      "q" : "210",
      "p" : "0.22958",
      "s" : "buy",
      "i" : "PYTHUSD-PERP",
      "m" : "4611686018428877779"
    }, {
      "d" : "1756462050621411965",
      "t" : 1756462050621,
      "tn" : 1756462050621411965,
      "q" : "10",
      "p" : "0.22812",
      "s" : "buy",
      "i" : "PYTHUSD-PERP",
      "m" : "4611686018428877778"
    }, {
      "d" : "1756462050621410361",
      "t" : 1756462050621,
      "tn" : 1756462050621410361,
      "q" : "10",
      "p" : "0.22803",
      "s" : "buy",
      "i" : "PYTHUSD-PERP",
      "m" : "4611686018428877777"
    }, {
      "d" : "1756461990388191643",
      "t" : 1756461990388,
      "tn" : 1756461990388191643,
      "q" : "2000",
      "p" : "0.23104",
      "s" : "buy",
      "i" : "PYTHUSD-PERP",
      "m" : "4611686018428877776"
    }, {
      "d" : "1756461990388189918",
      "t" : 1756461990388,
      "tn" : 1756461990388189918,
      "q" : "6500",
      "p" : "0.23082",
      "s" : "buy",
      "i" : "PYTHUSD-PERP",
      "m" : "4611686018428877775"
    }, {
      "d" : "1756461990388188215",
      "t" : 1756461990388,
      "tn" : 1756461990388188215,
      "q" : "1480",
      "p" : "0.23012",
      "s" : "buy",
      "i" : "PYTHUSD-PERP",
      "m" : "4611686018428877774"
    }, {
      "d" : "1756461990388186553",
      "t" : 1756461990388,
      "tn" : 1756461990388186553,
      "q" : "10",
      "p" : "0.22890",
      "s" : "buy",
      "i" : "PYTHUSD-PERP",
      "m" : "4611686018428877773"
    }, {
      "d" : "1756461990388184955",
      "t" : 1756461990388,
      "tn" : 1756461990388184955,
      "q" : "10",
      "p" : "0.22882",
      "s" : "buy",
      "i" : "PYTHUSD-PERP",
      "m" : "4611686018428877772"
    }, {
      "d" : "1756461900006134020",
      "t" : 1756461900006,
      "tn" : 1756461900006134020,
      "q" : "10",
      "p" : "0.22653",
      "s" : "buy",
      "i" : "PYTHUSD-PERP",
      "m" : "4611686018428877771"
    }, {
      "d" : "1756461795043874022",
      "t" : 1756461795043,
      "tn" : 1756461795043874022,
      "q" : "10",
      "p" : "0.22616",
      "s" : "buy",
      "i" : "PYTHUSD-PERP",
      "m" : "4611686018428877770"
    }, {
      "d" : "1756461367282133806",
      "t" : 1756461367282,
      "tn" : 1756461367282133806,
      "q" : "1180",
      "p" : "0.21917",
      "s" : "buy",
      "i" : "PYTHUSD-PERP",
      "m" : "4611686018428877769"
    }, {
      "d" : "1756461019227620125",
      "t" : 1756461019227,
      "tn" : 1756461019227620125,
      "q" : "10",
      "p" : "0.21962",
      "s" : "sell",
      "i" : "PYTHUSD-PERP",
      "m" : "4611686018428877768"
    }, {
      "d" : "1756460826134707345",
      "t" : 1756460826134,
      "tn" : 1756460826134707345,
      "q" : "1290",
      "p" : "0.21863",
      "s" : "buy",
      "i" : "PYTHUSD-PERP",
      "m" : "4611686018428877767"
    }, {
      "d" : "1756460781854335849",
      "t" : 1756460781854,
      "tn" : 1756460781854335849,
      "q" : "10",
      "p" : "0.21788",
      "s" : "sell",
      "i" : "PYTHUSD-PERP",
      "m" : "4611686018428877766"
    }, {
      "d" : "1756460745563371597",
      "t" : 1756460745563,
      "tn" : 1756460745563371597,
      "q" : "520",
      "p" : "0.21851",
      "s" : "buy",
      "i" : "PYTHUSD-PERP",
      "m" : "4611686018428877765"
    }, {
      "d" : "1756460741966879976",
      "t" : 1756460741966,
      "tn" : 1756460741966879976,
      "q" : "710",
      "p" : "0.21851",
      "s" : "buy",
      "i" : "PYTHUSD-PERP",
      "m" : "4611686018428877764"
    }, {
      "d" : "1756460739763629595",
      "t" : 1756460739763,
      "tn" : 1756460739763629595,
      "q" : "1430",
      "p" : "0.21851",
      "s" : "buy",
      "i" : "PYTHUSD-PERP",
      "m" : "4611686018428877763"
    }, {
      "d" : "1756460739673725117",
      "t" : 1756460739673,
      "tn" : 1756460739673725117,
      "q" : "10",
      "p" : "0.21851",
      "s" : "buy",
      "i" : "PYTHUSD-PERP",
      "m" : "4611686018428877762"
    }, {
      "d" : "1756460738926789900",
      "t" : 1756460738926,
      "tn" : 1756460738926789900,
      "q" : "1290",
      "p" : "0.21851",
      "s" : "buy",
      "i" : "PYTHUSD-PERP",
      "m" : "4611686018428877761"
    }, {
      "d" : "1756460580497387715",
      "t" : 1756460580497,
      "tn" : 1756460580497387715,
      "q" : "10",
      "p" : "0.21822",
      "s" : "sell",
      "i" : "PYTHUSD-PERP",
      "m" : "4611686018428877760"
    }, {
      "d" : "1756460580486250849",
      "t" : 1756460580486,
      "tn" : 1756460580486250849,
      "q" : "10",
      "p" : "0.21820",
      "s" : "sell",
      "i" : "PYTHUSD-PERP",
      "m" : "4611686018428877759"
    }, {
      "d" : "1756460484953477040",
      "t" : 1756460484953,
      "tn" : 1756460484953477040,
      "q" : "10",
      "p" : "0.21798",
      "s" : "sell",
      "i" : "PYTHUSD-PERP",
      "m" : "4611686018428877758"
    }, {
      "d" : "1756460479890769891",
      "t" : 1756460479890,
      "tn" : 1756460479890769891,
      "q" : "10",
      "p" : "0.21817",
      "s" : "sell",
      "i" : "PYTHUSD-PERP",
      "m" : "4611686018428877757"
    }, {
      "d" : "1756459771196528012",
      "t" : 1756459771196,
      "tn" : 1756459771196528012,
      "q" : "10",
      "p" : "0.22205",
      "s" : "buy",
      "i" : "PYTHUSD-PERP",
      "m" : "4611686018428877756"
    }, {
      "d" : "1756459770886694298",
      "t" : 1756459770886,
      "tn" : 1756459770886694298,
      "q" : "10",
      "p" : "0.22202",
      "s" : "buy",
      "i" : "PYTHUSD-PERP",
      "m" : "4611686018428877755"
    }, {
      "d" : "1756459770635822652",
      "t" : 1756459770635,
      "tn" : 1756459770635822652,
      "q" : "10",
      "p" : "0.22216",
      "s" : "buy",
      "i" : "PYTHUSD-PERP",
      "m" : "4611686018428877754"
    }, {
      "d" : "1756459770635819956",
      "t" : 1756459770635,
      "tn" : 1756459770635819956,
      "q" : "10",
      "p" : "0.22208",
      "s" : "buy",
      "i" : "PYTHUSD-PERP",
      "m" : "4611686018428877753"
    }, {
      "d" : "1756459707648026203",
      "t" : 1756459707648,
      "tn" : 1756459707648026203,
      "q" : "610",
      "p" : "0.21864",
      "s" : "buy",
      "i" : "PYTHUSD-PERP",
      "m" : "4611686018428877752"
    }, {
      "d" : "1756459689213330266",
      "t" : 1756459689213,
      "tn" : 1756459689213330266,
      "q" : "10",
      "p" : "0.21698",
      "s" : "buy",
      "i" : "PYTHUSD-PERP",
      "m" : "4611686018428877751"
    }, {
      "d" : "1756459689213328648",
      "t" : 1756459689213,
      "tn" : 1756459689213328648,
      "q" : "10",
      "p" : "0.21690",
      "s" : "buy",
      "i" : "PYTHUSD-PERP",
      "m" : "4611686018428877750"
    }, {
      "d" : "1756459551973269151",
      "t" : 1756459551973,
      "tn" : 1756459551973269150,
      "q" : "20",
      "p" : "0.21640",
      "s" : "sell",
      "i" : "PYTHUSD-PERP",
      "m" : "4611686018428877749"
    }, {
      "d" : "1756459551973269150",
      "t" : 1756459551973,
      "tn" : 1756459551973269150,
      "q" : "10",
      "p" : "0.21640",
      "s" : "sell",
      "i" : "PYTHUSD-PERP",
      "m" : "4611686018428877749"
    }, {
      "d" : "1756459551973266614",
      "t" : 1756459551973,
      "tn" : 1756459551973266614,
      "q" : "10",
      "p" : "0.21642",
      "s" : "sell",
      "i" : "PYTHUSD-PERP",
      "m" : "4611686018428877748"
    }, {
      "d" : "1756459551695566024",
      "t" : 1756459551695,
      "tn" : 1756459551695566024,
      "q" : "10",
      "p" : "0.21651",
      "s" : "buy",
      "i" : "PYTHUSD-PERP",
      "m" : "4611686018428877747"
    }, {
      "d" : "1756459542857643796",
      "t" : 1756459542857,
      "tn" : 1756459542857643796,
      "q" : "10",
      "p" : "0.21675",
      "s" : "buy",
      "i" : "PYTHUSD-PERP",
      "m" : "4611686018428877746"
    }, {
      "d" : "1756459542596537996",
      "t" : 1756459542596,
      "tn" : 1756459542596537996,
      "q" : "10",
      "p" : "0.21705",
      "s" : "buy",
      "i" : "PYTHUSD-PERP",
      "m" : "4611686018428877745"
    }, {
      "d" : "1756459529913755343",
      "t" : 1756459529913,
      "tn" : 1756459529913755343,
      "q" : "670",
      "p" : "0.21648",
      "s" : "buy",
      "i" : "PYTHUSD-PERP",
      "m" : "4611686018428877744"
    }, {
      "d" : "1756459472458122356",
      "t" : 1756459472458,
      "tn" : 1756459472458122356,
      "q" : "10",
      "p" : "0.21603",
      "s" : "sell",
      "i" : "PYTHUSD-PERP",
      "m" : "4611686018428877743"
    }, {
      "d" : "1756459472458120319",
      "t" : 1756459472458,
      "tn" : 1756459472458120319,
      "q" : "10",
      "p" : "0.21606",
      "s" : "sell",
      "i" : "PYTHUSD-PERP",
      "m" : "4611686018428877742"
    }, {
      "d" : "1756459467007218385",
      "t" : 1756459467007,
      "tn" : 1756459467007218385,
      "q" : "10",
      "p" : "0.21545",
      "s" : "buy",
      "i" : "PYTHUSD-PERP",
      "m" : "4611686018428877741"
    }, {
      "d" : "1756459417178743873",
      "t" : 1756459417178,
      "tn" : 1756459417178743873,
      "q" : "10",
      "p" : "0.21579",
      "s" : "buy",
      "i" : "PYTHUSD-PERP",
      "m" : "4611686018428877740"
    }, {
      "d" : "1756459402239125172",
      "t" : 1756459402239,
      "tn" : 1756459402239125172,
      "q" : "10",
      "p" : "0.21520",
      "s" : "buy",
      "i" : "PYTHUSD-PERP",
      "m" : "4611686018428877739"
    }, {
      "d" : "1756459388381221830",
      "t" : 1756459388381,
      "tn" : 1756459388381221830,
      "q" : "10",
      "p" : "0.21581",
      "s" : "buy",
      "i" : "PYTHUSD-PERP",
      "m" : "4611686018428877738"
    }, {
      "d" : "1756459350041782168",
      "t" : 1756459350041,
      "tn" : 1756459350041782168,
      "q" : "10",
      "p" : "0.21805",
      "s" : "sell",
      "i" : "PYTHUSD-PERP",
      "m" : "4611686018428877737"
    }, {
      "d" : "1756459350039486958",
      "t" : 1756459350039,
      "tn" : 1756459350039486958,
      "q" : "10",
      "p" : "0.21810",
      "s" : "sell",
      "i" : "PYTHUSD-PERP",
      "m" : "4611686018428877736"
    }, {
      "d" : "1756459348048991737",
      "t" : 1756459348048,
      "tn" : 1756459348048991737,
      "q" : "10",
      "p" : "0.21726",
      "s" : "buy",
      "i" : "PYTHUSD-PERP",
      "m" : "4611686018428877735"
    }, {
      "d" : "1756459348046776732",
      "t" : 1756459348046,
      "tn" : 1756459348046776732,
      "q" : "10",
      "p" : "0.21715",
      "s" : "buy",
      "i" : "PYTHUSD-PERP",
      "m" : "4611686018428877734"
    }, {
      "d" : "1756459346044687193",
      "t" : 1756459346044,
      "tn" : 1756459346044687193,
      "q" : "10",
      "p" : "0.21714",
      "s" : "buy",
      "i" : "PYTHUSD-PERP",
      "m" : "4611686018428877733"
    }, {
      "d" : "1756459342099702877",
      "t" : 1756459342099,
      "tn" : 1756459342099702877,
      "q" : "10",
      "p" : "0.21558",
      "s" : "buy",
      "i" : "PYTHUSD-PERP",
      "m" : "4611686018428877732"
    }, {
      "d" : "1756459330297707111",
      "t" : 1756459330297,
      "tn" : 1756459330297707111,
      "q" : "10",
      "p" : "0.21542",
      "s" : "buy",
      "i" : "PYTHUSD-PERP",
      "m" : "4611686018428877731"
    }, {
      "d" : "1756459299697919654",
      "t" : 1756459299697,
      "tn" : 1756459299697919654,
      "q" : "10",
      "p" : "0.21464",
      "s" : "buy",
      "i" : "PYTHUSD-PERP",
      "m" : "4611686018428877730"
    }, {
      "d" : "1756459246419227854",
      "t" : 1756459246419,
      "tn" : 1756459246419227854,
      "q" : "10",
      "p" : "0.21421",
      "s" : "sell",
      "i" : "PYTHUSD-PERP",
      "m" : "4611686018428877729"
    }, {
      "d" : "1756459246373685493",
      "t" : 1756459246373,
      "tn" : 1756459246373685493,
      "q" : "10",
      "p" : "0.21428",
      "s" : "sell",
      "i" : "PYTHUSD-PERP",
      "m" : "4611686018428877728"
    }, {
      "d" : "1756459241361342608",
      "t" : 1756459241361,
      "tn" : 1756459241361342608,
      "q" : "10",
      "p" : "0.21471",
      "s" : "sell",
      "i" : "PYTHUSD-PERP",
      "m" : "4611686018428877727"
    }, {
      "d" : "1756459241360043057",
      "t" : 1756459241360,
      "tn" : 1756459241360043057,
      "q" : "10",
      "p" : "0.21472",
      "s" : "sell",
      "i" : "PYTHUSD-PERP",
      "m" : "4611686018428877726"
    }, {
      "d" : "1756459223512745677",
      "t" : 1756459223512,
      "tn" : 1756459223512745677,
      "q" : "710",
      "p" : "0.21497",
      "s" : "sell",
      "i" : "PYTHUSD-PERP",
      "m" : "4611686018428877725"
    }, {
      "d" : "1756459223512743984",
      "t" : 1756459223512,
      "tn" : 1756459223512743984,
      "q" : "10",
      "p" : "0.21546",
      "s" : "sell",
      "i" : "PYTHUSD-PERP",
      "m" : "4611686018428877724"
    }, {
      "d" : "1756459223512741689",
      "t" : 1756459223512,
      "tn" : 1756459223512741689,
      "q" : "10",
      "p" : "0.21548",
      "s" : "sell",
      "i" : "PYTHUSD-PERP",
      "m" : "4611686018428877723"
    }, {
      "d" : "1756459213038185548",
      "t" : 1756459213038,
      "tn" : 1756459213038185548,
      "q" : "10",
      "p" : "0.21452",
      "s" : "buy",
      "i" : "PYTHUSD-PERP",
      "m" : "4611686018428877722"
    }, {
      "d" : "1756459212706966338",
      "t" : 1756459212706,
      "tn" : 1756459212706966338,
      "q" : "10",
      "p" : "0.21484",
      "s" : "sell",
      "i" : "PYTHUSD-PERP",
      "m" : "4611686018428877721"
    }, {
      "d" : "1756459204712103305",
      "t" : 1756459204712,
      "tn" : 1756459204712103305,
      "q" : "180",
      "p" : "0.21458",
      "s" : "sell",
      "i" : "PYTHUSD-PERP",
      "m" : "4611686018428877720"
    }, {
      "d" : "1756459204641438535",
      "t" : 1756459204641,
      "tn" : 1756459204641438535,
      "q" : "970",
      "p" : "0.21323",
      "s" : "buy",
      "i" : "PYTHUSD-PERP",
      "m" : "4611686018428877719"
    }, {
      "d" : "1756459204629229261",
      "t" : 1756459204629,
      "tn" : 1756459204629229261,
      "q" : "90",
      "p" : "0.21323",
      "s" : "buy",
      "i" : "PYTHUSD-PERP",
      "m" : "4611686018428877718"
    }, {
      "d" : "1756459204624183285",
      "t" : 1756459204624,
      "tn" : 1756459204624183285,
      "q" : "90",
      "p" : "0.21323",
      "s" : "buy",
      "i" : "PYTHUSD-PERP",
      "m" : "4611686018428877717"
    }, {
      "d" : "1756459204384392108",
      "t" : 1756459204384,
      "tn" : 1756459204384392108,
      "q" : "2330",
      "p" : "0.21323",
      "s" : "buy",
      "i" : "PYTHUSD-PERP",
      "m" : "4611686018428877716"
    }, {
      "d" : "1756459167841886377",
      "t" : 1756459167841,
      "tn" : 1756459167841886377,
      "q" : "10",
      "p" : "0.21164",
      "s" : "sell",
      "i" : "PYTHUSD-PERP",
      "m" : "4611686018428877715"
    }, {
      "d" : "1756459095419261799",
      "t" : 1756459095419,
      "tn" : 1756459095419261799,
      "q" : "590",
      "p" : "0.21073",
      "s" : "buy",
      "i" : "PYTHUSD-PERP",
      "m" : "4611686018428877714"
    }, {
      "d" : "1756459095144729991",
      "t" : 1756459095144,
      "tn" : 1756459095144729991,
      "q" : "1790",
      "p" : "0.21073",
      "s" : "buy",
      "i" : "PYTHUSD-PERP",
      "m" : "4611686018428877713"
    }, {
      "d" : "1756459081589283937",
      "t" : 1756459081589,
      "tn" : 1756459081589283937,
      "q" : "30",
      "p" : "0.21073",
      "s" : "buy",
      "i" : "PYTHUSD-PERP",
      "m" : "4611686018428877712"
    }, {
      "d" : "1756459079482716365",
      "t" : 1756459079482,
      "tn" : 1756459079482716365,
      "q" : "10",
      "p" : "0.21094",
      "s" : "sell",
      "i" : "PYTHUSD-PERP",
      "m" : "4611686018428877711"
    }, {
      "d" : "1756459044253523049",
      "t" : 1756459044253,
      "tn" : 1756459044253523049,
      "q" : "10",
      "p" : "0.20963",
      "s" : "sell",
      "i" : "PYTHUSD-PERP",
      "m" : "4611686018428877710"
    }, {
      "d" : "1756459044253521391",
      "t" : 1756459044253,
      "tn" : 1756459044253521391,
      "q" : "10",
      "p" : "0.20970",
      "s" : "sell",
      "i" : "PYTHUSD-PERP",
      "m" : "4611686018428877709"
    }, {
      "d" : "1756459039158254088",
      "t" : 1756459039158,
      "tn" : 1756459039158254088,
      "q" : "10",
      "p" : "0.20988",
      "s" : "sell",
      "i" : "PYTHUSD-PERP",
      "m" : "4611686018428877708"
    }, {
      "d" : "1756459036962841452",
      "t" : 1756459036962,
      "tn" : 1756459036962841452,
      "q" : "10",
      "p" : "0.21000",
      "s" : "sell",
      "i" : "PYTHUSD-PERP",
      "m" : "4611686018428877707"
    }, {
      "d" : "1756459036873508422",
      "t" : 1756459036873,
      "tn" : 1756459036873508422,
      "q" : "10",
      "p" : "0.20998",
      "s" : "sell",
      "i" : "PYTHUSD-PERP",
      "m" : "4611686018428877706"
    }, {
      "d" : "1756458979830706736",
      "t" : 1756458979830,
      "tn" : 1756458979830706736,
      "q" : "10",
      "p" : "0.21034",
      "s" : "sell",
      "i" : "PYTHUSD-PERP",
      "m" : "4611686018428877705"
    }, {
      "d" : "1756458979830705051",
      "t" : 1756458979830,
      "tn" : 1756458979830705051,
      "q" : "10",
      "p" : "0.21036",
      "s" : "sell",
      "i" : "PYTHUSD-PERP",
      "m" : "4611686018428877704"
    }, {
      "d" : "1756458963293281447",
      "t" : 1756458963293,
      "tn" : 1756458963293281447,
      "q" : "100",
      "p" : "0.20958",
      "s" : "buy",
      "i" : "PYTHUSD-PERP",
      "m" : "4611686018428877703"
    }, {
      "d" : "1756458798302758576",
      "t" : 1756458798302,
      "tn" : 1756458798302758576,
      "q" : "10",
      "p" : "0.20728",
      "s" : "sell",
      "i" : "PYTHUSD-PERP",
      "m" : "4611686018428877702"
    }, {
      "d" : "1756458725073423132",
      "t" : 1756458725073,
      "tn" : 1756458725073423132,
      "q" : "10",
      "p" : "0.20709",
      "s" : "buy",
      "i" : "PYTHUSD-PERP",
      "m" : "4611686018428877701"
    }, {
      "d" : "1756458523216112540",
      "t" : 1756458523216,
      "tn" : 1756458523216112540,
      "q" : "10",
      "p" : "0.20940",
      "s" : "sell",
      "i" : "PYTHUSD-PERP",
      "m" : "4611686018428877700"
    }, {
      "d" : "1756458515825834545",
      "t" : 1756458515825,
      "tn" : 1756458515825834545,
      "q" : "10",
      "p" : "0.21028",
      "s" : "sell",
      "i" : "PYTHUSD-PERP",
      "m" : "4611686018428877699"
    }, {
      "d" : "1756458515825268941",
      "t" : 1756458515825,
      "tn" : 1756458515825268941,
      "q" : "10",
      "p" : "0.21036",
      "s" : "sell",
      "i" : "PYTHUSD-PERP",
      "m" : "4611686018428877698"
    }, {
      "d" : "1756458475233105286",
      "t" : 1756458475233,
      "tn" : 1756458475233105285,
      "q" : "10",
      "p" : "0.20940",
      "s" : "sell",
      "i" : "PYTHUSD-PERP",
      "m" : "4611686018428877697"
    }, {
      "d" : "1756458475233105285",
      "t" : 1756458475233,
      "tn" : 1756458475233105285,
      "q" : "10",
      "p" : "0.20940",
      "s" : "sell",
      "i" : "PYTHUSD-PERP",
      "m" : "4611686018428877697"
    }, {
      "d" : "1756458470146841350",
      "t" : 1756458470146,
      "tn" : 1756458470146841350,
      "q" : "10",
      "p" : "0.20972",
      "s" : "sell",
      "i" : "PYTHUSD-PERP",
      "m" : "4611686018428877696"
    }, {
      "d" : "1756458470146839209",
      "t" : 1756458470146,
      "tn" : 1756458470146839209,
      "q" : "10",
      "p" : "0.20978",
      "s" : "sell",
      "i" : "PYTHUSD-PERP",
      "m" : "4611686018428877695"
    }, {
      "d" : "1756458340218224908",
      "t" : 1756458340218,
      "tn" : 1756458340218224908,
      "q" : "10",
      "p" : "0.20796",
      "s" : "sell",
      "i" : "PYTHUSD-PERP",
      "m" : "4611686018428877694"
    }, {
      "d" : "1756458340173685688",
      "t" : 1756458340173,
      "tn" : 1756458340173685688,
      "q" : "10",
      "p" : "0.20800",
      "s" : "sell",
      "i" : "PYTHUSD-PERP",
      "m" : "4611686018428877693"
    }, {
      "d" : "1756458316619331665",
      "t" : 1756458316619,
      "tn" : 1756458316619331665,
      "q" : "10",
      "p" : "0.20822",
      "s" : "sell",
      "i" : "PYTHUSD-PERP",
      "m" : "4611686018428877692"
    }, {
      "d" : "1756458180320105924",
      "t" : 1756458180320,
      "tn" : 1756458180320105924,
      "q" : "10",
      "p" : "0.20472",
      "s" : "sell",
      "i" : "PYTHUSD-PERP",
      "m" : "4611686018428877691"
    }, {
      "d" : "1756458138033686864",
      "t" : 1756458138033,
      "tn" : 1756458138033686864,
      "q" : "10",
      "p" : "0.20645",
      "s" : "sell",
      "i" : "PYTHUSD-PERP",
      "m" : "4611686018428877690"
    }, {
      "d" : "1756458118289072742",
      "t" : 1756458118289,
      "tn" : 1756458118289072742,
      "q" : "10",
      "p" : "0.20777",
      "s" : "buy",
      "i" : "PYTHUSD-PERP",
      "m" : "4611686018428877689"
    }, {
      "d" : "1756457974573610788",
      "t" : 1756457974573,
      "tn" : 1756457974573610788,
      "q" : "10",
      "p" : "0.20869",
      "s" : "sell",
      "i" : "PYTHUSD-PERP",
      "m" : "4611686018428877688"
    }, {
      "d" : "1756457974573608992",
      "t" : 1756457974573,
      "tn" : 1756457974573608992,
      "q" : "10",
      "p" : "0.20874",
      "s" : "sell",
      "i" : "PYTHUSD-PERP",
      "m" : "4611686018428877687"
    }, {
      "d" : "1756457744788092895",
      "t" : 1756457744788,
      "tn" : 1756457744788092895,
      "q" : "5480",
      "p" : "0.20957",
      "s" : "sell",
      "i" : "PYTHUSD-PERP",
      "m" : "4611686018428877686"
    }, {
      "d" : "1756457744788091093",
      "t" : 1756457744788,
      "tn" : 1756457744788091093,
      "q" : "10",
      "p" : "0.21031",
      "s" : "sell",
      "i" : "PYTHUSD-PERP",
      "m" : "4611686018428877685"
    }, {
      "d" : "1756457744788088839",
      "t" : 1756457744788,
      "tn" : 1756457744788088839,
      "q" : "10",
      "p" : "0.21032",
      "s" : "sell",
      "i" : "PYTHUSD-PERP",
      "m" : "4611686018428877684"
    }, {
      "d" : "1756457443513838361",
      "t" : 1756457443513,
      "tn" : 1756457443513838361,
      "q" : "10",
      "p" : "0.21154",
      "s" : "sell",
      "i" : "PYTHUSD-PERP",
      "m" : "4611686018428877683"
    }, {
      "d" : "1756456729513683979",
      "t" : 1756456729513,
      "tn" : 1756456729513683979,
      "q" : "10",
      "p" : "0.20620",
      "s" : "sell",
      "i" : "PYTHUSD-PERP",
      "m" : "4611686018428877682"
    }, {
      "d" : "1756456653888691604",
      "t" : 1756456653888,
      "tn" : 1756456653888691604,
      "q" : "10",
      "p" : "0.20814",
      "s" : "sell",
      "i" : "PYTHUSD-PERP",
      "m" : "4611686018428877681"
    }, {
      "d" : "1756456591273626100",
      "t" : 1756456591273,
      "tn" : 1756456591273626100,
      "q" : "10",
      "p" : "0.20875",
      "s" : "sell",
      "i" : "PYTHUSD-PERP",
      "m" : "4611686018428877680"
    }, {
      "d" : "1756456591273623572",
      "t" : 1756456591273,
      "tn" : 1756456591273623572,
      "q" : "10",
      "p" : "0.20876",
      "s" : "sell",
      "i" : "PYTHUSD-PERP",
      "m" : "4611686018428877679"
    }, {
      "d" : "1756456495385756882",
      "t" : 1756456495385,
      "tn" : 1756456495385756881,
      "q" : "10",
      "p" : "0.20962",
      "s" : "sell",
      "i" : "PYTHUSD-PERP",
      "m" : "4611686018428877678"
    }, {
      "d" : "1756456495385756881",
      "t" : 1756456495385,
      "tn" : 1756456495385756881,
      "q" : "10",
      "p" : "0.20962",
      "s" : "sell",
      "i" : "PYTHUSD-PERP",
      "m" : "4611686018428877678"
    }, {
      "d" : "1756456315004006381",
      "t" : 1756456315004,
      "tn" : 1756456315004006381,
      "q" : "10",
      "p" : "0.20902",
      "s" : "sell",
      "i" : "PYTHUSD-PERP",
      "m" : "4611686018428877677"
    }, {
      "d" : "1756456315004004355",
      "t" : 1756456315004,
      "tn" : 1756456315004004355,
      "q" : "10",
      "p" : "0.20904",
      "s" : "sell",
      "i" : "PYTHUSD-PERP",
      "m" : "4611686018428877676"
    }, {
      "d" : "1756456266216712023",
      "t" : 1756456266216,
      "tn" : 1756456266216712023,
      "q" : "10",
      "p" : "0.21081",
      "s" : "sell",
      "i" : "PYTHUSD-PERP",
      "m" : "4611686018428877675"
    }, {
      "d" : "1756455540414984530",
      "t" : 1756455540414,
      "tn" : 1756455540414984530,
      "q" : "10",
      "p" : "0.20963",
      "s" : "sell",
      "i" : "PYTHUSD-PERP",
      "m" : "4611686018428877674"
    }, {
      "d" : "1756455540032935715",
      "t" : 1756455540032,
      "tn" : 1756455540032935715,
      "q" : "10",
      "p" : "0.20964",
      "s" : "sell",
      "i" : "PYTHUSD-PERP",
      "m" : "4611686018428877673"
    }, {
      "d" : "1756455537896381539",
      "t" : 1756455537896,
      "tn" : 1756455537896381539,
      "q" : "10",
      "p" : "0.20934",
      "s" : "sell",
      "i" : "PYTHUSD-PERP",
      "m" : "4611686018428877672"
    }, {
      "d" : "1756455537174268570",
      "t" : 1756455537174,
      "tn" : 1756455537174268570,
      "q" : "10",
      "p" : "0.20950",
      "s" : "sell",
      "i" : "PYTHUSD-PERP",
      "m" : "4611686018428877671"
    }, {
      "d" : "1756455536996391226",
      "t" : 1756455536996,
      "tn" : 1756455536996391226,
      "q" : "10",
      "p" : "0.20959",
      "s" : "sell",
      "i" : "PYTHUSD-PERP",
      "m" : "4611686018428877670"
    }, {
      "d" : "1756455536825510677",
      "t" : 1756455536825,
      "tn" : 1756455536825510677,
      "q" : "10",
      "p" : "0.20956",
      "s" : "sell",
      "i" : "PYTHUSD-PERP",
      "m" : "4611686018428877669"
    }, {
      "d" : "1756455536712981769",
      "t" : 1756455536712,
      "tn" : 1756455536712981769,
      "q" : "10",
      "p" : "0.20954",
      "s" : "sell",
      "i" : "PYTHUSD-PERP",
      "m" : "4611686018428877668"
    }, {
      "d" : "1756455536360598121",
      "t" : 1756455536360,
      "tn" : 1756455536360598121,
      "q" : "10",
      "p" : "0.20951",
      "s" : "sell",
      "i" : "PYTHUSD-PERP",
      "m" : "4611686018428877667"
    }, {
      "d" : "1756455536093581432",
      "t" : 1756455536093,
      "tn" : 1756455536093581432,
      "q" : "10",
      "p" : "0.20952",
      "s" : "sell",
      "i" : "PYTHUSD-PERP",
      "m" : "4611686018428877666"
    }, {
      "d" : "1756455535985239577",
      "t" : 1756455535985,
      "tn" : 1756455535985239577,
      "q" : "10",
      "p" : "0.20950",
      "s" : "sell",
      "i" : "PYTHUSD-PERP",
      "m" : "4611686018428877665"
    }, {
      "d" : "1756455535845710097",
      "t" : 1756455535845,
      "tn" : 1756455535845710096,
      "q" : "10",
      "p" : "0.20949",
      "s" : "sell",
      "i" : "PYTHUSD-PERP",
      "m" : "4611686018428877664"
    }, {
      "d" : "1756455535845710096",
      "t" : 1756455535845,
      "tn" : 1756455535845710096,
      "q" : "10",
      "p" : "0.20949",
      "s" : "sell",
      "i" : "PYTHUSD-PERP",
      "m" : "4611686018428877664"
    }, {
      "d" : "1756455535721211402",
      "t" : 1756455535721,
      "tn" : 1756455535721211402,
      "q" : "10",
      "p" : "0.20944",
      "s" : "sell",
      "i" : "PYTHUSD-PERP",
      "m" : "4611686018428877663"
    }, {
      "d" : "1756455535559113854",
      "t" : 1756455535559,
      "tn" : 1756455535559113854,
      "q" : "10",
      "p" : "0.20942",
      "s" : "sell",
      "i" : "PYTHUSD-PERP",
      "m" : "4611686018428877662"
    }, {
      "d" : "1756455535449943965",
      "t" : 1756455535449,
      "tn" : 1756455535449943965,
      "q" : "10",
      "p" : "0.20941",
      "s" : "sell",
      "i" : "PYTHUSD-PERP",
      "m" : "4611686018428877661"
    }, {
      "d" : "1756455535319041307",
      "t" : 1756455535319,
      "tn" : 1756455535319041307,
      "q" : "10",
      "p" : "0.20941",
      "s" : "sell",
      "i" : "PYTHUSD-PERP",
      "m" : "4611686018428877660"
    }, {
      "d" : "1756455535046785301",
      "t" : 1756455535046,
      "tn" : 1756455535046785301,
      "q" : "10",
      "p" : "0.20936",
      "s" : "sell",
      "i" : "PYTHUSD-PERP",
      "m" : "4611686018428877659"
    }, {
      "d" : "1756455530832795356",
      "t" : 1756455530832,
      "tn" : 1756455530832795356,
      "q" : "10",
      "p" : "0.21016",
      "s" : "sell",
      "i" : "PYTHUSD-PERP",
      "m" : "4611686018428877658"
    }, {
      "d" : "1756455530552464112",
      "t" : 1756455530552,
      "tn" : 1756455530552464112,
      "q" : "10",
      "p" : "0.21014",
      "s" : "sell",
      "i" : "PYTHUSD-PERP",
      "m" : "4611686018428877657"
    }, {
      "d" : "1756455530354949836",
      "t" : 1756455530354,
      "tn" : 1756455530354949836,
      "q" : "10",
      "p" : "0.21015",
      "s" : "sell",
      "i" : "PYTHUSD-PERP",
      "m" : "4611686018428877656"
    }, {
      "d" : "1756455529503024122",
      "t" : 1756455529503,
      "tn" : 1756455529503024122,
      "q" : "10",
      "p" : "0.21010",
      "s" : "sell",
      "i" : "PYTHUSD-PERP",
      "m" : "4611686018428877655"
    }, {
      "d" : "1756455529256963004",
      "t" : 1756455529256,
      "tn" : 1756455529256963004,
      "q" : "10",
      "p" : "0.21006",
      "s" : "sell",
      "i" : "PYTHUSD-PERP",
      "m" : "4611686018428877654"
    }, {
      "d" : "1756455528568705325",
      "t" : 1756455528568,
      "tn" : 1756455528568705325,
      "q" : "10",
      "p" : "0.21004",
      "s" : "sell",
      "i" : "PYTHUSD-PERP",
      "m" : "4611686018428877653"
    }, {
      "d" : "1756455528266008917",
      "t" : 1756455528266,
      "tn" : 1756455528266008917,
      "q" : "10",
      "p" : "0.20996",
      "s" : "sell",
      "i" : "PYTHUSD-PERP",
      "m" : "4611686018428877652"
    }, {
      "d" : "1756455527639567321",
      "t" : 1756455527639,
      "tn" : 1756455527639567321,
      "q" : "10",
      "p" : "0.21002",
      "s" : "sell",
      "i" : "PYTHUSD-PERP",
      "m" : "4611686018428877651"
    }, {
      "d" : "1756455527246534127",
      "t" : 1756455527246,
      "tn" : 1756455527246534127,
      "q" : "10",
      "p" : "0.20999",
      "s" : "sell",
      "i" : "PYTHUSD-PERP",
      "m" : "4611686018428877650"
    }, {
      "d" : "1756455527141762132",
      "t" : 1756455527141,
      "tn" : 1756455527141762132,
      "q" : "10",
      "p" : "0.21000",
      "s" : "sell",
      "i" : "PYTHUSD-PERP",
      "m" : "4611686018428877649"
    }, {
      "d" : "1756455526780488017",
      "t" : 1756455526780,
      "tn" : 1756455526780488017,
      "q" : "10",
      "p" : "0.21002",
      "s" : "sell",
      "i" : "PYTHUSD-PERP",
      "m" : "4611686018428877648"
    }, {
      "d" : "1756455526501964101",
      "t" : 1756455526501,
      "tn" : 1756455526501964101,
      "q" : "10",
      "p" : "0.21006",
      "s" : "sell",
      "i" : "PYTHUSD-PERP",
      "m" : "4611686018428877647"
    }, {
      "d" : "1756455526385298866",
      "t" : 1756455526385,
      "tn" : 1756455526385298866,
      "q" : "10",
      "p" : "0.21012",
      "s" : "sell",
      "i" : "PYTHUSD-PERP",
      "m" : "4611686018428877646"
    }, {
      "d" : "1756455525970503511",
      "t" : 1756455525970,
      "tn" : 1756455525970503511,
      "q" : "10",
      "p" : "0.21004",
      "s" : "sell",
      "i" : "PYTHUSD-PERP",
      "m" : "4611686018428877645"
    }, {
      "d" : "1756455525755497290",
      "t" : 1756455525755,
      "tn" : 1756455525755497290,
      "q" : "10",
      "p" : "0.21002",
      "s" : "sell",
      "i" : "PYTHUSD-PERP",
      "m" : "4611686018428877644"
    }, {
      "d" : "1756455525503616782",
      "t" : 1756455525503,
      "tn" : 1756455525503616782,
      "q" : "10",
      "p" : "0.21005",
      "s" : "sell",
      "i" : "PYTHUSD-PERP",
      "m" : "4611686018428877643"
    }, {
      "d" : "1756455525403238741",
      "t" : 1756455525403,
      "tn" : 1756455525403238741,
      "q" : "10",
      "p" : "0.21006",
      "s" : "sell",
      "i" : "PYTHUSD-PERP",
      "m" : "4611686018428877642"
    }, {
      "d" : "1756455525269288609",
      "t" : 1756455525269,
      "tn" : 1756455525269288609,
      "q" : "10",
      "p" : "0.21010",
      "s" : "sell",
      "i" : "PYTHUSD-PERP",
      "m" : "4611686018428877641"
    }, {
      "d" : "1756455524906311571",
      "t" : 1756455524906,
      "tn" : 1756455524906311571,
      "q" : "10",
      "p" : "0.20996",
      "s" : "sell",
      "i" : "PYTHUSD-PERP",
      "m" : "4611686018428877640"
    }, {
      "d" : "1756455524373050708",
      "t" : 1756455524373,
      "tn" : 1756455524373050708,
      "q" : "10",
      "p" : "0.21000",
      "s" : "sell",
      "i" : "PYTHUSD-PERP",
      "m" : "4611686018428877639"
    }, {
      "d" : "1756455524073290090",
      "t" : 1756455524073,
      "tn" : 1756455524073290090,
      "q" : "10",
      "p" : "0.20995",
      "s" : "sell",
      "i" : "PYTHUSD-PERP",
      "m" : "4611686018428877638"
    }, {
      "d" : "1756455523951330751",
      "t" : 1756455523951,
      "tn" : 1756455523951330751,
      "q" : "10",
      "p" : "0.20996",
      "s" : "sell",
      "i" : "PYTHUSD-PERP",
      "m" : "4611686018428877637"
    } ]
  }
}