{
  "id" : -1,
  "method" : "public/get-trades",
  "code" : 0,
  "result" : {
    "data" : [ {
      "d" : "1756462221542818914",
      "t" : 1756462221542,
      "tn" : 1756462221542818914,
      "q" : "300",
      "p" : "0.22472",
      "s" : "buy",
      "i" : "PYTH_USDT",
      "m" : "4611686018428606308"
    }, {
      "d" : "1756462215270882145",
      "t" : 1756462215270,
      "tn" : 1756462215270882145,
      "q" : "1314",
      "p" : "0.22450",
      "s" : "sell",
      "i" : "PYTH_USDT",
      "m" : "4611686018428606307"
    }, {
      "d" : "1756462210491612975",
      "t" : 1756462210491,
      "tn" : 1756462210491612975,
      "q" : "932",
      "p" : "0.22483",
      "s" : "sell",
      "i" : "PYTH_USDT",
      "m" : "4611686018428606306"
    }, {
      "d" : "1756462210491610750",
      "t" : 1756462210491,
      "tn" : 1756462210491610750,
      "q" : "220",
      "p" : "0.22484",
      "s" : "sell",
      "i" : "PYTH_USDT",
      "m" : "4611686018428606305"
    }, {
      "d" : "1756462208793688160",
      "t" : 1756462208793,
      "tn" : 1756462208793688160,
      "q" : "100",
      "p" : "0.22526",
      "s" : "sell",
      "i" : "PYTH_USDT",
      "m" : "4611686018428606304"
    }, {
      "d" : "1756462200446991860",
      "t" : 1756462200446,
      "tn" : 1756462200446991860,
      "q" : "300",
      "p" : "0.22484",
      "s" : "sell",
      "i" : "PYTH_USDT",
      "m" : "4611686018428606303"
    }, {
      "d" : "1756462200446989487",
      "t" : 1756462200446,
      "tn" : 1756462200446989487,
      "q" : "444",
      "p" : "0.22485",
      "s" : "sell",
      "i" : "PYTH_USDT",
      "m" : "4611686018428606302"
    }, {
      "d" : "1756462187353951910",
      "t" : 1756462187353,
      "tn" : 1756462187353951910,
      "q" : "445",
      "p" : "0.22468",
      "s" : "sell",
      "i" : "PYTH_USDT",
      "m" : "4611686018428606301"
    }, {
      "d" : "1756462138450133345",
      "t" : 1756462138450,
      "tn" : 1756462138450133345,
      "q" : "300",
      "p" : "0.22748",
      "s" : "sell",
      "i" : "PYTH_USDT",
      "m" : "4611686018428606300"
    }, {
      "d" : "1756462124526047441",
      "t" : 1756462124526,
      "tn" : 1756462124526047441,
      "q" : "300",
      "p" : "0.22675",
      "s" : "sell",
      "i" : "PYTH_USDT",
      "m" : "4611686018428606299"
    }, {
      "d" : "1756462048556463580",
      "t" : 1756462048556,
      "tn" : 1756462048556463580,
      "q" : "1764",
      "p" : "0.22935",
      "s" : "buy",
      "i" : "PYTH_USDT",
      "m" : "4611686018428606298"
    }, {
      "d" : "1756462028731189715",
      "t" : 1756462028731,
      "tn" : 1756462028731189715,
      "q" : "1214",
      "p" : "0.22861",
      "s" : "buy",
      "i" : "PYTH_USDT",
      "m" : "4611686018428606297"
    }, {
      "d" : "1756461966806798477",
      "t" : 1756461966806,
      "tn" : 1756461966806798477,
      "q" : "264",
      "p" : "0.22828",
      "s" : "buy",
      "i" : "PYTH_USDT",
      "m" : "4611686018428606296"
    }, {
      "d" : "1756461886252809390",
      "t" : 1756461886252,
      "tn" : 1756461886252809390,
      "q" : "438",
      "p" : "0.22779",
      "s" : "buy",
      "i" : "PYTH_USDT",
      "m" : "4611686018428606295"
    }, {
      "d" : "1756461838847815785",
      "t" : 1756461838847,
      "tn" : 1756461838847815785,
      "q" : "300",
      "p" : "0.22657",
      "s" : "buy",
      "i" : "PYTH_USDT",
      "m" : "4611686018428606294"
    }, {
      "d" : "1756461815553292723",
      "t" : 1756461815553,
      "tn" : 1756461815553292723,
      "q" : "300",
      "p" : "0.22802",
      "s" : "sell",
      "i" : "PYTH_USDT",
      "m" : "4611686018428606293"
    }, {
      "d" : "1756461815553289466",
      "t" : 1756461815553,
      "tn" : 1756461815553289466,
      "q" : "438",
      "p" : "0.22803",
      "s" : "sell",
      "i" : "PYTH_USDT",
      "m" : "4611686018428606292"
    }, {
      "d" : "1756461813099870848",
      "t" : 1756461813099,
      "tn" : 1756461813099870848,
      "q" : "1734",
      "p" : "0.22787",
      "s" : "buy",
      "i" : "PYTH_USDT",
      "m" : "4611686018428606291"
    }, {
      "d" : "1756461813055954035",
      "t" : 1756461813055,
      "tn" : 1756461813055954035,
      "q" : "1773",
      "p" : "0.22784",
      "s" : "buy",
      "i" : "PYTH_USDT",
      "m" : "4611686018428606290"
    }, {
      "d" : "1756461813032127193",
      "t" : 1756461813032,
      "tn" : 1756461813032127193,
      "q" : "5616",
      "p" : "0.22743",
      "s" : "buy",
      "i" : "PYTH_USDT",
      "m" : "4611686018428606289"
    }, {
      "d" : "1756461813031630155",
      "t" : 1756461813031,
      "tn" : 1756461813031630155,
      "q" : "622",
      "p" : "0.22743",
      "s" : "buy",
      "i" : "PYTH_USDT",
      "m" : "4611686018428606288"
    }, {
      "d" : "1756461796191764733",
      "t" : 1756461796191,
      "tn" : 1756461796191764733,
      "q" : "800",
      "p" : "0.22670",
      "s" : "sell",
      "i" : "PYTH_USDT",
      "m" : "4611686018428606287"
    }, {
      "d" : "1756461763810873603",
      "t" : 1756461763810,
      "tn" : 1756461763810873603,
      "q" : "368",
      "p" : "0.22518",
      "s" : "buy",
      "i" : "PYTH_USDT",
      "m" : "4611686018428606286"
    }, {
      "d" : "1756461739872831600",
      "t" : 1756461739872,
      "tn" : 1756461739872831600,
      "q" : "557",
      "p" : "0.22422",
      "s" : "buy",
      "i" : "PYTH_USDT",
      "m" : "4611686018428606285"
    }, {
      "d" : "1756461711721906499",
      "t" : 1756461711721,
      "tn" : 1756461711721906499,
      "q" : "300",
      "p" : "0.22249",
      "s" : "sell",
      "i" : "PYTH_USDT",
      "m" : "4611686018428606284"
    }, {
      "d" : "1756461711712591733",
      "t" : 1756461711712,
      "tn" : 1756461711712591733,
      "q" : "360",
      "p" : "0.22250",
      "s" : "sell",
      "i" : "PYTH_USDT",
      "m" : "4611686018428606283"
    }, {
      "d" : "1756461688789845735",
      "t" : 1756461688789,
      "tn" : 1756461688789845735,
      "q" : "564",
      "p" : "0.22131",
      "s" : "buy",
      "i" : "PYTH_USDT",
      "m" : "4611686018428606282"
    }, {
      "d" : "1756461669510024521",
      "t" : 1756461669510,
      "tn" : 1756461669510024521,
      "q" : "1182",
      "p" : "0.22091",
      "s" : "sell",
      "i" : "PYTH_USDT",
      "m" : "4611686018428606281"
    }, {
      "d" : "1756461666659890502",
      "t" : 1756461666659,
      "tn" : 1756461666659890502,
      "q" : "300",
      "p" : "0.22105",
      "s" : "sell",
      "i" : "PYTH_USDT",
      "m" : "4611686018428606280"
    }, {
      "d" : "1756461666659888265",
      "t" : 1756461666659,
      "tn" : 1756461666659888265,
      "q" : "452",
      "p" : "0.22106",
      "s" : "sell",
      "i" : "PYTH_USDT",
      "m" : "4611686018428606279"
    }, {
      "d" : "1756461653010614940",
      "t" : 1756461653010,
      "tn" : 1756461653010614940,
      "q" : "300",
      "p" : "0.22027",
      "s" : "sell",
      "i" : "PYTH_USDT",
      "m" : "4611686018428606278"
    }, {
      "d" : "1756461633941084642",
      "t" : 1756461633941,
      "tn" : 1756461633941084642,
      "q" : "454",
      "p" : "0.21980",
      "s" : "sell",
      "i" : "PYTH_USDT",
      "m" : "4611686018428606277"
    }, {
      "d" : "1756461608292021478",
      "t" : 1756461608292,
      "tn" : 1756461608292021478,
      "q" : "4391",
      "p" : "0.22025",
      "s" : "buy",
      "i" : "PYTH_USDT",
      "m" : "4611686018428606276"
    }, {
      "d" : "1756461608247745050",
      "t" : 1756461608247,
      "tn" : 1756461608247745050,
      "q" : "1309",
      "p" : "0.22025",
      "s" : "buy",
      "i" : "PYTH_USDT",
      "m" : "4611686018428606275"
    }, {
      "d" : "1756461575016309891",
      "t" : 1756461575016,
      "tn" : 1756461575016309891,
      "q" : "100",
      "p" : "0.22057",
      "s" : "buy",
      "i" : "PYTH_USDT",
      "m" : "4611686018428606274"
    }, {
      "d" : "1756461546334641836",
      "t" : 1756461546334,
      "tn" : 1756461546334641836,
      "q" : "223",
      "p" : "0.22223",
      "s" : "sell",
      "i" : "PYTH_USDT",
      "m" : "4611686018428606273"
    }, {
      "d" : "1756461532978724060",
      "t" : 1756461532978,
      "tn" : 1756461532978724060,
      "q" : "300",
      "p" : "0.22091",
      "s" : "sell",
      "i" : "PYTH_USDT",
      "m" : "4611686018428606272"
    }, {
      "d" : "1756461467921065703",
      "t" : 1756461467921,
      "tn" : 1756461467921065703,
      "q" : "90",
      "p" : "0.22025",
      "s" : "sell",
      "i" : "PYTH_USDT",
      "m" : "4611686018428606271"
    }, {
      "d" : "1756461467920741640",
      "t" : 1756461467920,
      "tn" : 1756461467920741640,
      "q" : "210",
      "p" : "0.22025",
      "s" : "sell",
      "i" : "PYTH_USDT",
      "m" : "4611686018428606270"
    }, {
      "d" : "1756461447534685179",
      "t" : 1756461447534,
      "tn" : 1756461447534685179,
      "q" : "454",
      "p" : "0.21999",
      "s" : "buy",
      "i" : "PYTH_USDT",
      "m" : "4611686018428606269"
    }, {
      "d" : "1756461410445932247",
      "t" : 1756461410445,
      "tn" : 1756461410445932247,
      "q" : "454",
      "p" : "0.22016",
      "s" : "sell",
      "i" : "PYTH_USDT",
      "m" : "4611686018428606268"
    }, {
      "d" : "1756461403407941103",
      "t" : 1756461403407,
      "tn" : 1756461403407941103,
      "q" : "454",
      "p" : "0.22053",
      "s" : "buy",
      "i" : "PYTH_USDT",
      "m" : "4611686018428606267"
    }, {
      "d" : "1756461393304035425",
      "t" : 1756461393304,
      "tn" : 1756461393304035425,
      "q" : "454",
      "p" : "0.22013",
      "s" : "sell",
      "i" : "PYTH_USDT",
      "m" : "4611686018428606266"
    }, {
      "d" : "1756461367146318695",
      "t" : 1756461367146,
      "tn" : 1756461367146318695,
      "q" : "1782",
      "p" : "0.21987",
      "s" : "buy",
      "i" : "PYTH_USDT",
      "m" : "4611686018428606265"
    }, {
      "d" : "1756461367071804010",
      "t" : 1756461367071,
      "tn" : 1756461367071804010,
      "q" : "2277",
      "p" : "0.21951",
      "s" : "buy",
      "i" : "PYTH_USDT",
      "m" : "4611686018428606264"
    }, {
      "d" : "1756461367069891471",
      "t" : 1756461367069,
      "tn" : 1756461367069891471,
      "q" : "218",
      "p" : "0.21950",
      "s" : "buy",
      "i" : "PYTH_USDT",
      "m" : "4611686018428606263"
    }, {
      "d" : "1756461365072835401",
      "t" : 1756461365072,
      "tn" : 1756461365072835401,
      "q" : "300",
      "p" : "0.21942",
      "s" : "sell",
      "i" : "PYTH_USDT",
      "m" : "4611686018428606262"
    }, {
      "d" : "1756461352500600806",
      "t" : 1756461352500,
      "tn" : 1756461352500600806,
      "q" : "100",
      "p" : "0.21928",
      "s" : "buy",
      "i" : "PYTH_USDT",
      "m" : "4611686018428606261"
    }, {
      "d" : "1756461347542918916",
      "t" : 1756461347542,
      "tn" : 1756461347542918916,
      "q" : "100",
      "p" : "0.21922",
      "s" : "buy",
      "i" : "PYTH_USDT",
      "m" : "4611686018428606260"
    }, {
      "d" : "1756461339266132306",
      "t" : 1756461339266,
      "tn" : 1756461339266132306,
      "q" : "100",
      "p" : "0.21934",
      "s" : "buy",
      "i" : "PYTH_USDT",
      "m" : "4611686018428606259"
    }, {
      "d" : "1756461332076943832",
      "t" : 1756461332076,
      "tn" : 1756461332076943832,
      "q" : "100",
      "p" : "0.21936",
      "s" : "buy",
      "i" : "PYTH_USDT",
      "m" : "4611686018428606258"
    }, {
      "d" : "1756461316897269108",
      "t" : 1756461316897,
      "tn" : 1756461316897269108,
      "q" : "619",
      "p" : "0.21954",
      "s" : "buy",
      "i" : "PYTH_USDT",
      "m" : "4611686018428606257"
    }, {
      "d" : "1756461316881837605",
      "t" : 1756461316881,
      "tn" : 1756461316881837605,
      "q" : "1215",
      "p" : "0.21954",
      "s" : "buy",
      "i" : "PYTH_USDT",
      "m" : "4611686018428606256"
    }, {
      "d" : "1756461316856630811",
      "t" : 1756461316856,
      "tn" : 1756461316856630811,
      "q" : "300",
      "p" : "0.21925",
      "s" : "buy",
      "i" : "PYTH_USDT",
      "m" : "4611686018428606255"
    }, {
      "d" : "1756461316856629089",
      "t" : 1756461316856,
      "tn" : 1756461316856629089,
      "q" : "570",
      "p" : "0.21924",
      "s" : "buy",
      "i" : "PYTH_USDT",
      "m" : "4611686018428606254"
    }, {
      "d" : "1756461295989487487",
      "t" : 1756461295989,
      "tn" : 1756461295989487487,
      "q" : "237",
      "p" : "0.21931",
      "s" : "buy",
      "i" : "PYTH_USDT",
      "m" : "4611686018428606253"
    }, {
      "d" : "1756461294504148479",
      "t" : 1756461294504,
      "tn" : 1756461294504148479,
      "q" : "1500",
      "p" : "0.21914",
      "s" : "sell",
      "i" : "PYTH_USDT",
      "m" : "4611686018428606252"
    }, {
      "d" : "1756461283185216293",
      "t" : 1756461283185,
      "tn" : 1756461283185216293,
      "q" : "300",
      "p" : "0.21881",
      "s" : "buy",
      "i" : "PYTH_USDT",
      "m" : "4611686018428606251"
    }, {
      "d" : "1756461273144918759",
      "t" : 1756461273144,
      "tn" : 1756461273144918759,
      "q" : "456",
      "p" : "0.21884",
      "s" : "sell",
      "i" : "PYTH_USDT",
      "m" : "4611686018428606250"
    }, {
      "d" : "1756461206050860637",
      "t" : 1756461206050,
      "tn" : 1756461206050860637,
      "q" : "1416",
      "p" : "0.21926",
      "s" : "sell",
      "i" : "PYTH_USDT",
      "m" : "4611686018428606249"
    }, {
      "d" : "1756461159058245736",
      "t" : 1756461159058,
      "tn" : 1756461159058245736,
      "q" : "300",
      "p" : "0.21943",
      "s" : "sell",
      "i" : "PYTH_USDT",
      "m" : "4611686018428606248"
    }, {
      "d" : "1756461136128754545",
      "t" : 1756461136128,
      "tn" : 1756461136128754545,
      "q" : "428",
      "p" : "0.21931",
      "s" : "sell",
      "i" : "PYTH_USDT",
      "m" : "4611686018428606247"
    }, {
      "d" : "1756461123533032211",
      "t" : 1756461123533,
      "tn" : 1756461123533032211,
      "q" : "300",
      "p" : "0.21939",
      "s" : "sell",
      "i" : "PYTH_USDT",
      "m" : "4611686018428606246"
    }, {
      "d" : "1756461065457954667",
      "t" : 1756461065457,
      "tn" : 1756461065457954667,
      "q" : "300",
      "p" : "0.21988",
      "s" : "sell",
      "i" : "PYTH_USDT",
      "m" : "4611686018428606245"
    }, {
      "d" : "1756461059657360099",
      "t" : 1756461059657,
      "tn" : 1756461059657360099,
      "q" : "569",
      "p" : "0.21957",
      "s" : "buy",
      "i" : "PYTH_USDT",
      "m" : "4611686018428606244"
    }, {
      "d" : "1756461032765942208",
      "t" : 1756461032765,
      "tn" : 1756461032765942208,
      "q" : "232",
      "p" : "0.21943",
      "s" : "sell",
      "i" : "PYTH_USDT",
      "m" : "4611686018428606243"
    }, {
      "d" : "1756461019279322453",
      "t" : 1756461019279,
      "tn" : 1756461019279322453,
      "q" : "668",
      "p" : "0.22017",
      "s" : "sell",
      "i" : "PYTH_USDT",
      "m" : "4611686018428606242"
    }, {
      "d" : "1756461019274749486",
      "t" : 1756461019274,
      "tn" : 1756461019274749486,
      "q" : "1149",
      "p" : "0.22017",
      "s" : "sell",
      "i" : "PYTH_USDT",
      "m" : "4611686018428606241"
    }, {
      "d" : "1756461019228585966",
      "t" : 1756461019228,
      "tn" : 1756461019228585966,
      "q" : "452",
      "p" : "0.22031",
      "s" : "sell",
      "i" : "PYTH_USDT",
      "m" : "4611686018428606240"
    }, {
      "d" : "1756461019228292234",
      "t" : 1756461019228,
      "tn" : 1756461019228292234,
      "q" : "1817",
      "p" : "0.22031",
      "s" : "sell",
      "i" : "PYTH_USDT",
      "m" : "4611686018428606239"
    }, {
      "d" : "1756461019228290591",
      "t" : 1756461019228,
      "tn" : 1756461019228290591,
      "q" : "453",
      "p" : "0.22032",
      "s" : "sell",
      "i" : "PYTH_USDT",
      "m" : "4611686018428606238"
    }, {
      "d" : "1756461015218791026",
      "t" : 1756461015218,
      "tn" : 1756461015218791026,
      "q" : "453",
      "p" : "0.22058",
      "s" : "sell",
      "i" : "PYTH_USDT",
      "m" : "4611686018428606237"
    }, {
      "d" : "1756460988304980271",
      "t" : 1756460988304,
      "tn" : 1756460988304980271,
      "q" : "300",
      "p" : "0.22109",
      "s" : "sell",
      "i" : "PYTH_USDT",
      "m" : "4611686018428606236"
    }, {
      "d" : "1756460940082978538",
      "t" : 1756460940082,
      "tn" : 1756460940082978538,
      "q" : "300",
      "p" : "0.22024",
      "s" : "sell",
      "i" : "PYTH_USDT",
      "m" : "4611686018428606235"
    }, {
      "d" : "1756460938228931394",
      "t" : 1756460938228,
      "tn" : 1756460938228931394,
      "q" : "456",
      "p" : "0.22042",
      "s" : "buy",
      "i" : "PYTH_USDT",
      "m" : "4611686018428606234"
    }, {
      "d" : "1756460932294702022",
      "t" : 1756460932294,
      "tn" : 1756460932294702022,
      "q" : "454",
      "p" : "0.22024",
      "s" : "buy",
      "i" : "PYTH_USDT",
      "m" : "4611686018428606233"
    }, {
      "d" : "1756460880255873461",
      "t" : 1756460880255,
      "tn" : 1756460880255873461,
      "q" : "456",
      "p" : "0.21907",
      "s" : "sell",
      "i" : "PYTH_USDT",
      "m" : "4611686018428606232"
    }, {
      "d" : "1756460868267857402",
      "t" : 1756460868267,
      "tn" : 1756460868267857402,
      "q" : "300",
      "p" : "0.21931",
      "s" : "buy",
      "i" : "PYTH_USDT",
      "m" : "4611686018428606231"
    }, {
      "d" : "1756460849006803922",
      "t" : 1756460849006,
      "tn" : 1756460849006803922,
      "q" : "1085",
      "p" : "0.21972",
      "s" : "sell",
      "i" : "PYTH_USDT",
      "m" : "4611686018428606230"
    }, {
      "d" : "1756460848268823404",
      "t" : 1756460848268,
      "tn" : 1756460848268823404,
      "q" : "454",
      "p" : "0.21996",
      "s" : "sell",
      "i" : "PYTH_USDT",
      "m" : "4611686018428606229"
    }, {
      "d" : "1756460844554895929",
      "t" : 1756460844554,
      "tn" : 1756460844554895929,
      "q" : "300",
      "p" : "0.22018",
      "s" : "sell",
      "i" : "PYTH_USDT",
      "m" : "4611686018428606228"
    }, {
      "d" : "1756460830603765922",
      "t" : 1756460830603,
      "tn" : 1756460830603765922,
      "q" : "1257",
      "p" : "0.21969",
      "s" : "sell",
      "i" : "PYTH_USDT",
      "m" : "4611686018428606227"
    }, {
      "d" : "1756460828220903209",
      "t" : 1756460828220,
      "tn" : 1756460828220903209,
      "q" : "300",
      "p" : "0.22004",
      "s" : "sell",
      "i" : "PYTH_USDT",
      "m" : "4611686018428606226"
    }, {
      "d" : "1756460798233095065",
      "t" : 1756460798233,
      "tn" : 1756460798233095065,
      "q" : "2701",
      "p" : "0.21883",
      "s" : "buy",
      "i" : "PYTH_USDT",
      "m" : "4611686018428606225"
    }, {
      "d" : "1756460793914389374",
      "t" : 1756460793914,
      "tn" : 1756460793914389374,
      "q" : "300",
      "p" : "0.21874",
      "s" : "sell",
      "i" : "PYTH_USDT",
      "m" : "4611686018428606224"
    }, {
      "d" : "1756460622650153694",
      "t" : 1756460622650,
      "tn" : 1756460622650153694,
      "q" : "1028",
      "p" : "0.22050",
      "s" : "sell",
      "i" : "PYTH_USDT",
      "m" : "4611686018428606223"
    }, {
      "d" : "1756460593791813428",
      "t" : 1756460593791,
      "tn" : 1756460593791813428,
      "q" : "300",
      "p" : "0.22000",
      "s" : "sell",
      "i" : "PYTH_USDT",
      "m" : "4611686018428606222"
    }, {
      "d" : "1756460528302853849",
      "t" : 1756460528302,
      "tn" : 1756460528302853849,
      "q" : "570",
      "p" : "0.21901",
      "s" : "buy",
      "i" : "PYTH_USDT",
      "m" : "4611686018428606221"
    }, {
      "d" : "1756460492732618043",
      "t" : 1756460492732,
      "tn" : 1756460492732618043,
      "q" : "300",
      "p" : "0.21889",
      "s" : "sell",
      "i" : "PYTH_USDT",
      "m" : "4611686018428606220"
    }, {
      "d" : "1756460466630971604",
      "t" : 1756460466630,
      "tn" : 1756460466630971604,
      "q" : "300",
      "p" : "0.21878",
      "s" : "sell",
      "i" : "PYTH_USDT",
      "m" : "4611686018428606219"
    }, {
      "d" : "1756460454208575051",
      "t" : 1756460454208,
      "tn" : 1756460454208575051,
      "q" : "444",
      "p" : "0.21843",
      "s" : "buy",
      "i" : "PYTH_USDT",
      "m" : "4611686018428606218"
    }, {
      "d" : "1756460437667901445",
      "t" : 1756460437667,
      "tn" : 1756460437667901445,
      "q" : "800",
      "p" : "0.21820",
      "s" : "sell",
      "i" : "PYTH_USDT",
      "m" : "4611686018428606217"
    }, {
      "d" : "1756460420583926477",
      "t" : 1756460420583,
      "tn" : 1756460420583926477,
      "q" : "715",
      "p" : "0.21772",
      "s" : "sell",
      "i" : "PYTH_USDT",
      "m" : "4611686018428606216"
    }, {
      "d" : "1756460420583325500",
      "t" : 1756460420583,
      "tn" : 1756460420583325500,
      "q" : "558",
      "p" : "0.21772",
      "s" : "sell",
      "i" : "PYTH_USDT",
      "m" : "4611686018428606215"
    }, {
      "d" : "1756460420522724842",
      "t" : 1756460420522,
      "tn" : 1756460420522724842,
      "q" : "1827",
      "p" : "0.21790",
      "s" : "sell",
      "i" : "PYTH_USDT",
      "m" : "4611686018428606214"
    }, {
      "d" : "1756460420490054116",
      "t" : 1756460420490,
      "tn" : 1756460420490054116,
      "q" : "136",
      "p" : "0.21801",
      "s" : "sell",
      "i" : "PYTH_USDT",
      "m" : "4611686018428606213"
    }, {
      "d" : "1756460420485562085",
      "t" : 1756460420485,
      "tn" : 1756460420485562085,
      "q" : "1704",
      "p" : "0.21801",
      "s" : "sell",
      "i" : "PYTH_USDT",
      "m" : "4611686018428606212"
    }, {
      "d" : "1756460420485560192",
      "t" : 1756460420485,
      "tn" : 1756460420485560192,
      "q" : "1317",
      "p" : "0.21802",
      "s" : "sell",
      "i" : "PYTH_USDT",
      "m" : "4611686018428606211"
    }, {
      "d" : "1756460420485372733",
      "t" : 1756460420485,
      "tn" : 1756460420485372733,
      "q" : "976",
      "p" : "0.21802",
      "s" : "sell",
      "i" : "PYTH_USDT",
      "m" : "4611686018428606210"
    }, {
      "d" : "1756460412726736065",
      "t" : 1756460412726,
      "tn" : 1756460412726736065,
      "q" : "1233",
      "p" : "0.21870",
      "s" : "sell",
      "i" : "PYTH_USDT",
      "m" : "4611686018428606209"
    }, {
      "d" : "1756460348335361196",
      "t" : 1756460348335,
      "tn" : 1756460348335361196,
      "q" : "1302",
      "p" : "0.21797",
      "s" : "sell",
      "i" : "PYTH_USDT",
      "m" : "4611686018428606208"
    }, {
      "d" : "1756460333559900434",
      "t" : 1756460333559,
      "tn" : 1756460333559900434,
      "q" : "573",
      "p" : "0.21797",
      "s" : "buy",
      "i" : "PYTH_USDT",
      "m" : "4611686018428606207"
    }, {
      "d" : "1756460289867121807",
      "t" : 1756460289867,
      "tn" : 1756460289867121807,
      "q" : "1109",
      "p" : "0.21994",
      "s" : "sell",
      "i" : "PYTH_USDT",
      "m" : "4611686018428606206"
    }, {
      "d" : "1756460289866873363",
      "t" : 1756460289866,
      "tn" : 1756460289866873363,
      "q" : "538",
      "p" : "0.21994",
      "s" : "sell",
      "i" : "PYTH_USDT",
      "m" : "4611686018428606205"
    }, {
      "d" : "1756460289865625284",
      "t" : 1756460289865,
      "tn" : 1756460289865625284,
      "q" : "3013",
      "p" : "0.21994",
      "s" : "sell",
      "i" : "PYTH_USDT",
      "m" : "4611686018428606204"
    }, {
      "d" : "1756460289863548684",
      "t" : 1756460289863,
      "tn" : 1756460289863548684,
      "q" : "1125",
      "p" : "0.21994",
      "s" : "sell",
      "i" : "PYTH_USDT",
      "m" : "4611686018428606203"
    }, {
      "d" : "1756460289859737132",
      "t" : 1756460289859,
      "tn" : 1756460289859737132,
      "q" : "858",
      "p" : "0.21994",
      "s" : "sell",
      "i" : "PYTH_USDT",
      "m" : "4611686018428606202"
    }, {
      "d" : "1756460289857821259",
      "t" : 1756460289857,
      "tn" : 1756460289857821259,
      "q" : "663",
      "p" : "0.21994",
      "s" : "sell",
      "i" : "PYTH_USDT",
      "m" : "4611686018428606201"
    }, {
      "d" : "1756460289856957982",
      "t" : 1756460289856,
      "tn" : 1756460289856957982,
      "q" : "598",
      "p" : "0.21994",
      "s" : "sell",
      "i" : "PYTH_USDT",
      "m" : "4611686018428606200"
    }, {
      "d" : "1756460289855856113",
      "t" : 1756460289855,
      "tn" : 1756460289855856113,
      "q" : "696",
      "p" : "0.21994",
      "s" : "sell",
      "i" : "PYTH_USDT",
      "m" : "4611686018428606199"
    }, {
      "d" : "1756460281768562482",
      "t" : 1756460281768,
      "tn" : 1756460281768562482,
      "q" : "1296",
      "p" : "0.21939",
      "s" : "sell",
      "i" : "PYTH_USDT",
      "m" : "4611686018428606198"
    }, {
      "d" : "1756460281767722657",
      "t" : 1756460281767,
      "tn" : 1756460281767722657,
      "q" : "524",
      "p" : "0.21939",
      "s" : "sell",
      "i" : "PYTH_USDT",
      "m" : "4611686018428606197"
    }, {
      "d" : "1756460229180762886",
      "t" : 1756460229180,
      "tn" : 1756460229180762886,
      "q" : "1363",
      "p" : "0.21911",
      "s" : "buy",
      "i" : "PYTH_USDT",
      "m" : "4611686018428606196"
    }, {
      "d" : "1756460179114023919",
      "t" : 1756460179114,
      "tn" : 1756460179114023919,
      "q" : "1166",
      "p" : "0.21943",
      "s" : "sell",
      "i" : "PYTH_USDT",
      "m" : "4611686018428606195"
    }, {
      "d" : "1756460069112704292",
      "t" : 1756460069112,
      "tn" : 1756460069112704292,
      "q" : "6800",
      "p" : "0.21848",
      "s" : "buy",
      "i" : "PYTH_USDT",
      "m" : "4611686018428606194"
    }, {
      "d" : "1756460063023643877",
      "t" : 1756460063023,
      "tn" : 1756460063023643877,
      "q" : "1168",
      "p" : "0.21830",
      "s" : "buy",
      "i" : "PYTH_USDT",
      "m" : "4611686018428606193"
    }, {
      "d" : "1756459970605870223",
      "t" : 1756459970605,
      "tn" : 1756459970605870223,
      "q" : "57",
      "p" : "0.21931",
      "s" : "sell",
      "i" : "PYTH_USDT",
      "m" : "4611686018428606192"
    }, {
      "d" : "1756459970372207501",
      "t" : 1756459970372,
      "tn" : 1756459970372207501,
      "q" : "15",
      "p" : "0.21931",
      "s" : "sell",
      "i" : "PYTH_USDT",
      "m" : "4611686018428606191"
    }, {
      "d" : "1756459970269183547",
      "t" : 1756459970269,
      "tn" : 1756459970269183547,
      "q" : "48",
      "p" : "0.21931",
      "s" : "sell",
      "i" : "PYTH_USDT",
      "m" : "4611686018428606190"
    }, {
      "d" : "1756459970155916512",
      "t" : 1756459970155,
      "tn" : 1756459970155916512,
      "q" : "436",
      "p" : "0.21931",
      "s" : "sell",
      "i" : "PYTH_USDT",
      "m" : "4611686018428606189"
    }, {
      "d" : "1756459969447968097",
      "t" : 1756459969447,
      "tn" : 1756459969447968097,
      "q" : "283",
      "p" : "0.21931",
      "s" : "sell",
      "i" : "PYTH_USDT",
      "m" : "4611686018428606188"
    }, {
      "d" : "1756459969108280075",
      "t" : 1756459969108,
      "tn" : 1756459969108280075,
      "q" : "29",
      "p" : "0.21931",
      "s" : "sell",
      "i" : "PYTH_USDT",
      "m" : "4611686018428606187"
    }, {
      "d" : "1756459968914478336",
      "t" : 1756459968914,
      "tn" : 1756459968914478336,
      "q" : "98",
      "p" : "0.21931",
      "s" : "sell",
      "i" : "PYTH_USDT",
      "m" : "4611686018428606186"
    }, {
      "d" : "1756459968808102736",
      "t" : 1756459968808,
      "tn" : 1756459968808102736,
      "q" : "1185",
      "p" : "0.21931",
      "s" : "sell",
      "i" : "PYTH_USDT",
      "m" : "4611686018428606185"
    }, {
      "d" : "1756459934447315929",
      "t" : 1756459934447,
      "tn" : 1756459934447315929,
      "q" : "117",
      "p" : "0.21907",
      "s" : "sell",
      "i" : "PYTH_USDT",
      "m" : "4611686018428606184"
    }, {
      "d" : "1756459934334896077",
      "t" : 1756459934334,
      "tn" : 1756459934334896077,
      "q" : "57",
      "p" : "0.21907",
      "s" : "sell",
      "i" : "PYTH_USDT",
      "m" : "4611686018428606183"
    }, {
      "d" : "1756459934195083133",
      "t" : 1756459934195,
      "tn" : 1756459934195083133,
      "q" : "150",
      "p" : "0.21907",
      "s" : "sell",
      "i" : "PYTH_USDT",
      "m" : "4611686018428606182"
    }, {
      "d" : "1756459934094610218",
      "t" : 1756459934094,
      "tn" : 1756459934094610218,
      "q" : "17",
      "p" : "0.21907",
      "s" : "sell",
      "i" : "PYTH_USDT",
      "m" : "4611686018428606181"
    }, {
      "d" : "1756459933981018027",
      "t" : 1756459933981,
      "tn" : 1756459933981018027,
      "q" : "334",
      "p" : "0.21907",
      "s" : "sell",
      "i" : "PYTH_USDT",
      "m" : "4611686018428606180"
    }, {
      "d" : "1756459933863517259",
      "t" : 1756459933863,
      "tn" : 1756459933863517259,
      "q" : "56",
      "p" : "0.21907",
      "s" : "sell",
      "i" : "PYTH_USDT",
      "m" : "4611686018428606179"
    }, {
      "d" : "1756459933757057689",
      "t" : 1756459933757,
      "tn" : 1756459933757057689,
      "q" : "277",
      "p" : "0.21907",
      "s" : "sell",
      "i" : "PYTH_USDT",
      "m" : "4611686018428606178"
    }, {
      "d" : "1756459933650918254",
      "t" : 1756459933650,
      "tn" : 1756459933650918254,
      "q" : "221",
      "p" : "0.21907",
      "s" : "sell",
      "i" : "PYTH_USDT",
      "m" : "4611686018428606177"
    }, {
      "d" : "1756459932719438542",
      "t" : 1756459932719,
      "tn" : 1756459932719438542,
      "q" : "87",
      "p" : "0.21907",
      "s" : "sell",
      "i" : "PYTH_USDT",
      "m" : "4611686018428606176"
    }, {
      "d" : "1756459932614181918",
      "t" : 1756459932614,
      "tn" : 1756459932614181918,
      "q" : "232",
      "p" : "0.21907",
      "s" : "sell",
      "i" : "PYTH_USDT",
      "m" : "4611686018428606175"
    }, {
      "d" : "1756459932514062201",
      "t" : 1756459932514,
      "tn" : 1756459932514062201,
      "q" : "474",
      "p" : "0.21907",
      "s" : "sell",
      "i" : "PYTH_USDT",
      "m" : "4611686018428606174"
    }, {
      "d" : "1756459931655831691",
      "t" : 1756459931655,
      "tn" : 1756459931655831691,
      "q" : "1097",
      "p" : "0.21934",
      "s" : "sell",
      "i" : "PYTH_USDT",
      "m" : "4611686018428606173"
    }, {
      "d" : "1756459926057802103",
      "t" : 1756459926057,
      "tn" : 1756459926057802103,
      "q" : "233",
      "p" : "0.21934",
      "s" : "sell",
      "i" : "PYTH_USDT",
      "m" : "4611686018428606172"
    }, {
      "d" : "1756459925919828271",
      "t" : 1756459925919,
      "tn" : 1756459925919828271,
      "q" : "721",
      "p" : "0.21934",
      "s" : "sell",
      "i" : "PYTH_USDT",
      "m" : "4611686018428606171"
    }, {
      "d" : "1756459924363727756",
      "t" : 1756459924363,
      "tn" : 1756459924363727756,
      "q" : "789",
      "p" : "0.21963",
      "s" : "sell",
      "i" : "PYTH_USDT",
      "m" : "4611686018428606170"
    }, {
      "d" : "1756459924353991203",
      "t" : 1756459924353,
      "tn" : 1756459924353991203,
      "q" : "1262",
      "p" : "0.21963",
      "s" : "sell",
      "i" : "PYTH_USDT",
      "m" : "4611686018428606169"
    }, {
      "d" : "1756459906597998362",
      "t" : 1756459906597,
      "tn" : 1756459906597998362,
      "q" : "1146",
      "p" : "0.21961",
      "s" : "sell",
      "i" : "PYTH_USDT",
      "m" : "4611686018428606168"
    }, {
      "d" : "1756459892356732594",
      "t" : 1756459892356,
      "tn" : 1756459892356732594,
      "q" : "873",
      "p" : "0.21987",
      "s" : "sell",
      "i" : "PYTH_USDT",
      "m" : "4611686018428606167"
    }, {
      "d" : "1756459892352359083",
      "t" : 1756459892352,
      "tn" : 1756459892352359083,
      "q" : "1178",
      "p" : "0.21987",
      "s" : "sell",
      "i" : "PYTH_USDT",
      "m" : "4611686018428606166"
    }, {
      "d" : "1756459880992078677",
      "t" : 1756459880992,
      "tn" : 1756459880992078677,
      "q" : "1025",
      "p" : "0.21988",
      "s" : "sell",
      "i" : "PYTH_USDT",
      "m" : "4611686018428606165"
    }, {
      "d" : "1756459877525627937",
      "t" : 1756459877525,
      "tn" : 1756459877525627937,
      "q" : "25",
      "p" : "0.21988",
      "s" : "sell",
      "i" : "PYTH_USDT",
      "m" : "4611686018428606164"
    }, {
      "d" : "1756459877422098518",
      "t" : 1756459877422,
      "tn" : 1756459877422098518,
      "q" : "12",
      "p" : "0.21988",
      "s" : "sell",
      "i" : "PYTH_USDT",
      "m" : "4611686018428606163"
    }, {
      "d" : "1756459877212392370",
      "t" : 1756459877212,
      "tn" : 1756459877212392370,
      "q" : "260",
      "p" : "0.21988",
      "s" : "sell",
      "i" : "PYTH_USDT",
      "m" : "4611686018428606162"
    }, {
      "d" : "1756459876098531707",
      "t" : 1756459876098,
      "tn" : 1756459876098531707,
      "q" : "122",
      "p" : "0.21988",
      "s" : "sell",
      "i" : "PYTH_USDT",
      "m" : "4611686018428606161"
    }, {
      "d" : "1756459875994224729",
      "t" : 1756459875994,
      "tn" : 1756459875994224729,
      "q" : "42",
      "p" : "0.21988",
      "s" : "sell",
      "i" : "PYTH_USDT",
      "m" : "4611686018428606160"
    }, {
      "d" : "1756459875816599786",
      "t" : 1756459875816,
      "tn" : 1756459875816599786,
      "q" : "159",
      "p" : "0.21988",
      "s" : "sell",
      "i" : "PYTH_USDT",
      "m" : "4611686018428606159"
    } ]
  }
}