{
  "id" : -1,
  "method" : "public/get-trades",
  "code" : 0,
  "result" : {
    "data" : [ {
      "d" : "1756462059142571565",
      "t" : 1756462059142,
      "tn" : 1756462059142571565,
      "q" : "1.5",
      "p" : "1.00018",
      "s" : "buy",
      "i" : "PYUSD_USDT",
      "m" : "4611686018429111917"
    }, {
      "d" : "1756462010541878334",
      "t" : 1756462010541,
      "tn" : 1756462010541878334,
      "q" : "1.1",
      "p" : "1.00018",
      "s" : "buy",
      "i" : "PYUSD_USDT",
      "m" : "4611686018429111916"
    }, {
      "d" : "1756462010188412417",
      "t" : 1756462010188,
      "tn" : 1756462010188412417,
      "q" : "3.3",
      "p" : "1.00018",
      "s" : "buy",
      "i" : "PYUSD_USDT",
      "m" : "4611686018429111915"
    }, {
      "d" : "1756461982909139364",
      "t" : 1756461982909,
      "tn" : 1756461982909139364,
      "q" : "1.1",
      "p" : "1.00018",
      "s" : "buy",
      "i" : "PYUSD_USDT",
      "m" : "4611686018429111914"
    }, {
      "d" : "1756461946300124889",
      "t" : 1756461946300,
      "tn" : 1756461946300124889,
      "q" : "1.7",
      "p" : "1.00018",
      "s" : "buy",
      "i" : "PYUSD_USDT",
      "m" : "4611686018429111913"
    }, {
      "d" : "1756461792450409762",
      "t" : 1756461792450,
      "tn" : 1756461792450409762,
      "q" : "3.3",
      "p" : "1.00018",
      "s" : "buy",
      "i" : "PYUSD_USDT",
      "m" : "4611686018429111912"
    }, {
      "d" : "1756461632500070009",
      "t" : 1756461632500,
      "tn" : 1756461632500070009,
      "q" : "2.0",
      "p" : "1.00013",
      "s" : "sell",
      "i" : "PYUSD_USDT",
      "m" : "4611686018429111911"
    }, {
      "d" : "1756461385421563986",
      "t" : 1756461385421,
      "tn" : 1756461385421563986,
      "q" : "2.0",
      "p" : "1.00013",
      "s" : "sell",
      "i" : "PYUSD_USDT",
      "m" : "4611686018429111910"
    }, {
      "d" : "1756461320825512048",
      "t" : 1756461320825,
      "tn" : 1756461320825512048,
      "q" : "12.0",
      "p" : "0.99989",
      "s" : "sell",
      "i" : "PYUSD_USDT",
      "m" : "4611686018429111909"
    }, {
      "d" : "1756461138451447843",
      "t" : 1756461138451,
      "tn" : 1756461138451447843,
      "q" : "2.0",
      "p" : "0.99976",
      "s" : "sell",
      "i" : "PYUSD_USDT",
      "m" : "4611686018429111908"
    }, {
      "d" : "1756460903915508006",
      "t" : 1756460903915,
      "tn" : 1756460903915508006,
      "q" : "1.7",
      "p" : "1.00011",
      "s" : "buy",
      "i" : "PYUSD_USDT",
      "m" : "4611686018429111907"
    }, {
      "d" : "1756460899146982392",
      "t" : 1756460899146,
      "tn" : 1756460899146982392,
      "q" : "1.1",
      "p" : "0.99996",
      "s" : "sell",
      "i" : "PYUSD_USDT",
      "m" : "4611686018429111906"
    }, {
      "d" : "1756460899047162063",
      "t" : 1756460899047,
      "tn" : 1756460899047162063,
      "q" : "1.1",
      "p" : "0.99995",
      "s" : "sell",
      "i" : "PYUSD_USDT",
      "m" : "4611686018429111905"
    }, {
      "d" : "1756460898997015271",
      "t" : 1756460898997,
      "tn" : 1756460898997015271,
      "q" : "1.1",
      "p" : "0.99994",
      "s" : "sell",
      "i" : "PYUSD_USDT",
      "m" : "4611686018429111904"
    }, {
      "d" : "1756460587227718718",
      "t" : 1756460587227,
      "tn" : 1756460587227718718,
      "q" : "3.0",
      "p" : "1.00009",
      "s" : "buy",
      "i" : "PYUSD_USDT",
      "m" : "4611686018429111903"
    }, {
      "d" : "1756460526646282181",
      "t" : 1756460526646,
      "tn" : 1756460526646282181,
      "q" : "1.1",
      "p" : "1.00007",
      "s" : "buy",
      "i" : "PYUSD_USDT",
      "m" : "4611686018429111902"
    }, {
      "d" : "1756460526545983773",
      "t" : 1756460526545,
      "tn" : 1756460526545983773,
      "q" : "1.1",
      "p" : "1.00007",
      "s" : "buy",
      "i" : "PYUSD_USDT",
      "m" : "4611686018429111901"
    }, {
      "d" : "1756460526526313251",
      "t" : 1756460526526,
      "tn" : 1756460526526313251,
      "q" : "1.1",
      "p" : "1.00007",
      "s" : "buy",
      "i" : "PYUSD_USDT",
      "m" : "4611686018429111900"
    }, {
      "d" : "1756460337468403160",
      "t" : 1756460337468,
      "tn" : 1756460337468403160,
      "q" : "2.0",
      "p" : "1.00006",
      "s" : "sell",
      "i" : "PYUSD_USDT",
      "m" : "4611686018429111899"
    }, {
      "d" : "1756460333934876263",
      "t" : 1756460333934,
      "tn" : 1756460333934876263,
      "q" : "4.1",
      "p" : "1.00006",
      "s" : "sell",
      "i" : "PYUSD_USDT",
      "m" : "4611686018429111898"
    }, {
      "d" : "1756460203882203130",
      "t" : 1756460203882,
      "tn" : 1756460203882203130,
      "q" : "2.0",
      "p" : "0.99980",
      "s" : "sell",
      "i" : "PYUSD_USDT",
      "m" : "4611686018429111897"
    }, {
      "d" : "1756460176584869204",
      "t" : 1756460176584,
      "tn" : 1756460176584869204,
      "q" : "6.0",
      "p" : "1.00007",
      "s" : "sell",
      "i" : "PYUSD_USDT",
      "m" : "4611686018429111896"
    }, {
      "d" : "1756460175940990360",
      "t" : 1756460175940,
      "tn" : 1756460175940990360,
      "q" : "1.1",
      "p" : "1.00009",
      "s" : "sell",
      "i" : "PYUSD_USDT",
      "m" : "4611686018429111895"
    }, {
      "d" : "1756460129112468482",
      "t" : 1756460129112,
      "tn" : 1756460129112468482,
      "q" : "2.0",
      "p" : "1.00017",
      "s" : "buy",
      "i" : "PYUSD_USDT",
      "m" : "4611686018429111894"
    }, {
      "d" : "1756459783857950624",
      "t" : 1756459783857,
      "tn" : 1756459783857950624,
      "q" : "3.2",
      "p" : "1.00010",
      "s" : "buy",
      "i" : "PYUSD_USDT",
      "m" : "4611686018429111893"
    }, {
      "d" : "1756459781919171998",
      "t" : 1756459781919,
      "tn" : 1756459781919171998,
      "q" : "1.1",
      "p" : "1.00010",
      "s" : "buy",
      "i" : "PYUSD_USDT",
      "m" : "4611686018429111892"
    }, {
      "d" : "1756459776503574221",
      "t" : 1756459776503,
      "tn" : 1756459776503574221,
      "q" : "2.0",
      "p" : "1.00010",
      "s" : "buy",
      "i" : "PYUSD_USDT",
      "m" : "4611686018429111891"
    }, {
      "d" : "1756459744287006216",
      "t" : 1756459744287,
      "tn" : 1756459744287006216,
      "q" : "1.1",
      "p" : "1.00007",
      "s" : "buy",
      "i" : "PYUSD_USDT",
      "m" : "4611686018429111890"
    }, {
      "d" : "1756459549684807382",
      "t" : 1756459549684,
      "tn" : 1756459549684807382,
      "q" : "3.3",
      "p" : "1.00039",
      "s" : "buy",
      "i" : "PYUSD_USDT",
      "m" : "4611686018429111889"
    }, {
      "d" : "1756459549680345776",
      "t" : 1756459549680,
      "tn" : 1756459549680345776,
      "q" : "1.7",
      "p" : "1.00039",
      "s" : "buy",
      "i" : "PYUSD_USDT",
      "m" : "4611686018429111888"
    }, {
      "d" : "1756459477378660188",
      "t" : 1756459477378,
      "tn" : 1756459477378660188,
      "q" : "2.0",
      "p" : "1.00039",
      "s" : "buy",
      "i" : "PYUSD_USDT",
      "m" : "4611686018429111887"
    }, {
      "d" : "1756459205329064323",
      "t" : 1756459205329,
      "tn" : 1756459205329064323,
      "q" : "4.0",
      "p" : "1.00039",
      "s" : "buy",
      "i" : "PYUSD_USDT",
      "m" : "4611686018429111886"
    }, {
      "d" : "1756459183577009624",
      "t" : 1756459183577,
      "tn" : 1756459183577009624,
      "q" : "1.6",
      "p" : "1.00039",
      "s" : "buy",
      "i" : "PYUSD_USDT",
      "m" : "4611686018429111885"
    }, {
      "d" : "1756459181393524215",
      "t" : 1756459181393,
      "tn" : 1756459181393524215,
      "q" : "4.4",
      "p" : "1.00039",
      "s" : "buy",
      "i" : "PYUSD_USDT",
      "m" : "4611686018429111884"
    }, {
      "d" : "1756459104038916382",
      "t" : 1756459104038,
      "tn" : 1756459104038916382,
      "q" : "1.1",
      "p" : "1.00039",
      "s" : "buy",
      "i" : "PYUSD_USDT",
      "m" : "4611686018429111883"
    }, {
      "d" : "1756459087127222297",
      "t" : 1756459087127,
      "tn" : 1756459087127222297,
      "q" : "3.2",
      "p" : "1.00039",
      "s" : "buy",
      "i" : "PYUSD_USDT",
      "m" : "4611686018429111882"
    }, {
      "d" : "1756459087125433908",
      "t" : 1756459087125,
      "tn" : 1756459087125433908,
      "q" : "3.3",
      "p" : "1.00039",
      "s" : "buy",
      "i" : "PYUSD_USDT",
      "m" : "4611686018429111881"
    }, {
      "d" : "1756459030523459517",
      "t" : 1756459030523,
      "tn" : 1756459030523459517,
      "q" : "1.1",
      "p" : "1.00039",
      "s" : "buy",
      "i" : "PYUSD_USDT",
      "m" : "4611686018429111880"
    }, {
      "d" : "1756458903237271580",
      "t" : 1756458903237,
      "tn" : 1756458903237271580,
      "q" : "2.0",
      "p" : "1.00011",
      "s" : "buy",
      "i" : "PYUSD_USDT",
      "m" : "4611686018429111879"
    }, {
      "d" : "1756458792606495067",
      "t" : 1756458792606,
      "tn" : 1756458792606495067,
      "q" : "3.4",
      "p" : "1.00008",
      "s" : "buy",
      "i" : "PYUSD_USDT",
      "m" : "4611686018429111878"
    }, {
      "d" : "1756458782586031565",
      "t" : 1756458782586,
      "tn" : 1756458782586031565,
      "q" : "2.0",
      "p" : "1.00006",
      "s" : "buy",
      "i" : "PYUSD_USDT",
      "m" : "4611686018429111877"
    }, {
      "d" : "1756458679235629331",
      "t" : 1756458679235,
      "tn" : 1756458679235629331,
      "q" : "1.1",
      "p" : "1.00003",
      "s" : "sell",
      "i" : "PYUSD_USDT",
      "m" : "4611686018429111876"
    }, {
      "d" : "1756458620310448783",
      "t" : 1756458620310,
      "tn" : 1756458620310448783,
      "q" : "1.4",
      "p" : "0.99977",
      "s" : "buy",
      "i" : "PYUSD_USDT",
      "m" : "4611686018429111875"
    }, {
      "d" : "1756458603142662454",
      "t" : 1756458603142,
      "tn" : 1756458603142662454,
      "q" : "2.0",
      "p" : "0.99977",
      "s" : "buy",
      "i" : "PYUSD_USDT",
      "m" : "4611686018429111874"
    }, {
      "d" : "1756458439403281976",
      "t" : 1756458439403,
      "tn" : 1756458439403281976,
      "q" : "2.0",
      "p" : "0.99976",
      "s" : "sell",
      "i" : "PYUSD_USDT",
      "m" : "4611686018429111873"
    }, {
      "d" : "1756458407931001220",
      "t" : 1756458407931,
      "tn" : 1756458407931001220,
      "q" : "2.0",
      "p" : "0.99976",
      "s" : "sell",
      "i" : "PYUSD_USDT",
      "m" : "4611686018429111872"
    }, {
      "d" : "1756458357700184092",
      "t" : 1756458357700,
      "tn" : 1756458357700184092,
      "q" : "4.9",
      "p" : "0.99977",
      "s" : "buy",
      "i" : "PYUSD_USDT",
      "m" : "4611686018429111871"
    }, {
      "d" : "1756458351901446315",
      "t" : 1756458351901,
      "tn" : 1756458351901446315,
      "q" : "2.0",
      "p" : "0.99977",
      "s" : "buy",
      "i" : "PYUSD_USDT",
      "m" : "4611686018429111870"
    }, {
      "d" : "1756458348032577467",
      "t" : 1756458348032,
      "tn" : 1756458348032577467,
      "q" : "1.7",
      "p" : "0.99977",
      "s" : "buy",
      "i" : "PYUSD_USDT",
      "m" : "4611686018429111869"
    }, {
      "d" : "1756458288850756103",
      "t" : 1756458288850,
      "tn" : 1756458288850756103,
      "q" : "2.0",
      "p" : "0.99976",
      "s" : "sell",
      "i" : "PYUSD_USDT",
      "m" : "4611686018429111868"
    }, {
      "d" : "1756458177686535253",
      "t" : 1756458177686,
      "tn" : 1756458177686535253,
      "q" : "2.0",
      "p" : "0.99976",
      "s" : "sell",
      "i" : "PYUSD_USDT",
      "m" : "4611686018429111867"
    }, {
      "d" : "1756458144805681343",
      "t" : 1756458144805,
      "tn" : 1756458144805681343,
      "q" : "12.0",
      "p" : "0.99977",
      "s" : "sell",
      "i" : "PYUSD_USDT",
      "m" : "4611686018429111866"
    }, {
      "d" : "1756458114076861756",
      "t" : 1756458114076,
      "tn" : 1756458114076861756,
      "q" : "3.5",
      "p" : "0.99989",
      "s" : "sell",
      "i" : "PYUSD_USDT",
      "m" : "4611686018429111865"
    }, {
      "d" : "1756458103656425110",
      "t" : 1756458103656,
      "tn" : 1756458103656425110,
      "q" : "1.7",
      "p" : "0.99993",
      "s" : "sell",
      "i" : "PYUSD_USDT",
      "m" : "4611686018429111864"
    }, {
      "d" : "1756458060180426241",
      "t" : 1756458060180,
      "tn" : 1756458060180426241,
      "q" : "2.0",
      "p" : "0.99981",
      "s" : "sell",
      "i" : "PYUSD_USDT",
      "m" : "4611686018429111863"
    }, {
      "d" : "1756457951325033174",
      "t" : 1756457951325,
      "tn" : 1756457951325033174,
      "q" : "1.1",
      "p" : "0.99991",
      "s" : "sell",
      "i" : "PYUSD_USDT",
      "m" : "4611686018429111862"
    }, {
      "d" : "1756457901924843696",
      "t" : 1756457901924,
      "tn" : 1756457901924843696,
      "q" : "2.3",
      "p" : "0.99985",
      "s" : "sell",
      "i" : "PYUSD_USDT",
      "m" : "4611686018429111861"
    }, {
      "d" : "1756457900622149484",
      "t" : 1756457900622,
      "tn" : 1756457900622149484,
      "q" : "2.3",
      "p" : "0.99983",
      "s" : "sell",
      "i" : "PYUSD_USDT",
      "m" : "4611686018429111860"
    }, {
      "d" : "1756457881837399806",
      "t" : 1756457881837,
      "tn" : 1756457881837399806,
      "q" : "3.5",
      "p" : "0.99979",
      "s" : "sell",
      "i" : "PYUSD_USDT",
      "m" : "4611686018429111859"
    }, {
      "d" : "1756457869825387130",
      "t" : 1756457869825,
      "tn" : 1756457869825387130,
      "q" : "3.1",
      "p" : "0.99981",
      "s" : "sell",
      "i" : "PYUSD_USDT",
      "m" : "4611686018429111858"
    }, {
      "d" : "1756457869815561994",
      "t" : 1756457869815,
      "tn" : 1756457869815561994,
      "q" : "3.8",
      "p" : "0.99981",
      "s" : "sell",
      "i" : "PYUSD_USDT",
      "m" : "4611686018429111857"
    }, {
      "d" : "1756457845346402622",
      "t" : 1756457845346,
      "tn" : 1756457845346402622,
      "q" : "1.7",
      "p" : "0.99973",
      "s" : "sell",
      "i" : "PYUSD_USDT",
      "m" : "4611686018429111856"
    }, {
      "d" : "1756457828529150841",
      "t" : 1756457828529,
      "tn" : 1756457828529150841,
      "q" : "2.0",
      "p" : "0.99970",
      "s" : "sell",
      "i" : "PYUSD_USDT",
      "m" : "4611686018429111855"
    }, {
      "d" : "1756457739578732529",
      "t" : 1756457739578,
      "tn" : 1756457739578732529,
      "q" : "1.7",
      "p" : "0.99982",
      "s" : "sell",
      "i" : "PYUSD_USDT",
      "m" : "4611686018429111854"
    }, {
      "d" : "1756457734487605695",
      "t" : 1756457734487,
      "tn" : 1756457734487605695,
      "q" : "3.2",
      "p" : "0.99982",
      "s" : "sell",
      "i" : "PYUSD_USDT",
      "m" : "4611686018429111853"
    }, {
      "d" : "1756456944644018855",
      "t" : 1756456944644,
      "tn" : 1756456944644018854,
      "q" : "1.4",
      "p" : "0.99969",
      "s" : "sell",
      "i" : "PYUSD_USDT",
      "m" : "4611686018429111852"
    }, {
      "d" : "1756456944644018854",
      "t" : 1756456944644,
      "tn" : 1756456944644018854,
      "q" : "1.2",
      "p" : "0.99969",
      "s" : "sell",
      "i" : "PYUSD_USDT",
      "m" : "4611686018429111852"
    }, {
      "d" : "1756456889441863077",
      "t" : 1756456889441,
      "tn" : 1756456889441863077,
      "q" : "1.7",
      "p" : "0.99970",
      "s" : "sell",
      "i" : "PYUSD_USDT",
      "m" : "4611686018429111851"
    }, {
      "d" : "1756456872293008672",
      "t" : 1756456872293,
      "tn" : 1756456872293008672,
      "q" : "3.3",
      "p" : "0.99972",
      "s" : "sell",
      "i" : "PYUSD_USDT",
      "m" : "4611686018429111850"
    }, {
      "d" : "1756456872249306065",
      "t" : 1756456872249,
      "tn" : 1756456872249306065,
      "q" : "2.0",
      "p" : "0.99972",
      "s" : "sell",
      "i" : "PYUSD_USDT",
      "m" : "4611686018429111849"
    }, {
      "d" : "1756456853573251009",
      "t" : 1756456853573,
      "tn" : 1756456853573251009,
      "q" : "2.0",
      "p" : "0.99970",
      "s" : "sell",
      "i" : "PYUSD_USDT",
      "m" : "4611686018429111848"
    }, {
      "d" : "1756456806319420419",
      "t" : 1756456806319,
      "tn" : 1756456806319420419,
      "q" : "4.1",
      "p" : "0.99970",
      "s" : "sell",
      "i" : "PYUSD_USDT",
      "m" : "4611686018429111847"
    }, {
      "d" : "1756456805562057537",
      "t" : 1756456805562,
      "tn" : 1756456805562057537,
      "q" : "2.1",
      "p" : "0.99970",
      "s" : "sell",
      "i" : "PYUSD_USDT",
      "m" : "4611686018429111846"
    }, {
      "d" : "1756456804856039571",
      "t" : 1756456804856,
      "tn" : 1756456804856039571,
      "q" : "3.2",
      "p" : "0.99970",
      "s" : "sell",
      "i" : "PYUSD_USDT",
      "m" : "4611686018429111845"
    }, {
      "d" : "1756456781508985578",
      "t" : 1756456781508,
      "tn" : 1756456781508985578,
      "q" : "1.6",
      "p" : "0.99972",
      "s" : "sell",
      "i" : "PYUSD_USDT",
      "m" : "4611686018429111844"
    }, {
      "d" : "1756456775445390749",
      "t" : 1756456775445,
      "tn" : 1756456775445390749,
      "q" : "1.7",
      "p" : "0.99974",
      "s" : "sell",
      "i" : "PYUSD_USDT",
      "m" : "4611686018429111843"
    }, {
      "d" : "1756456775074833092",
      "t" : 1756456775074,
      "tn" : 1756456775074833092,
      "q" : "1.7",
      "p" : "0.99974",
      "s" : "sell",
      "i" : "PYUSD_USDT",
      "m" : "4611686018429111842"
    }, {
      "d" : "1756456731053736993",
      "t" : 1756456731053,
      "tn" : 1756456731053736993,
      "q" : "2.0",
      "p" : "0.99976",
      "s" : "sell",
      "i" : "PYUSD_USDT",
      "m" : "4611686018429111841"
    }, {
      "d" : "1756456659260953873",
      "t" : 1756456659260,
      "tn" : 1756456659260953873,
      "q" : "3.5",
      "p" : "0.99972",
      "s" : "sell",
      "i" : "PYUSD_USDT",
      "m" : "4611686018429111840"
    }, {
      "d" : "1756456577308189052",
      "t" : 1756456577308,
      "tn" : 1756456577308189052,
      "q" : "2.2",
      "p" : "0.99972",
      "s" : "sell",
      "i" : "PYUSD_USDT",
      "m" : "4611686018429111839"
    }, {
      "d" : "1756456577306852823",
      "t" : 1756456577306,
      "tn" : 1756456577306852823,
      "q" : "2.7",
      "p" : "0.99972",
      "s" : "sell",
      "i" : "PYUSD_USDT",
      "m" : "4611686018429111838"
    }, {
      "d" : "1756456575565187551",
      "t" : 1756456575565,
      "tn" : 1756456575565187551,
      "q" : "3.2",
      "p" : "0.99970",
      "s" : "sell",
      "i" : "PYUSD_USDT",
      "m" : "4611686018429111837"
    }, {
      "d" : "1756456575558825130",
      "t" : 1756456575558,
      "tn" : 1756456575558825130,
      "q" : "3.5",
      "p" : "0.99970",
      "s" : "sell",
      "i" : "PYUSD_USDT",
      "m" : "4611686018429111836"
    }, {
      "d" : "1756456565237542640",
      "t" : 1756456565237,
      "tn" : 1756456565237542640,
      "q" : "1.7",
      "p" : "0.99981",
      "s" : "sell",
      "i" : "PYUSD_USDT",
      "m" : "4611686018429111835"
    }, {
      "d" : "1756456565046850258",
      "t" : 1756456565046,
      "tn" : 1756456565046850258,
      "q" : "2.0",
      "p" : "0.99981",
      "s" : "sell",
      "i" : "PYUSD_USDT",
      "m" : "4611686018429111834"
    }, {
      "d" : "1756456388119606258",
      "t" : 1756456388119,
      "tn" : 1756456388119606258,
      "q" : "2.0",
      "p" : "1.00025",
      "s" : "buy",
      "i" : "PYUSD_USDT",
      "m" : "4611686018429111833"
    }, {
      "d" : "1756456264527564011",
      "t" : 1756456264527,
      "tn" : 1756456264527564011,
      "q" : "1.1",
      "p" : "0.99978",
      "s" : "sell",
      "i" : "PYUSD_USDT",
      "m" : "4611686018429111832"
    }, {
      "d" : "1756456216904210298",
      "t" : 1756456216904,
      "tn" : 1756456216904210298,
      "q" : "1.1",
      "p" : "0.99972",
      "s" : "sell",
      "i" : "PYUSD_USDT",
      "m" : "4611686018429111831"
    }, {
      "d" : "1756456161909716454",
      "t" : 1756456161909,
      "tn" : 1756456161909716454,
      "q" : "3.3",
      "p" : "0.99970",
      "s" : "sell",
      "i" : "PYUSD_USDT",
      "m" : "4611686018429111830"
    }, {
      "d" : "1756455864136152860",
      "t" : 1756455864136,
      "tn" : 1756455864136152860,
      "q" : "2.0",
      "p" : "0.99988",
      "s" : "sell",
      "i" : "PYUSD_USDT",
      "m" : "4611686018429111829"
    }, {
      "d" : "1756455675061351713",
      "t" : 1756455675061,
      "tn" : 1756455675061351713,
      "q" : "1.6",
      "p" : "0.99976",
      "s" : "sell",
      "i" : "PYUSD_USDT",
      "m" : "4611686018429111828"
    }, {
      "d" : "1756455627440123620",
      "t" : 1756455627440,
      "tn" : 1756455627440123620,
      "q" : "3.5",
      "p" : "0.99982",
      "s" : "sell",
      "i" : "PYUSD_USDT",
      "m" : "4611686018429111827"
    }, {
      "d" : "1756455616462082035",
      "t" : 1756455616462,
      "tn" : 1756455616462082035,
      "q" : "1.7",
      "p" : "0.99980",
      "s" : "sell",
      "i" : "PYUSD_USDT",
      "m" : "4611686018429111826"
    }, {
      "d" : "1756455602461575461",
      "t" : 1756455602461,
      "tn" : 1756455602461575461,
      "q" : "2.0",
      "p" : "1.00011",
      "s" : "buy",
      "i" : "PYUSD_USDT",
      "m" : "4611686018429111825"
    }, {
      "d" : "1756455563309575410",
      "t" : 1756455563309,
      "tn" : 1756455563309575410,
      "q" : "2.0",
      "p" : "0.99985",
      "s" : "sell",
      "i" : "PYUSD_USDT",
      "m" : "4611686018429111824"
    }, {
      "d" : "1756455552403332310",
      "t" : 1756455552403,
      "tn" : 1756455552403332310,
      "q" : "2.0",
      "p" : "0.99983",
      "s" : "sell",
      "i" : "PYUSD_USDT",
      "m" : "4611686018429111823"
    }, {
      "d" : "1756455467771935176",
      "t" : 1756455467771,
      "tn" : 1756455467771935176,
      "q" : "1.1",
      "p" : "1.00029",
      "s" : "buy",
      "i" : "PYUSD_USDT",
      "m" : "4611686018429111822"
    }, {
      "d" : "1756455466823133385",
      "t" : 1756455466823,
      "tn" : 1756455466823133385,
      "q" : "2.0",
      "p" : "1.00016",
      "s" : "buy",
      "i" : "PYUSD_USDT",
      "m" : "4611686018429111821"
    }, {
      "d" : "1756455404776976427",
      "t" : 1756455404776,
      "tn" : 1756455404776976427,
      "q" : "1.1",
      "p" : "0.99969",
      "s" : "sell",
      "i" : "PYUSD_USDT",
      "m" : "4611686018429111820"
    }, {
      "d" : "1756455404760810391",
      "t" : 1756455404760,
      "tn" : 1756455404760810391,
      "q" : "3.3",
      "p" : "0.99978",
      "s" : "sell",
      "i" : "PYUSD_USDT",
      "m" : "4611686018429111819"
    }, {
      "d" : "1756455363452106283",
      "t" : 1756455363452,
      "tn" : 1756455363452106283,
      "q" : "1.1",
      "p" : "1.00014",
      "s" : "buy",
      "i" : "PYUSD_USDT",
      "m" : "4611686018429111818"
    }, {
      "d" : "1756455329968520707",
      "t" : 1756455329968,
      "tn" : 1756455329968520707,
      "q" : "3.3",
      "p" : "0.99974",
      "s" : "sell",
      "i" : "PYUSD_USDT",
      "m" : "4611686018429111817"
    }, {
      "d" : "1756455078236156598",
      "t" : 1756455078236,
      "tn" : 1756455078236156598,
      "q" : "3.7",
      "p" : "1.00022",
      "s" : "buy",
      "i" : "PYUSD_USDT",
      "m" : "4611686018429111816"
    }, {
      "d" : "1756455078232858843",
      "t" : 1756455078232,
      "tn" : 1756455078232858843,
      "q" : "1.7",
      "p" : "1.00022",
      "s" : "buy",
      "i" : "PYUSD_USDT",
      "m" : "4611686018429111815"
    }, {
      "d" : "1756454989237439673",
      "t" : 1756454989237,
      "tn" : 1756454989237439673,
      "q" : "3.3",
      "p" : "0.99970",
      "s" : "sell",
      "i" : "PYUSD_USDT",
      "m" : "4611686018429111814"
    }, {
      "d" : "1756454789654202804",
      "t" : 1756454789654,
      "tn" : 1756454789654202804,
      "q" : "1.2",
      "p" : "0.99971",
      "s" : "sell",
      "i" : "PYUSD_USDT",
      "m" : "4611686018429111813"
    }, {
      "d" : "1756454789654200972",
      "t" : 1756454789654,
      "tn" : 1756454789654200972,
      "q" : "0.8",
      "p" : "1.00013",
      "s" : "sell",
      "i" : "PYUSD_USDT",
      "m" : "4611686018429111812"
    }, {
      "d" : "1756454674558166882",
      "t" : 1756454674558,
      "tn" : 1756454674558166882,
      "q" : "3.4",
      "p" : "1.00013",
      "s" : "sell",
      "i" : "PYUSD_USDT",
      "m" : "4611686018429111811"
    }, {
      "d" : "1756454673947567915",
      "t" : 1756454673947,
      "tn" : 1756454673947567915,
      "q" : "1.7",
      "p" : "1.00013",
      "s" : "sell",
      "i" : "PYUSD_USDT",
      "m" : "4611686018429111810"
    }, {
      "d" : "1756454642240494545",
      "t" : 1756454642240,
      "tn" : 1756454642240494545,
      "q" : "1.1",
      "p" : "1.00029",
      "s" : "buy",
      "i" : "PYUSD_USDT",
      "m" : "4611686018429111809"
    }, {
      "d" : "1756454535944369001",
      "t" : 1756454535944,
      "tn" : 1756454535944369001,
      "q" : "1.2",
      "p" : "1.00029",
      "s" : "buy",
      "i" : "PYUSD_USDT",
      "m" : "4611686018429111808"
    }, {
      "d" : "1756454483629907727",
      "t" : 1756454483629,
      "tn" : 1756454483629907727,
      "q" : "3.6",
      "p" : "1.00029",
      "s" : "buy",
      "i" : "PYUSD_USDT",
      "m" : "4611686018429111807"
    }, {
      "d" : "1756454456928323216",
      "t" : 1756454456928,
      "tn" : 1756454456928323216,
      "q" : "3.5",
      "p" : "1.00029",
      "s" : "buy",
      "i" : "PYUSD_USDT",
      "m" : "4611686018429111806"
    }, {
      "d" : "1756454446586812322",
      "t" : 1756454446586,
      "tn" : 1756454446586812322,
      "q" : "1.6",
      "p" : "1.00029",
      "s" : "buy",
      "i" : "PYUSD_USDT",
      "m" : "4611686018429111805"
    }, {
      "d" : "1756454446584668613",
      "t" : 1756454446584,
      "tn" : 1756454446584668613,
      "q" : "2.0",
      "p" : "1.00029",
      "s" : "buy",
      "i" : "PYUSD_USDT",
      "m" : "4611686018429111804"
    }, {
      "d" : "1756454446146104035",
      "t" : 1756454446146,
      "tn" : 1756454446146104035,
      "q" : "1.8",
      "p" : "1.00029",
      "s" : "buy",
      "i" : "PYUSD_USDT",
      "m" : "4611686018429111803"
    }, {
      "d" : "1756454426848684764",
      "t" : 1756454426848,
      "tn" : 1756454426848684764,
      "q" : "1.1",
      "p" : "1.00029",
      "s" : "buy",
      "i" : "PYUSD_USDT",
      "m" : "4611686018429111802"
    }, {
      "d" : "1756454373954167842",
      "t" : 1756454373954,
      "tn" : 1756454373954167842,
      "q" : "2.0",
      "p" : "1.00018",
      "s" : "sell",
      "i" : "PYUSD_USDT",
      "m" : "4611686018429111801"
    }, {
      "d" : "1756454373949564849",
      "t" : 1756454373949,
      "tn" : 1756454373949564849,
      "q" : "2.0",
      "p" : "1.00018",
      "s" : "sell",
      "i" : "PYUSD_USDT",
      "m" : "4611686018429111800"
    }, {
      "d" : "1756454341442296525",
      "t" : 1756454341442,
      "tn" : 1756454341442296524,
      "q" : "0.5",
      "p" : "1.00013",
      "s" : "sell",
      "i" : "PYUSD_USDT",
      "m" : "4611686018429111799"
    }, {
      "d" : "1756454341442296524",
      "t" : 1756454341442,
      "tn" : 1756454341442296524,
      "q" : "0.6",
      "p" : "1.00013",
      "s" : "sell",
      "i" : "PYUSD_USDT",
      "m" : "4611686018429111799"
    }, {
      "d" : "1756454341366643588",
      "t" : 1756454341366,
      "tn" : 1756454341366643588,
      "q" : "1.1",
      "p" : "1.00013",
      "s" : "sell",
      "i" : "PYUSD_USDT",
      "m" : "4611686018429111798"
    }, {
      "d" : "1756454341245798768",
      "t" : 1756454341245,
      "tn" : 1756454341245798768,
      "q" : "1.1",
      "p" : "1.00013",
      "s" : "sell",
      "i" : "PYUSD_USDT",
      "m" : "4611686018429111797"
    }, {
      "d" : "1756454332072647844",
      "t" : 1756454332072,
      "tn" : 1756454332072647844,
      "q" : "6.0",
      "p" : "1.00013",
      "s" : "sell",
      "i" : "PYUSD_USDT",
      "m" : "4611686018429111796"
    }, {
      "d" : "1756454313297453192",
      "t" : 1756454313297,
      "tn" : 1756454313297453192,
      "q" : "3.0",
      "p" : "1.00013",
      "s" : "sell",
      "i" : "PYUSD_USDT",
      "m" : "4611686018429111795"
    }, {
      "d" : "1756453994887032419",
      "t" : 1756453994887,
      "tn" : 1756453994887032419,
      "q" : "1.2",
      "p" : "1.00029",
      "s" : "buy",
      "i" : "PYUSD_USDT",
      "m" : "4611686018429111794"
    }, {
      "d" : "1756453938955362954",
      "t" : 1756453938955,
      "tn" : 1756453938955362954,
      "q" : "2.0",
      "p" : "1.00018",
      "s" : "sell",
      "i" : "PYUSD_USDT",
      "m" : "4611686018429111793"
    }, {
      "d" : "1756453911745913449",
      "t" : 1756453911745,
      "tn" : 1756453911745913449,
      "q" : "1.2",
      "p" : "1.00029",
      "s" : "buy",
      "i" : "PYUSD_USDT",
      "m" : "4611686018429111792"
    }, {
      "d" : "1756453902531428180",
      "t" : 1756453902531,
      "tn" : 1756453902531428180,
      "q" : "1.2",
      "p" : "1.00029",
      "s" : "buy",
      "i" : "PYUSD_USDT",
      "m" : "4611686018429111791"
    }, {
      "d" : "1756453860529454141",
      "t" : 1756453860529,
      "tn" : 1756453860529454141,
      "q" : "1.2",
      "p" : "1.00029",
      "s" : "buy",
      "i" : "PYUSD_USDT",
      "m" : "4611686018429111790"
    }, {
      "d" : "1756453823600368060",
      "t" : 1756453823600,
      "tn" : 1756453823600368060,
      "q" : "1.1",
      "p" : "1.00029",
      "s" : "buy",
      "i" : "PYUSD_USDT",
      "m" : "4611686018429111789"
    }, {
      "d" : "1756453786802531931",
      "t" : 1756453786802,
      "tn" : 1756453786802531931,
      "q" : "1.7",
      "p" : "1.00018",
      "s" : "sell",
      "i" : "PYUSD_USDT",
      "m" : "4611686018429111788"
    }, {
      "d" : "1756453752551312958",
      "t" : 1756453752551,
      "tn" : 1756453752551312958,
      "q" : "1.7",
      "p" : "1.00021",
      "s" : "sell",
      "i" : "PYUSD_USDT",
      "m" : "4611686018429111787"
    }, {
      "d" : "1756453663915199791",
      "t" : 1756453663915,
      "tn" : 1756453663915199791,
      "q" : "2.0",
      "p" : "1.00013",
      "s" : "sell",
      "i" : "PYUSD_USDT",
      "m" : "4611686018429111786"
    }, {
      "d" : "1756453514089930979",
      "t" : 1756453514089,
      "tn" : 1756453514089930979,
      "q" : "10.1",
      "p" : "1.00013",
      "s" : "sell",
      "i" : "PYUSD_USDT",
      "m" : "4611686018429111785"
    }, {
      "d" : "1756453493664436968",
      "t" : 1756453493664,
      "tn" : 1756453493664436968,
      "q" : "1.1",
      "p" : "1.00017",
      "s" : "buy",
      "i" : "PYUSD_USDT",
      "m" : "4611686018429111784"
    }, {
      "d" : "1756453493653583177",
      "t" : 1756453493653,
      "tn" : 1756453493653583177,
      "q" : "1.1",
      "p" : "1.00017",
      "s" : "buy",
      "i" : "PYUSD_USDT",
      "m" : "4611686018429111783"
    }, {
      "d" : "1756453493619583373",
      "t" : 1756453493619,
      "tn" : 1756453493619583373,
      "q" : "1.1",
      "p" : "1.00018",
      "s" : "buy",
      "i" : "PYUSD_USDT",
      "m" : "4611686018429111782"
    }, {
      "d" : "1756453477209503766",
      "t" : 1756453477209,
      "tn" : 1756453477209503766,
      "q" : "3.4",
      "p" : "1.00013",
      "s" : "sell",
      "i" : "PYUSD_USDT",
      "m" : "4611686018429111781"
    }, {
      "d" : "1756453289646296175",
      "t" : 1756453289646,
      "tn" : 1756453289646296175,
      "q" : "4.1",
      "p" : "1.00029",
      "s" : "buy",
      "i" : "PYUSD_USDT",
      "m" : "4611686018429111780"
    }, {
      "d" : "1756453280626655495",
      "t" : 1756453280626,
      "tn" : 1756453280626655495,
      "q" : "2.0",
      "p" : "1.00029",
      "s" : "buy",
      "i" : "PYUSD_USDT",
      "m" : "4611686018429111779"
    }, {
      "d" : "1756453063227578896",
      "t" : 1756453063227,
      "tn" : 1756453063227578896,
      "q" : "6.0",
      "p" : "1.00013",
      "s" : "sell",
      "i" : "PYUSD_USDT",
      "m" : "4611686018429111778"
    }, {
      "d" : "1756453063223492503",
      "t" : 1756453063223,
      "tn" : 1756453063223492503,
      "q" : "3.2",
      "p" : "1.00013",
      "s" : "sell",
      "i" : "PYUSD_USDT",
      "m" : "4611686018429111777"
    }, {
      "d" : "1756453011651347988",
      "t" : 1756453011651,
      "tn" : 1756453011651347988,
      "q" : "2.0",
      "p" : "1.00013",
      "s" : "sell",
      "i" : "PYUSD_USDT",
      "m" : "4611686018429111776"
    }, {
      "d" : "1756453011247754869",
      "t" : 1756453011247,
      "tn" : 1756453011247754869,
      "q" : "3.3",
      "p" : "1.00013",
      "s" : "sell",
      "i" : "PYUSD_USDT",
      "m" : "4611686018429111775"
    }, {
      "d" : "1756453011227560529",
      "t" : 1756453011227,
      "tn" : 1756453011227560529,
      "q" : "3.2",
      "p" : "1.00013",
      "s" : "sell",
      "i" : "PYUSD_USDT",
      "m" : "4611686018429111774"
    }, {
      "d" : "1756452996974081753",
      "t" : 1756452996974,
      "tn" : 1756452996974081753,
      "q" : "10.1",
      "p" : "1.00013",
      "s" : "sell",
      "i" : "PYUSD_USDT",
      "m" : "4611686018429111773"
    }, {
      "d" : "1756452995353599395",
      "t" : 1756452995353,
      "tn" : 1756452995353599395,
      "q" : "10.1",
      "p" : "1.00013",
      "s" : "sell",
      "i" : "PYUSD_USDT",
      "m" : "4611686018429111772"
    }, {
      "d" : "1756452995350016511",
      "t" : 1756452995350,
      "tn" : 1756452995350016511,
      "q" : "5.0",
      "p" : "1.00013",
      "s" : "sell",
      "i" : "PYUSD_USDT",
      "m" : "4611686018429111771"
    }, {
      "d" : "1756452995343598263",
      "t" : 1756452995343,
      "tn" : 1756452995343598263,
      "q" : "10.1",
      "p" : "1.00013",
      "s" : "sell",
      "i" : "PYUSD_USDT",
      "m" : "4611686018429111770"
    } ]
  }
}