{
  "id" : -1,
  "method" : "public/get-trades",
  "code" : 0,
  "result" : {
    "data" : [ {
      "d" : "1756462196764712800",
      "t" : 1756462196764,
      "tn" : 1756462196764712800,
      "q" : "1.3",
      "p" : "1.00066",
      "s" : "sell",
      "i" : "PYUSD_USD",
      "m" : "4611686018431608831"
    }, {
      "d" : "1756462196759015484",
      "t" : 1756462196759,
      "tn" : 1756462196759015484,
      "q" : "2.0",
      "p" : "1.00066",
      "s" : "sell",
      "i" : "PYUSD_USD",
      "m" : "4611686018431608830"
    }, {
      "d" : "1756462126953339374",
      "t" : 1756462126953,
      "tn" : 1756462126953339373,
      "q" : "0.8",
      "p" : "1.00067",
      "s" : "buy",
      "i" : "PYUSD_USD",
      "m" : "4611686018431608829"
    }, {
      "d" : "1756462126953339373",
      "t" : 1756462126953,
      "tn" : 1756462126953339373,
      "q" : "1.2",
      "p" : "1.00067",
      "s" : "buy",
      "i" : "PYUSD_USD",
      "m" : "4611686018431608829"
    }, {
      "d" : "1756462050859114811",
      "t" : 1756462050859,
      "tn" : 1756462050859114810,
      "q" : "1.5",
      "p" : "1.00067",
      "s" : "buy",
      "i" : "PYUSD_USD",
      "m" : "4611686018431608828"
    }, {
      "d" : "1756462050859114810",
      "t" : 1756462050859,
      "tn" : 1756462050859114810,
      "q" : "0.5",
      "p" : "1.00067",
      "s" : "buy",
      "i" : "PYUSD_USD",
      "m" : "4611686018431608828"
    }, {
      "d" : "1756461894386206636",
      "t" : 1756461894386,
      "tn" : 1756461894386206636,
      "q" : "2.0",
      "p" : "1.00067",
      "s" : "buy",
      "i" : "PYUSD_USD",
      "m" : "4611686018431608827"
    }, {
      "d" : "1756461820139051286",
      "t" : 1756461820139,
      "tn" : 1756461820139051286,
      "q" : "2.0",
      "p" : "1.00066",
      "s" : "buy",
      "i" : "PYUSD_USD",
      "m" : "4611686018431608826"
    }, {
      "d" : "1756461579121115889",
      "t" : 1756461579121,
      "tn" : 1756461579121115889,
      "q" : "3.0",
      "p" : "1.00065",
      "s" : "sell",
      "i" : "PYUSD_USD",
      "m" : "4611686018431608825"
    }, {
      "d" : "1756460818275804744",
      "t" : 1756460818275,
      "tn" : 1756460818275804744,
      "q" : "10.1",
      "p" : "0.99940",
      "s" : "buy",
      "i" : "PYUSD_USD",
      "m" : "4611686018431608824"
    }, {
      "d" : "1756460587227624088",
      "t" : 1756460587227,
      "tn" : 1756460587227624088,
      "q" : "3.0",
      "p" : "1.00053",
      "s" : "sell",
      "i" : "PYUSD_USD",
      "m" : "4611686018431608823"
    }, {
      "d" : "1756460488347910097",
      "t" : 1756460488347,
      "tn" : 1756460488347910096,
      "q" : "1.2",
      "p" : "1.00040",
      "s" : "buy",
      "i" : "PYUSD_USD",
      "m" : "4611686018431608822"
    }, {
      "d" : "1756460488347910096",
      "t" : 1756460488347,
      "tn" : 1756460488347910096,
      "q" : "2.0",
      "p" : "1.00040",
      "s" : "buy",
      "i" : "PYUSD_USD",
      "m" : "4611686018431608822"
    }, {
      "d" : "1756460488342451782",
      "t" : 1756460488342,
      "tn" : 1756460488342451782,
      "q" : "2.0",
      "p" : "1.00040",
      "s" : "buy",
      "i" : "PYUSD_USD",
      "m" : "4611686018431608821"
    }, {
      "d" : "1756460455482923228",
      "t" : 1756460455482,
      "tn" : 1756460455482923228,
      "q" : "2.0",
      "p" : "0.99961",
      "s" : "buy",
      "i" : "PYUSD_USD",
      "m" : "4611686018431608820"
    }, {
      "d" : "1756460292825462443",
      "t" : 1756460292825,
      "tn" : 1756460292825462443,
      "q" : "1.7",
      "p" : "0.99951",
      "s" : "buy",
      "i" : "PYUSD_USD",
      "m" : "4611686018431608819"
    }, {
      "d" : "1756460176584843896",
      "t" : 1756460176584,
      "tn" : 1756460176584843896,
      "q" : "6.0",
      "p" : "0.99937",
      "s" : "buy",
      "i" : "PYUSD_USD",
      "m" : "4611686018431608818"
    }, {
      "d" : "1756460164686791344",
      "t" : 1756460164686,
      "tn" : 1756460164686791344,
      "q" : "1.6",
      "p" : "1.00017",
      "s" : "sell",
      "i" : "PYUSD_USD",
      "m" : "4611686018431608817"
    }, {
      "d" : "1756460164686788933",
      "t" : 1756460164686,
      "tn" : 1756460164686788933,
      "q" : "0.4",
      "p" : "1.00030",
      "s" : "sell",
      "i" : "PYUSD_USD",
      "m" : "4611686018431608816"
    }, {
      "d" : "1756460041730602236",
      "t" : 1756460041730,
      "tn" : 1756460041730602236,
      "q" : "4.1",
      "p" : "1.00030",
      "s" : "sell",
      "i" : "PYUSD_USD",
      "m" : "4611686018431608815"
    }, {
      "d" : "1756459984880403082",
      "t" : 1756459984880,
      "tn" : 1756459984880403081,
      "q" : "0.5",
      "p" : "1.00030",
      "s" : "sell",
      "i" : "PYUSD_USD",
      "m" : "4611686018431608814"
    }, {
      "d" : "1756459984880403081",
      "t" : 1756459984880,
      "tn" : 1756459984880403081,
      "q" : "1.5",
      "p" : "1.00030",
      "s" : "sell",
      "i" : "PYUSD_USD",
      "m" : "4611686018431608814"
    }, {
      "d" : "1756459904733790219",
      "t" : 1756459904733,
      "tn" : 1756459904733790219,
      "q" : "2.0",
      "p" : "1.00065",
      "s" : "buy",
      "i" : "PYUSD_USD",
      "m" : "4611686018431608813"
    }, {
      "d" : "1756459793588978014",
      "t" : 1756459793588,
      "tn" : 1756459793588978014,
      "q" : "2.3",
      "p" : "1.00030",
      "s" : "sell",
      "i" : "PYUSD_USD",
      "m" : "4611686018431608812"
    }, {
      "d" : "1756459745130320447",
      "t" : 1756459745130,
      "tn" : 1756459745130320447,
      "q" : "10.0",
      "p" : "1.00065",
      "s" : "sell",
      "i" : "PYUSD_USD",
      "m" : "4611686018431608811"
    }, {
      "d" : "1756459489016752935",
      "t" : 1756459489016,
      "tn" : 1756459489016752935,
      "q" : "4.3",
      "p" : "1.00062",
      "s" : "buy",
      "i" : "PYUSD_USD",
      "m" : "4611686018431608810"
    }, {
      "d" : "1756459386591601584",
      "t" : 1756459386591,
      "tn" : 1756459386591601584,
      "q" : "0.2",
      "p" : "1.00062",
      "s" : "buy",
      "i" : "PYUSD_USD",
      "m" : "4611686018431608809"
    }, {
      "d" : "1756459032902831453",
      "t" : 1756459032902,
      "tn" : 1756459032902831453,
      "q" : "1.4",
      "p" : "1.00066",
      "s" : "buy",
      "i" : "PYUSD_USD",
      "m" : "4611686018431608808"
    }, {
      "d" : "1756458954857748179",
      "t" : 1756458954857,
      "tn" : 1756458954857748178,
      "q" : "0.8",
      "p" : "1.00014",
      "s" : "buy",
      "i" : "PYUSD_USD",
      "m" : "4611686018431608807"
    }, {
      "d" : "1756458954857748178",
      "t" : 1756458954857,
      "tn" : 1756458954857748178,
      "q" : "1.2",
      "p" : "1.00014",
      "s" : "buy",
      "i" : "PYUSD_USD",
      "m" : "4611686018431608807"
    }, {
      "d" : "1756458837855688358",
      "t" : 1756458837855,
      "tn" : 1756458837855688357,
      "q" : "0.8",
      "p" : "1.00014",
      "s" : "buy",
      "i" : "PYUSD_USD",
      "m" : "4611686018431608806"
    }, {
      "d" : "1756458837855688357",
      "t" : 1756458837855,
      "tn" : 1756458837855688357,
      "q" : "2.1",
      "p" : "1.00014",
      "s" : "buy",
      "i" : "PYUSD_USD",
      "m" : "4611686018431608806"
    }, {
      "d" : "1756458780345362908",
      "t" : 1756458780345,
      "tn" : 1756458780345362908,
      "q" : "3.3",
      "p" : "1.00013",
      "s" : "buy",
      "i" : "PYUSD_USD",
      "m" : "4611686018431608805"
    }, {
      "d" : "1756458780324201438",
      "t" : 1756458780324,
      "tn" : 1756458780324201438,
      "q" : "1.7",
      "p" : "1.00013",
      "s" : "buy",
      "i" : "PYUSD_USD",
      "m" : "4611686018431608804"
    }, {
      "d" : "1756458742083678078",
      "t" : 1756458742083,
      "tn" : 1756458742083678078,
      "q" : "2.0",
      "p" : "1.00013",
      "s" : "sell",
      "i" : "PYUSD_USD",
      "m" : "4611686018431608803"
    }, {
      "d" : "1756458697192591537",
      "t" : 1756458697192,
      "tn" : 1756458697192591537,
      "q" : "1.7",
      "p" : "1.00013",
      "s" : "buy",
      "i" : "PYUSD_USD",
      "m" : "4611686018431608802"
    }, {
      "d" : "1756458152685105037",
      "t" : 1756458152685,
      "tn" : 1756458152685105037,
      "q" : "3.2",
      "p" : "0.99936",
      "s" : "sell",
      "i" : "PYUSD_USD",
      "m" : "4611686018431608801"
    }, {
      "d" : "1756458019051597132",
      "t" : 1756458019051,
      "tn" : 1756458019051597132,
      "q" : "2.0",
      "p" : "0.99988",
      "s" : "buy",
      "i" : "PYUSD_USD",
      "m" : "4611686018431608800"
    }, {
      "d" : "1756457615564193048",
      "t" : 1756457615564,
      "tn" : 1756457615564193048,
      "q" : "2.0",
      "p" : "1.00009",
      "s" : "buy",
      "i" : "PYUSD_USD",
      "m" : "4611686018431608799"
    }, {
      "d" : "1756457410501324255",
      "t" : 1756457410501,
      "tn" : 1756457410501324255,
      "q" : "2.0",
      "p" : "1.00013",
      "s" : "buy",
      "i" : "PYUSD_USD",
      "m" : "4611686018431608798"
    }, {
      "d" : "1756457385363430873",
      "t" : 1756457385363,
      "tn" : 1756457385363430873,
      "q" : "2.0",
      "p" : "1.00007",
      "s" : "buy",
      "i" : "PYUSD_USD",
      "m" : "4611686018431608797"
    }, {
      "d" : "1756457323514330305",
      "t" : 1756457323514,
      "tn" : 1756457323514330304,
      "q" : "0.4",
      "p" : "1.00014",
      "s" : "buy",
      "i" : "PYUSD_USD",
      "m" : "4611686018431608796"
    }, {
      "d" : "1756457323514330304",
      "t" : 1756457323514,
      "tn" : 1756457323514330304,
      "q" : "1.6",
      "p" : "1.00014",
      "s" : "buy",
      "i" : "PYUSD_USD",
      "m" : "4611686018431608796"
    }, {
      "d" : "1756457291862360584",
      "t" : 1756457291862,
      "tn" : 1756457291862360584,
      "q" : "1.7",
      "p" : "1.00003",
      "s" : "sell",
      "i" : "PYUSD_USD",
      "m" : "4611686018431608795"
    }, {
      "d" : "1756456811232839721",
      "t" : 1756456811232,
      "tn" : 1756456811232839721,
      "q" : "10.1",
      "p" : "0.99933",
      "s" : "buy",
      "i" : "PYUSD_USD",
      "m" : "4611686018431608794"
    }, {
      "d" : "1756456740414518156",
      "t" : 1756456740414,
      "tn" : 1756456740414518156,
      "q" : "7.6",
      "p" : "0.99933",
      "s" : "buy",
      "i" : "PYUSD_USD",
      "m" : "4611686018431608793"
    }, {
      "d" : "1756456740409101001",
      "t" : 1756456740409,
      "tn" : 1756456740409101001,
      "q" : "37.7",
      "p" : "0.99933",
      "s" : "buy",
      "i" : "PYUSD_USD",
      "m" : "4611686018431608792"
    }, {
      "d" : "1756456740402352637",
      "t" : 1756456740402,
      "tn" : 1756456740402352637,
      "q" : "105.1",
      "p" : "0.99933",
      "s" : "buy",
      "i" : "PYUSD_USD",
      "m" : "4611686018431608791"
    }, {
      "d" : "1756456740390609623",
      "t" : 1756456740390,
      "tn" : 1756456740390609623,
      "q" : "12.0",
      "p" : "0.99933",
      "s" : "buy",
      "i" : "PYUSD_USD",
      "m" : "4611686018431608790"
    }, {
      "d" : "1756456740382026300",
      "t" : 1756456740382,
      "tn" : 1756456740382026300,
      "q" : "12.0",
      "p" : "0.99933",
      "s" : "buy",
      "i" : "PYUSD_USD",
      "m" : "4611686018431608789"
    }, {
      "d" : "1756456740371131183",
      "t" : 1756456740371,
      "tn" : 1756456740371131183,
      "q" : "12.0",
      "p" : "0.99933",
      "s" : "buy",
      "i" : "PYUSD_USD",
      "m" : "4611686018431608788"
    }, {
      "d" : "1756456740360642453",
      "t" : 1756456740360,
      "tn" : 1756456740360642453,
      "q" : "12.0",
      "p" : "0.99933",
      "s" : "buy",
      "i" : "PYUSD_USD",
      "m" : "4611686018431608787"
    }, {
      "d" : "1756456740353210611",
      "t" : 1756456740353,
      "tn" : 1756456740353210611,
      "q" : "12.0",
      "p" : "0.99933",
      "s" : "buy",
      "i" : "PYUSD_USD",
      "m" : "4611686018431608786"
    }, {
      "d" : "1756456715587869132",
      "t" : 1756456715587,
      "tn" : 1756456715587869132,
      "q" : "3.0",
      "p" : "0.99933",
      "s" : "buy",
      "i" : "PYUSD_USD",
      "m" : "4611686018431608785"
    }, {
      "d" : "1756456706531562350",
      "t" : 1756456706531,
      "tn" : 1756456706531562350,
      "q" : "4.0",
      "p" : "0.99933",
      "s" : "buy",
      "i" : "PYUSD_USD",
      "m" : "4611686018431608784"
    }, {
      "d" : "1756456704724970916",
      "t" : 1756456704724,
      "tn" : 1756456704724970916,
      "q" : "4.0",
      "p" : "0.99933",
      "s" : "buy",
      "i" : "PYUSD_USD",
      "m" : "4611686018431608783"
    }, {
      "d" : "1756456703798710591",
      "t" : 1756456703798,
      "tn" : 1756456703798710591,
      "q" : "4.7",
      "p" : "0.99933",
      "s" : "buy",
      "i" : "PYUSD_USD",
      "m" : "4611686018431608782"
    }, {
      "d" : "1756456700852706999",
      "t" : 1756456700852,
      "tn" : 1756456700852706999,
      "q" : "7.7",
      "p" : "0.99933",
      "s" : "buy",
      "i" : "PYUSD_USD",
      "m" : "4611686018431608781"
    }, {
      "d" : "1756456697979142523",
      "t" : 1756456697979,
      "tn" : 1756456697979142523,
      "q" : "15.1",
      "p" : "0.99933",
      "s" : "buy",
      "i" : "PYUSD_USD",
      "m" : "4611686018431608780"
    }, {
      "d" : "1756456682351770774",
      "t" : 1756456682351,
      "tn" : 1756456682351770774,
      "q" : "1.7",
      "p" : "0.99933",
      "s" : "buy",
      "i" : "PYUSD_USD",
      "m" : "4611686018431608779"
    }, {
      "d" : "1756456616343211459",
      "t" : 1756456616343,
      "tn" : 1756456616343211459,
      "q" : "3.3",
      "p" : "0.99933",
      "s" : "buy",
      "i" : "PYUSD_USD",
      "m" : "4611686018431608778"
    }, {
      "d" : "1756456555737531105",
      "t" : 1756456555737,
      "tn" : 1756456555737531105,
      "q" : "19.9",
      "p" : "0.99934",
      "s" : "buy",
      "i" : "PYUSD_USD",
      "m" : "4611686018431608777"
    }, {
      "d" : "1756456500211641665",
      "t" : 1756456500211,
      "tn" : 1756456500211641664,
      "q" : "1.5",
      "p" : "1.00013",
      "s" : "sell",
      "i" : "PYUSD_USD",
      "m" : "4611686018431608776"
    }, {
      "d" : "1756456500211641664",
      "t" : 1756456500211,
      "tn" : 1756456500211641664,
      "q" : "0.5",
      "p" : "1.00013",
      "s" : "sell",
      "i" : "PYUSD_USD",
      "m" : "4611686018431608776"
    }, {
      "d" : "1756456104623178932",
      "t" : 1756456104623,
      "tn" : 1756456104623178932,
      "q" : "1.6",
      "p" : "1.00014",
      "s" : "buy",
      "i" : "PYUSD_USD",
      "m" : "4611686018431608775"
    }, {
      "d" : "1756455965319359929",
      "t" : 1756455965319,
      "tn" : 1756455965319359929,
      "q" : "3.2",
      "p" : "1.00014",
      "s" : "buy",
      "i" : "PYUSD_USD",
      "m" : "4611686018431608774"
    }, {
      "d" : "1756455786591784005",
      "t" : 1756455786591,
      "tn" : 1756455786591784005,
      "q" : "0.2",
      "p" : "1.00062",
      "s" : "buy",
      "i" : "PYUSD_USD",
      "m" : "4611686018431608773"
    }, {
      "d" : "1756455769099536564",
      "t" : 1756455769099,
      "tn" : 1756455769099536564,
      "q" : "1.7",
      "p" : "1.00052",
      "s" : "buy",
      "i" : "PYUSD_USD",
      "m" : "4611686018431608772"
    }, {
      "d" : "1756455533360061846",
      "t" : 1756455533360,
      "tn" : 1756455533360061846,
      "q" : "15.0",
      "p" : "1.00018",
      "s" : "sell",
      "i" : "PYUSD_USD",
      "m" : "4611686018431608771"
    }, {
      "d" : "1756455533342385228",
      "t" : 1756455533342,
      "tn" : 1756455533342385228,
      "q" : "22.0",
      "p" : "1.00018",
      "s" : "sell",
      "i" : "PYUSD_USD",
      "m" : "4611686018431608770"
    }, {
      "d" : "1756455533321912532",
      "t" : 1756455533321,
      "tn" : 1756455533321912532,
      "q" : "19.0",
      "p" : "1.00018",
      "s" : "sell",
      "i" : "PYUSD_USD",
      "m" : "4611686018431608769"
    }, {
      "d" : "1756455533319198933",
      "t" : 1756455533319,
      "tn" : 1756455533319198933,
      "q" : "10.0",
      "p" : "1.00018",
      "s" : "sell",
      "i" : "PYUSD_USD",
      "m" : "4611686018431608768"
    }, {
      "d" : "1756455533319197188",
      "t" : 1756455533319,
      "tn" : 1756455533319197188,
      "q" : "13.0",
      "p" : "1.00019",
      "s" : "sell",
      "i" : "PYUSD_USD",
      "m" : "4611686018431608767"
    }, {
      "d" : "1756455209528158616",
      "t" : 1756455209528,
      "tn" : 1756455209528158616,
      "q" : "1.1",
      "p" : "1.00061",
      "s" : "buy",
      "i" : "PYUSD_USD",
      "m" : "4611686018431608766"
    }, {
      "d" : "1756455077878811319",
      "t" : 1756455077878,
      "tn" : 1756455077878811319,
      "q" : "1.9",
      "p" : "1.00014",
      "s" : "buy",
      "i" : "PYUSD_USD",
      "m" : "4611686018431608765"
    }, {
      "d" : "1756454944949328687",
      "t" : 1756454944949,
      "tn" : 1756454944949328687,
      "q" : "2.0",
      "p" : "1.00059",
      "s" : "buy",
      "i" : "PYUSD_USD",
      "m" : "4611686018431608764"
    }, {
      "d" : "1756454895842643489",
      "t" : 1756454895842,
      "tn" : 1756454895842643489,
      "q" : "1.8",
      "p" : "1.00013",
      "s" : "sell",
      "i" : "PYUSD_USD",
      "m" : "4611686018431608763"
    }, {
      "d" : "1756454708109724662",
      "t" : 1756454708109,
      "tn" : 1756454708109724662,
      "q" : "1.7",
      "p" : "1.00046",
      "s" : "sell",
      "i" : "PYUSD_USD",
      "m" : "4611686018431608762"
    }, {
      "d" : "1756454682793337277",
      "t" : 1756454682793,
      "tn" : 1756454682793337277,
      "q" : "2.1",
      "p" : "1.00048",
      "s" : "sell",
      "i" : "PYUSD_USD",
      "m" : "4611686018431608761"
    }, {
      "d" : "1756454641725493530",
      "t" : 1756454641725,
      "tn" : 1756454641725493530,
      "q" : "3.3",
      "p" : "1.00061",
      "s" : "buy",
      "i" : "PYUSD_USD",
      "m" : "4611686018431608760"
    }, {
      "d" : "1756454477459263684",
      "t" : 1756454477459,
      "tn" : 1756454477459263684,
      "q" : "1.5",
      "p" : "1.00064",
      "s" : "buy",
      "i" : "PYUSD_USD",
      "m" : "4611686018431608759"
    }, {
      "d" : "1756454477459261399",
      "t" : 1756454477459,
      "tn" : 1756454477459261399,
      "q" : "0.5",
      "p" : "1.00060",
      "s" : "buy",
      "i" : "PYUSD_USD",
      "m" : "4611686018431608758"
    }, {
      "d" : "1756454348307145866",
      "t" : 1756454348307,
      "tn" : 1756454348307145866,
      "q" : "2.1",
      "p" : "1.00018",
      "s" : "buy",
      "i" : "PYUSD_USD",
      "m" : "4611686018431608757"
    }, {
      "d" : "1756454339986777208",
      "t" : 1756454339986,
      "tn" : 1756454339986777208,
      "q" : "1.7",
      "p" : "1.00017",
      "s" : "buy",
      "i" : "PYUSD_USD",
      "m" : "4611686018431608756"
    }, {
      "d" : "1756454293634543383",
      "t" : 1756454293634,
      "tn" : 1756454293634543383,
      "q" : "1.5",
      "p" : "1.00059",
      "s" : "sell",
      "i" : "PYUSD_USD",
      "m" : "4611686018431608755"
    }, {
      "d" : "1756454258315382752",
      "t" : 1756454258315,
      "tn" : 1756454258315382752,
      "q" : "1.7",
      "p" : "1.00054",
      "s" : "sell",
      "i" : "PYUSD_USD",
      "m" : "4611686018431608754"
    }, {
      "d" : "1756454249598636919",
      "t" : 1756454249598,
      "tn" : 1756454249598636919,
      "q" : "2.1",
      "p" : "1.00057",
      "s" : "buy",
      "i" : "PYUSD_USD",
      "m" : "4611686018431608753"
    }, {
      "d" : "1756454219225915844",
      "t" : 1756454219225,
      "tn" : 1756454219225915844,
      "q" : "2.0",
      "p" : "1.00060",
      "s" : "buy",
      "i" : "PYUSD_USD",
      "m" : "4611686018431608752"
    }, {
      "d" : "1756454179756301341",
      "t" : 1756454179756,
      "tn" : 1756454179756301341,
      "q" : "2.0",
      "p" : "1.00017",
      "s" : "sell",
      "i" : "PYUSD_USD",
      "m" : "4611686018431608751"
    }, {
      "d" : "1756454125708700609",
      "t" : 1756454125708,
      "tn" : 1756454125708700609,
      "q" : "1.7",
      "p" : "1.00057",
      "s" : "sell",
      "i" : "PYUSD_USD",
      "m" : "4611686018431608750"
    }, {
      "d" : "1756454028607007845",
      "t" : 1756454028607,
      "tn" : 1756454028607007845,
      "q" : "2.1",
      "p" : "1.00059",
      "s" : "buy",
      "i" : "PYUSD_USD",
      "m" : "4611686018431608749"
    }, {
      "d" : "1756454028596326336",
      "t" : 1756454028596,
      "tn" : 1756454028596326336,
      "q" : "2.1",
      "p" : "1.00059",
      "s" : "buy",
      "i" : "PYUSD_USD",
      "m" : "4611686018431608748"
    }, {
      "d" : "1756453852683522292",
      "t" : 1756453852683,
      "tn" : 1756453852683522292,
      "q" : "2.1",
      "p" : "1.00053",
      "s" : "buy",
      "i" : "PYUSD_USD",
      "m" : "4611686018431608747"
    }, {
      "d" : "1756453811250999907",
      "t" : 1756453811250,
      "tn" : 1756453811250999907,
      "q" : "3.4",
      "p" : "1.00064",
      "s" : "sell",
      "i" : "PYUSD_USD",
      "m" : "4611686018431608746"
    }, {
      "d" : "1756453729507089830",
      "t" : 1756453729507,
      "tn" : 1756453729507089830,
      "q" : "1.7",
      "p" : "1.00054",
      "s" : "sell",
      "i" : "PYUSD_USD",
      "m" : "4611686018431608745"
    }, {
      "d" : "1756453729031440002",
      "t" : 1756453729031,
      "tn" : 1756453729031440002,
      "q" : "2.0",
      "p" : "1.00055",
      "s" : "sell",
      "i" : "PYUSD_USD",
      "m" : "4611686018431608744"
    }, {
      "d" : "1756453514089878329",
      "t" : 1756453514089,
      "tn" : 1756453514089878329,
      "q" : "10.1",
      "p" : "0.99937",
      "s" : "buy",
      "i" : "PYUSD_USD",
      "m" : "4611686018431608743"
    }, {
      "d" : "1756453494184835099",
      "t" : 1756453494184,
      "tn" : 1756453494184835099,
      "q" : "2.2",
      "p" : "1.00052",
      "s" : "sell",
      "i" : "PYUSD_USD",
      "m" : "4611686018431608742"
    }, {
      "d" : "1756453356443993120",
      "t" : 1756453356443,
      "tn" : 1756453356443993120,
      "q" : "1.7",
      "p" : "1.00065",
      "s" : "sell",
      "i" : "PYUSD_USD",
      "m" : "4611686018431608741"
    }, {
      "d" : "1756453333604252593",
      "t" : 1756453333604,
      "tn" : 1756453333604252593,
      "q" : "1.5",
      "p" : "1.00065",
      "s" : "sell",
      "i" : "PYUSD_USD",
      "m" : "4611686018431608740"
    }, {
      "d" : "1756453212889452220",
      "t" : 1756453212889,
      "tn" : 1756453212889452220,
      "q" : "2.0",
      "p" : "1.00064",
      "s" : "buy",
      "i" : "PYUSD_USD",
      "m" : "4611686018431608739"
    }, {
      "d" : "1756453163744412311",
      "t" : 1756453163744,
      "tn" : 1756453163744412311,
      "q" : "3.0",
      "p" : "1.00059",
      "s" : "sell",
      "i" : "PYUSD_USD",
      "m" : "4611686018431608738"
    }, {
      "d" : "1756453163221009894",
      "t" : 1756453163221,
      "tn" : 1756453163221009894,
      "q" : "3.3",
      "p" : "1.00059",
      "s" : "sell",
      "i" : "PYUSD_USD",
      "m" : "4611686018431608737"
    }, {
      "d" : "1756452996974061029",
      "t" : 1756452996974,
      "tn" : 1756452996974061029,
      "q" : "10.1",
      "p" : "0.99934",
      "s" : "buy",
      "i" : "PYUSD_USD",
      "m" : "4611686018431608736"
    }, {
      "d" : "1756452995355830868",
      "t" : 1756452995355,
      "tn" : 1756452995355830868,
      "q" : "3.2",
      "p" : "0.99933",
      "s" : "buy",
      "i" : "PYUSD_USD",
      "m" : "4611686018431608735"
    }, {
      "d" : "1756452995353594954",
      "t" : 1756452995353,
      "tn" : 1756452995353594954,
      "q" : "10.1",
      "p" : "0.99933",
      "s" : "buy",
      "i" : "PYUSD_USD",
      "m" : "4611686018431608734"
    }, {
      "d" : "1756452995333762878",
      "t" : 1756452995333,
      "tn" : 1756452995333762878,
      "q" : "10.1",
      "p" : "0.99932",
      "s" : "buy",
      "i" : "PYUSD_USD",
      "m" : "4611686018431608733"
    }, {
      "d" : "1756452973554579845",
      "t" : 1756452973554,
      "tn" : 1756452973554579845,
      "q" : "2.5",
      "p" : "0.99931",
      "s" : "sell",
      "i" : "PYUSD_USD",
      "m" : "4611686018431608732"
    }, {
      "d" : "1756452883459140312",
      "t" : 1756452883459,
      "tn" : 1756452883459140312,
      "q" : "424.9",
      "p" : "0.99931",
      "s" : "sell",
      "i" : "PYUSD_USD",
      "m" : "4611686018431608731"
    }, {
      "d" : "1756452883459137253",
      "t" : 1756452883459,
      "tn" : 1756452883459137253,
      "q" : "1.6",
      "p" : "0.99963",
      "s" : "sell",
      "i" : "PYUSD_USD",
      "m" : "4611686018431608730"
    }, {
      "d" : "1756452883459134594",
      "t" : 1756452883459,
      "tn" : 1756452883459134594,
      "q" : "1.9",
      "p" : "0.99974",
      "s" : "sell",
      "i" : "PYUSD_USD",
      "m" : "4611686018431608729"
    }, {
      "d" : "1756452883459131045",
      "t" : 1756452883459,
      "tn" : 1756452883459131045,
      "q" : "14.1",
      "p" : "0.99975",
      "s" : "sell",
      "i" : "PYUSD_USD",
      "m" : "4611686018431608728"
    }, {
      "d" : "1756452883459128679",
      "t" : 1756452883459,
      "tn" : 1756452883459128679,
      "q" : "1.4",
      "p" : "1.00043",
      "s" : "sell",
      "i" : "PYUSD_USD",
      "m" : "4611686018431608727"
    }, {
      "d" : "1756452883459125462",
      "t" : 1756452883459,
      "tn" : 1756452883459125462,
      "q" : "10.0",
      "p" : "1.00060",
      "s" : "sell",
      "i" : "PYUSD_USD",
      "m" : "4611686018431608726"
    }, {
      "d" : "1756452872278055913",
      "t" : 1756452872278,
      "tn" : 1756452872278055913,
      "q" : "3.1",
      "p" : "1.00062",
      "s" : "sell",
      "i" : "PYUSD_USD",
      "m" : "4611686018431608725"
    }, {
      "d" : "1756452755029538332",
      "t" : 1756452755029,
      "tn" : 1756452755029538331,
      "q" : "1.3",
      "p" : "1.00066",
      "s" : "buy",
      "i" : "PYUSD_USD",
      "m" : "4611686018431608724"
    }, {
      "d" : "1756452755029538331",
      "t" : 1756452755029,
      "tn" : 1756452755029538331,
      "q" : "1.6",
      "p" : "1.00066",
      "s" : "buy",
      "i" : "PYUSD_USD",
      "m" : "4611686018431608724"
    }, {
      "d" : "1756452755029534435",
      "t" : 1756452755029,
      "tn" : 1756452755029534435,
      "q" : "0.2",
      "p" : "1.00063",
      "s" : "buy",
      "i" : "PYUSD_USD",
      "m" : "4611686018431608723"
    }, {
      "d" : "1756452750548078592",
      "t" : 1756452750548,
      "tn" : 1756452750548078592,
      "q" : "3.2",
      "p" : "1.00063",
      "s" : "buy",
      "i" : "PYUSD_USD",
      "m" : "4611686018431608722"
    }, {
      "d" : "1756452746898872321",
      "t" : 1756452746898,
      "tn" : 1756452746898872321,
      "q" : "2.6",
      "p" : "1.00063",
      "s" : "buy",
      "i" : "PYUSD_USD",
      "m" : "4611686018431608721"
    }, {
      "d" : "1756452432442474712",
      "t" : 1756452432442,
      "tn" : 1756452432442474712,
      "q" : "0.4",
      "p" : "0.99977",
      "s" : "buy",
      "i" : "PYUSD_USD",
      "m" : "4611686018431608720"
    }, {
      "d" : "1756452426527658703",
      "t" : 1756452426527,
      "tn" : 1756452426527658703,
      "q" : "1.1",
      "p" : "0.99977",
      "s" : "buy",
      "i" : "PYUSD_USD",
      "m" : "4611686018431608719"
    }, {
      "d" : "1756452351146157367",
      "t" : 1756452351146,
      "tn" : 1756452351146157367,
      "q" : "2.0",
      "p" : "1.00059",
      "s" : "buy",
      "i" : "PYUSD_USD",
      "m" : "4611686018431608718"
    }, {
      "d" : "1756452349551816521",
      "t" : 1756452349551,
      "tn" : 1756452349551816521,
      "q" : "2.0",
      "p" : "1.00058",
      "s" : "sell",
      "i" : "PYUSD_USD",
      "m" : "4611686018431608717"
    }, {
      "d" : "1756452293123916230",
      "t" : 1756452293123,
      "tn" : 1756452293123916230,
      "q" : "2.0",
      "p" : "1.00063",
      "s" : "buy",
      "i" : "PYUSD_USD",
      "m" : "4611686018431608716"
    }, {
      "d" : "1756452293024577272",
      "t" : 1756452293024,
      "tn" : 1756452293024577272,
      "q" : "3.3",
      "p" : "1.00062",
      "s" : "buy",
      "i" : "PYUSD_USD",
      "m" : "4611686018431608715"
    }, {
      "d" : "1756452279548955184",
      "t" : 1756452279548,
      "tn" : 1756452279548955184,
      "q" : "2.0",
      "p" : "1.00062",
      "s" : "buy",
      "i" : "PYUSD_USD",
      "m" : "4611686018431608714"
    }, {
      "d" : "1756452279127594561",
      "t" : 1756452279127,
      "tn" : 1756452279127594561,
      "q" : "2.0",
      "p" : "1.00062",
      "s" : "buy",
      "i" : "PYUSD_USD",
      "m" : "4611686018431608713"
    }, {
      "d" : "1756452260751945746",
      "t" : 1756452260751,
      "tn" : 1756452260751945746,
      "q" : "3.2",
      "p" : "1.00063",
      "s" : "sell",
      "i" : "PYUSD_USD",
      "m" : "4611686018431608712"
    }, {
      "d" : "1756452250443619052",
      "t" : 1756452250443,
      "tn" : 1756452250443619052,
      "q" : "2.0",
      "p" : "1.00064",
      "s" : "sell",
      "i" : "PYUSD_USD",
      "m" : "4611686018431608711"
    }, {
      "d" : "1756452249845773318",
      "t" : 1756452249845,
      "tn" : 1756452249845773318,
      "q" : "10.0",
      "p" : "1.00064",
      "s" : "sell",
      "i" : "PYUSD_USD",
      "m" : "4611686018431608710"
    }, {
      "d" : "1756452203826983450",
      "t" : 1756452203826,
      "tn" : 1756452203826983450,
      "q" : "2.0",
      "p" : "1.00030",
      "s" : "sell",
      "i" : "PYUSD_USD",
      "m" : "4611686018431608709"
    }, {
      "d" : "1756452186591569753",
      "t" : 1756452186591,
      "tn" : 1756452186591569753,
      "q" : "0.2",
      "p" : "1.00065",
      "s" : "buy",
      "i" : "PYUSD_USD",
      "m" : "4611686018431608708"
    }, {
      "d" : "1756452135189115470",
      "t" : 1756452135189,
      "tn" : 1756452135189115470,
      "q" : "2.0",
      "p" : "1.00064",
      "s" : "sell",
      "i" : "PYUSD_USD",
      "m" : "4611686018431608707"
    }, {
      "d" : "1756452048536554472",
      "t" : 1756452048536,
      "tn" : 1756452048536554472,
      "q" : "2.0",
      "p" : "1.00018",
      "s" : "sell",
      "i" : "PYUSD_USD",
      "m" : "4611686018431608706"
    }, {
      "d" : "1756451837836947371",
      "t" : 1756451837836,
      "tn" : 1756451837836947371,
      "q" : "2.0",
      "p" : "1.00062",
      "s" : "buy",
      "i" : "PYUSD_USD",
      "m" : "4611686018431608705"
    }, {
      "d" : "1756451837813712689",
      "t" : 1756451837813,
      "tn" : 1756451837813712689,
      "q" : "3.3",
      "p" : "1.00062",
      "s" : "buy",
      "i" : "PYUSD_USD",
      "m" : "4611686018431608704"
    }, {
      "d" : "1756451783579985174",
      "t" : 1756451783579,
      "tn" : 1756451783579985174,
      "q" : "2.0",
      "p" : "1.00066",
      "s" : "buy",
      "i" : "PYUSD_USD",
      "m" : "4611686018431608703"
    }, {
      "d" : "1756451673875229728",
      "t" : 1756451673875,
      "tn" : 1756451673875229728,
      "q" : "2.1",
      "p" : "0.99976",
      "s" : "buy",
      "i" : "PYUSD_USD",
      "m" : "4611686018431608702"
    }, {
      "d" : "1756451673784200291",
      "t" : 1756451673784,
      "tn" : 1756451673784200291,
      "q" : "10.1",
      "p" : "0.99976",
      "s" : "buy",
      "i" : "PYUSD_USD",
      "m" : "4611686018431608701"
    }, {
      "d" : "1756451673733632338",
      "t" : 1756451673733,
      "tn" : 1756451673733632338,
      "q" : "10.1",
      "p" : "0.99976",
      "s" : "buy",
      "i" : "PYUSD_USD",
      "m" : "4611686018431608700"
    }, {
      "d" : "1756451673719259879",
      "t" : 1756451673719,
      "tn" : 1756451673719259879,
      "q" : "10.1",
      "p" : "0.99976",
      "s" : "buy",
      "i" : "PYUSD_USD",
      "m" : "4611686018431608699"
    }, {
      "d" : "1756451672451228262",
      "t" : 1756451672451,
      "tn" : 1756451672451228262,
      "q" : "2.0",
      "p" : "0.99977",
      "s" : "sell",
      "i" : "PYUSD_USD",
      "m" : "4611686018431608698"
    }, {
      "d" : "1756451623201212426",
      "t" : 1756451623201,
      "tn" : 1756451623201212426,
      "q" : "1.7",
      "p" : "1.00028",
      "s" : "sell",
      "i" : "PYUSD_USD",
      "m" : "4611686018431608697"
    }, {
      "d" : "1756451623201209797",
      "t" : 1756451623201,
      "tn" : 1756451623201209797,
      "q" : "2.0",
      "p" : "1.00029",
      "s" : "sell",
      "i" : "PYUSD_USD",
      "m" : "4611686018431608696"
    }, {
      "d" : "1756451623201206539",
      "t" : 1756451623201,
      "tn" : 1756451623201206539,
      "q" : "14.7",
      "p" : "1.00030",
      "s" : "sell",
      "i" : "PYUSD_USD",
      "m" : "4611686018431608695"
    }, {
      "d" : "1756451409248773110",
      "t" : 1756451409248,
      "tn" : 1756451409248773110,
      "q" : "1.6",
      "p" : "1.00002",
      "s" : "buy",
      "i" : "PYUSD_USD",
      "m" : "4611686018431608694"
    }, {
      "d" : "1756451406076324323",
      "t" : 1756451406076,
      "tn" : 1756451406076324323,
      "q" : "1.8",
      "p" : "1.00001",
      "s" : "buy",
      "i" : "PYUSD_USD",
      "m" : "4611686018431608693"
    }, {
      "d" : "1756451280574657208",
      "t" : 1756451280574,
      "tn" : 1756451280574657208,
      "q" : "2.6",
      "p" : "0.99964",
      "s" : "sell",
      "i" : "PYUSD_USD",
      "m" : "4611686018431608692"
    }, {
      "d" : "1756451280574655210",
      "t" : 1756451280574,
      "tn" : 1756451280574655210,
      "q" : "2.6",
      "p" : "0.99968",
      "s" : "sell",
      "i" : "PYUSD_USD",
      "m" : "4611686018431608691"
    } ]
  }
}