{
  "id" : -1,
  "method" : "public/get-trades",
  "code" : 0,
  "result" : {
    "data" : [ {
      "d" : "1756461378734481392",
      "t" : 1756461378734,
      "tn" : 1756461378734481392,
      "q" : "10000",
      "p" : "0.007112",
      "s" : "sell",
      "i" : "QI_USD",
      "m" : "4611686018430157033"
    }, {
      "d" : "1756459263922346571",
      "t" : 1756459263922,
      "tn" : 1756459263922346571,
      "q" : "400",
      "p" : "0.007091",
      "s" : "sell",
      "i" : "QI_USD",
      "m" : "4611686018430157032"
    }, {
      "d" : "1756458953948714316",
      "t" : 1756458953948,
      "tn" : 1756458953948714316,
      "q" : "690",
      "p" : "0.007157",
      "s" : "buy",
      "i" : "QI_USD",
      "m" : "4611686018430157031"
    }, {
      "d" : "1756455607426802563",
      "t" : 1756455607426,
      "tn" : 1756455607426802563,
      "q" : "201470",
      "p" : "0.007195",
      "s" : "sell",
      "i" : "QI_USD",
      "m" : "4611686018430157030"
    }, {
      "d" : "1756455607426800658",
      "t" : 1756455607426,
      "tn" : 1756455607426800658,
      "q" : "91070",
      "p" : "0.007196",
      "s" : "sell",
      "i" : "QI_USD",
      "m" : "4611686018430157029"
    }, {
      "d" : "1756455607426798032",
      "t" : 1756455607426,
      "tn" : 1756455607426798032,
      "q" : "205260",
      "p" : "0.007197",
      "s" : "sell",
      "i" : "QI_USD",
      "m" : "4611686018430157028"
    }, {
      "d" : "1756455607426794929",
      "t" : 1756455607426,
      "tn" : 1756455607426794929,
      "q" : "6420",
      "p" : "0.007198",
      "s" : "sell",
      "i" : "QI_USD",
      "m" : "4611686018430157027"
    }, {
      "d" : "1756444632313210403",
      "t" : 1756444632313,
      "tn" : 1756444632313210403,
      "q" : "4080",
      "p" : "0.007542",
      "s" : "buy",
      "i" : "QI_USD",
      "m" : "4611686018430157026"
    }, {
      "d" : "1756441152921704001",
      "t" : 1756441152921,
      "tn" : 1756441152921704001,
      "q" : "330",
      "p" : "0.007539",
      "s" : "buy",
      "i" : "QI_USD",
      "m" : "4611686018430157025"
    }, {
      "d" : "1756441077273495435",
      "t" : 1756441077273,
      "tn" : 1756441077273495435,
      "q" : "150",
      "p" : "0.007533",
      "s" : "buy",
      "i" : "QI_USD",
      "m" : "4611686018430157024"
    }, {
      "d" : "1756440741133988671",
      "t" : 1756440741133,
      "tn" : 1756440741133988671,
      "q" : "430",
      "p" : "0.007531",
      "s" : "buy",
      "i" : "QI_USD",
      "m" : "4611686018430157023"
    }, {
      "d" : "1756440632774641366",
      "t" : 1756440632774,
      "tn" : 1756440632774641366,
      "q" : "1040",
      "p" : "0.007431",
      "s" : "sell",
      "i" : "QI_USD",
      "m" : "4611686018430157022"
    }, {
      "d" : "1756440552928567715",
      "t" : 1756440552928,
      "tn" : 1756440552928567715,
      "q" : "580",
      "p" : "0.007431",
      "s" : "sell",
      "i" : "QI_USD",
      "m" : "4611686018430157021"
    }, {
      "d" : "1756440250152031572",
      "t" : 1756440250152,
      "tn" : 1756440250152031572,
      "q" : "290",
      "p" : "0.007535",
      "s" : "buy",
      "i" : "QI_USD",
      "m" : "4611686018430157020"
    }, {
      "d" : "1756439852680596677",
      "t" : 1756439852680,
      "tn" : 1756439852680596677,
      "q" : "490",
      "p" : "0.007470",
      "s" : "sell",
      "i" : "QI_USD",
      "m" : "4611686018430157019"
    }, {
      "d" : "1756435434987254910",
      "t" : 1756435434987,
      "tn" : 1756435434987254910,
      "q" : "17280",
      "p" : "0.007429",
      "s" : "buy",
      "i" : "QI_USD",
      "m" : "4611686018430157018"
    }, {
      "d" : "1756435434979124060",
      "t" : 1756435434979,
      "tn" : 1756435434979124060,
      "q" : "18640",
      "p" : "0.007429",
      "s" : "sell",
      "i" : "QI_USD",
      "m" : "4611686018430157017"
    }, {
      "d" : "1756433715439084692",
      "t" : 1756433715439,
      "tn" : 1756433715439084692,
      "q" : "2000",
      "p" : "0.007433",
      "s" : "sell",
      "i" : "QI_USD",
      "m" : "4611686018430157016"
    }, {
      "d" : "1756433014574872168",
      "t" : 1756433014574,
      "tn" : 1756433014574872168,
      "q" : "10000",
      "p" : "0.007382",
      "s" : "sell",
      "i" : "QI_USD",
      "m" : "4611686018430157015"
    }, {
      "d" : "1756432316947950262",
      "t" : 1756432316947,
      "tn" : 1756432316947950262,
      "q" : "2140",
      "p" : "0.007407",
      "s" : "sell",
      "i" : "QI_USD",
      "m" : "4611686018430157014"
    }, {
      "d" : "1756429384279277225",
      "t" : 1756429384279,
      "tn" : 1756429384279277225,
      "q" : "210",
      "p" : "0.007548",
      "s" : "buy",
      "i" : "QI_USD",
      "m" : "4611686018430157013"
    }, {
      "d" : "1756425915190443313",
      "t" : 1756425915190,
      "tn" : 1756425915190443313,
      "q" : "380",
      "p" : "0.007619",
      "s" : "buy",
      "i" : "QI_USD",
      "m" : "4611686018430157012"
    }, {
      "d" : "1756424662000300373",
      "t" : 1756424662000,
      "tn" : 1756424662000300373,
      "q" : "260",
      "p" : "0.007562",
      "s" : "buy",
      "i" : "QI_USD",
      "m" : "4611686018430157011"
    }, {
      "d" : "1756418159009537381",
      "t" : 1756418159009,
      "tn" : 1756418159009537381,
      "q" : "150",
      "p" : "0.007424",
      "s" : "buy",
      "i" : "QI_USD",
      "m" : "4611686018430157010"
    }, {
      "d" : "1756417420263996297",
      "t" : 1756417420263,
      "tn" : 1756417420263996297,
      "q" : "360",
      "p" : "0.007320",
      "s" : "sell",
      "i" : "QI_USD",
      "m" : "4611686018430157009"
    }, {
      "d" : "1756415889483826733",
      "t" : 1756415889483,
      "tn" : 1756415889483826733,
      "q" : "10700",
      "p" : "0.007295",
      "s" : "sell",
      "i" : "QI_USD",
      "m" : "4611686018430157008"
    }, {
      "d" : "1756415714235830733",
      "t" : 1756415714235,
      "tn" : 1756415714235830733,
      "q" : "10130",
      "p" : "0.007368",
      "s" : "buy",
      "i" : "QI_USD",
      "m" : "4611686018430157007"
    }, {
      "d" : "1756411577234347522",
      "t" : 1756411577234,
      "tn" : 1756411577234347522,
      "q" : "3000",
      "p" : "0.007234",
      "s" : "sell",
      "i" : "QI_USD",
      "m" : "4611686018430157006"
    }, {
      "d" : "1756406800967533592",
      "t" : 1756406800967,
      "tn" : 1756406800967533592,
      "q" : "300",
      "p" : "0.007407",
      "s" : "buy",
      "i" : "QI_USD",
      "m" : "4611686018430157005"
    }, {
      "d" : "1756404644848303713",
      "t" : 1756404644848,
      "tn" : 1756404644848303713,
      "q" : "380",
      "p" : "0.007245",
      "s" : "sell",
      "i" : "QI_USD",
      "m" : "4611686018430157004"
    }, {
      "d" : "1756392655169318298",
      "t" : 1756392655169,
      "tn" : 1756392655169318298,
      "q" : "680",
      "p" : "0.007451",
      "s" : "buy",
      "i" : "QI_USD",
      "m" : "4611686018430157003"
    }, {
      "d" : "1756391912468681488",
      "t" : 1756391912468,
      "tn" : 1756391912468681488,
      "q" : "1690",
      "p" : "0.007424",
      "s" : "buy",
      "i" : "QI_USD",
      "m" : "4611686018430157002"
    }, {
      "d" : "1756390609540095042",
      "t" : 1756390609540,
      "tn" : 1756390609540095042,
      "q" : "6330",
      "p" : "0.007443",
      "s" : "sell",
      "i" : "QI_USD",
      "m" : "4611686018430157001"
    }, {
      "d" : "1756390609539422823",
      "t" : 1756390609539,
      "tn" : 1756390609539422823,
      "q" : "5820",
      "p" : "0.007443",
      "s" : "sell",
      "i" : "QI_USD",
      "m" : "4611686018430157000"
    }, {
      "d" : "1756390609538872808",
      "t" : 1756390609538,
      "tn" : 1756390609538872808,
      "q" : "53740",
      "p" : "0.007443",
      "s" : "sell",
      "i" : "QI_USD",
      "m" : "4611686018430156999"
    }, {
      "d" : "1756390609533163506",
      "t" : 1756390609533,
      "tn" : 1756390609533163506,
      "q" : "25170",
      "p" : "0.007443",
      "s" : "buy",
      "i" : "QI_USD",
      "m" : "4611686018430156998"
    }, {
      "d" : "1756390253953764646",
      "t" : 1756390253953,
      "tn" : 1756390253953764646,
      "q" : "6810",
      "p" : "0.007446",
      "s" : "buy",
      "i" : "QI_USD",
      "m" : "4611686018430156997"
    }, {
      "d" : "1756390030085036192",
      "t" : 1756390030085,
      "tn" : 1756390030085036192,
      "q" : "5000",
      "p" : "0.007389",
      "s" : "buy",
      "i" : "QI_USD",
      "m" : "4611686018430156996"
    }, {
      "d" : "1756390004197340829",
      "t" : 1756390004197,
      "tn" : 1756390004197340829,
      "q" : "160",
      "p" : "0.007389",
      "s" : "sell",
      "i" : "QI_USD",
      "m" : "4611686018430156995"
    }, {
      "d" : "1756387178630158029",
      "t" : 1756387178630,
      "tn" : 1756387178630158029,
      "q" : "29720",
      "p" : "0.007324",
      "s" : "sell",
      "i" : "QI_USD",
      "m" : "4611686018430156994"
    }, {
      "d" : "1756385595505598379",
      "t" : 1756385595505,
      "tn" : 1756385595505598379,
      "q" : "90",
      "p" : "0.007324",
      "s" : "sell",
      "i" : "QI_USD",
      "m" : "4611686018430156993"
    }, {
      "d" : "1756385595505596663",
      "t" : 1756385595505,
      "tn" : 1756385595505596663,
      "q" : "7710",
      "p" : "0.007325",
      "s" : "sell",
      "i" : "QI_USD",
      "m" : "4611686018430156992"
    }, {
      "d" : "1756384896126597800",
      "t" : 1756384896126,
      "tn" : 1756384896126597800,
      "q" : "1280",
      "p" : "0.007442",
      "s" : "buy",
      "i" : "QI_USD",
      "m" : "4611686018430156991"
    }, {
      "d" : "1756384701145679496",
      "t" : 1756384701145,
      "tn" : 1756384701145679496,
      "q" : "480",
      "p" : "0.007422",
      "s" : "buy",
      "i" : "QI_USD",
      "m" : "4611686018430156990"
    }, {
      "d" : "1756383481947645126",
      "t" : 1756383481947,
      "tn" : 1756383481947645126,
      "q" : "3820",
      "p" : "0.007418",
      "s" : "buy",
      "i" : "QI_USD",
      "m" : "4611686018430156989"
    }, {
      "d" : "1756383396596620012",
      "t" : 1756383396596,
      "tn" : 1756383396596620012,
      "q" : "12440",
      "p" : "0.007359",
      "s" : "sell",
      "i" : "QI_USD",
      "m" : "4611686018430156988"
    }, {
      "d" : "1756381493536297259",
      "t" : 1756381493536,
      "tn" : 1756381493536297259,
      "q" : "1920",
      "p" : "0.007441",
      "s" : "sell",
      "i" : "QI_USD",
      "m" : "4611686018430156987"
    }, {
      "d" : "1756381118664211948",
      "t" : 1756381118664,
      "tn" : 1756381118664211948,
      "q" : "350",
      "p" : "0.007511",
      "s" : "buy",
      "i" : "QI_USD",
      "m" : "4611686018430156986"
    }, {
      "d" : "1756380620525158269",
      "t" : 1756380620525,
      "tn" : 1756380620525158269,
      "q" : "1350",
      "p" : "0.007441",
      "s" : "sell",
      "i" : "QI_USD",
      "m" : "4611686018430156985"
    }, {
      "d" : "1756380456630047786",
      "t" : 1756380456630,
      "tn" : 1756380456630047786,
      "q" : "140",
      "p" : "0.007512",
      "s" : "buy",
      "i" : "QI_USD",
      "m" : "4611686018430156984"
    }, {
      "d" : "1756377791248850603",
      "t" : 1756377791248,
      "tn" : 1756377791248850603,
      "q" : "350",
      "p" : "0.007522",
      "s" : "buy",
      "i" : "QI_USD",
      "m" : "4611686018430156983"
    }, {
      "d" : "1756377425189361576",
      "t" : 1756377425189,
      "tn" : 1756377425189361576,
      "q" : "410",
      "p" : "0.007441",
      "s" : "sell",
      "i" : "QI_USD",
      "m" : "4611686018430156982"
    }, {
      "d" : "1756377202523569676",
      "t" : 1756377202523,
      "tn" : 1756377202523569676,
      "q" : "150",
      "p" : "0.007461",
      "s" : "sell",
      "i" : "QI_USD",
      "m" : "4611686018430156981"
    }, {
      "d" : "1756376214112469488",
      "t" : 1756376214112,
      "tn" : 1756376214112469488,
      "q" : "450",
      "p" : "0.007549",
      "s" : "buy",
      "i" : "QI_USD",
      "m" : "4611686018430156980"
    } ]
  }
}