{
  "id" : -1,
  "method" : "public/get-trades",
  "code" : 0,
  "result" : {
    "data" : [ {
      "d" : "1756462111074421968",
      "t" : 1756462111074,
      "tn" : 1756462111074421968,
      "q" : "1.940",
      "p" : "102.530",
      "s" : "buy",
      "i" : "QNT_USD",
      "m" : "4611686018431705054"
    }, {
      "d" : "1756462111074420289",
      "t" : 1756462111074,
      "tn" : 1756462111074420289,
      "q" : "0.012",
      "p" : "102.461",
      "s" : "buy",
      "i" : "QNT_USD",
      "m" : "4611686018431705053"
    }, {
      "d" : "1756461835838766692",
      "t" : 1756461835838,
      "tn" : 1756461835838766692,
      "q" : "0.012",
      "p" : "102.310",
      "s" : "sell",
      "i" : "QNT_USD",
      "m" : "4611686018431705052"
    }, {
      "d" : "1756461811142199994",
      "t" : 1756461811142,
      "tn" : 1756461811142199994,
      "q" : "0.037",
      "p" : "102.406",
      "s" : "buy",
      "i" : "QNT_USD",
      "m" : "4611686018431705051"
    }, {
      "d" : "1756461811142197522",
      "t" : 1756461811142,
      "tn" : 1756461811142197522,
      "q" : "0.012",
      "p" : "102.331",
      "s" : "buy",
      "i" : "QNT_USD",
      "m" : "4611686018431705050"
    }, {
      "d" : "1756460883645888456",
      "t" : 1756460883645,
      "tn" : 1756460883645888456,
      "q" : "0.442",
      "p" : "102.341",
      "s" : "sell",
      "i" : "QNT_USD",
      "m" : "4611686018431705049"
    }, {
      "d" : "1756460883635416342",
      "t" : 1756460883635,
      "tn" : 1756460883635416342,
      "q" : "1.952",
      "p" : "102.341",
      "s" : "buy",
      "i" : "QNT_USD",
      "m" : "4611686018431705048"
    }, {
      "d" : "1756460878675072834",
      "t" : 1756460878675,
      "tn" : 1756460878675072834,
      "q" : "0.012",
      "p" : "102.241",
      "s" : "buy",
      "i" : "QNT_USD",
      "m" : "4611686018431705047"
    }, {
      "d" : "1756460873654093821",
      "t" : 1756460873654,
      "tn" : 1756460873654093821,
      "q" : "0.012",
      "p" : "102.251",
      "s" : "buy",
      "i" : "QNT_USD",
      "m" : "4611686018431705046"
    }, {
      "d" : "1756460867749806348",
      "t" : 1756460867749,
      "tn" : 1756460867749806348,
      "q" : "0.012",
      "p" : "102.251",
      "s" : "buy",
      "i" : "QNT_USD",
      "m" : "4611686018431705045"
    }, {
      "d" : "1756460861710269956",
      "t" : 1756460861710,
      "tn" : 1756460861710269956,
      "q" : "0.012",
      "p" : "102.211",
      "s" : "buy",
      "i" : "QNT_USD",
      "m" : "4611686018431705044"
    }, {
      "d" : "1756460855643192591",
      "t" : 1756460855643,
      "tn" : 1756460855643192591,
      "q" : "0.012",
      "p" : "102.211",
      "s" : "buy",
      "i" : "QNT_USD",
      "m" : "4611686018431705043"
    }, {
      "d" : "1756460849747217703",
      "t" : 1756460849747,
      "tn" : 1756460849747217703,
      "q" : "0.012",
      "p" : "102.223",
      "s" : "buy",
      "i" : "QNT_USD",
      "m" : "4611686018431705042"
    }, {
      "d" : "1756460843841380981",
      "t" : 1756460843841,
      "tn" : 1756460843841380981,
      "q" : "0.012",
      "p" : "102.221",
      "s" : "buy",
      "i" : "QNT_USD",
      "m" : "4611686018431705041"
    }, {
      "d" : "1756460837772201840",
      "t" : 1756460837772,
      "tn" : 1756460837772201840,
      "q" : "0.012",
      "p" : "102.191",
      "s" : "buy",
      "i" : "QNT_USD",
      "m" : "4611686018431705040"
    }, {
      "d" : "1756460831806174757",
      "t" : 1756460831806,
      "tn" : 1756460831806174757,
      "q" : "0.012",
      "p" : "102.171",
      "s" : "buy",
      "i" : "QNT_USD",
      "m" : "4611686018431705039"
    }, {
      "d" : "1756460825841367150",
      "t" : 1756460825841,
      "tn" : 1756460825841367150,
      "q" : "0.012",
      "p" : "102.171",
      "s" : "buy",
      "i" : "QNT_USD",
      "m" : "4611686018431705038"
    }, {
      "d" : "1756460819822618114",
      "t" : 1756460819822,
      "tn" : 1756460819822618114,
      "q" : "0.012",
      "p" : "102.161",
      "s" : "buy",
      "i" : "QNT_USD",
      "m" : "4611686018431705037"
    }, {
      "d" : "1756460813933661139",
      "t" : 1756460813933,
      "tn" : 1756460813933661139,
      "q" : "0.012",
      "p" : "102.162",
      "s" : "buy",
      "i" : "QNT_USD",
      "m" : "4611686018431705036"
    }, {
      "d" : "1756460807779115466",
      "t" : 1756460807779,
      "tn" : 1756460807779115466,
      "q" : "4.896",
      "p" : "102.181",
      "s" : "sell",
      "i" : "QNT_USD",
      "m" : "4611686018431705035"
    }, {
      "d" : "1756460805828063024",
      "t" : 1756460805828,
      "tn" : 1756460805828063024,
      "q" : "0.012",
      "p" : "102.181",
      "s" : "buy",
      "i" : "QNT_USD",
      "m" : "4611686018431705034"
    }, {
      "d" : "1756460800111857058",
      "t" : 1756460800111,
      "tn" : 1756460800111857058,
      "q" : "0.012",
      "p" : "102.181",
      "s" : "buy",
      "i" : "QNT_USD",
      "m" : "4611686018431705033"
    }, {
      "d" : "1756460793845282546",
      "t" : 1756460793845,
      "tn" : 1756460793845282546,
      "q" : "0.012",
      "p" : "102.181",
      "s" : "buy",
      "i" : "QNT_USD",
      "m" : "4611686018431705032"
    }, {
      "d" : "1756460787760127310",
      "t" : 1756460787760,
      "tn" : 1756460787760127310,
      "q" : "0.012",
      "p" : "102.141",
      "s" : "buy",
      "i" : "QNT_USD",
      "m" : "4611686018431705031"
    }, {
      "d" : "1756460781650579479",
      "t" : 1756460781650,
      "tn" : 1756460781650579479,
      "q" : "0.012",
      "p" : "102.126",
      "s" : "buy",
      "i" : "QNT_USD",
      "m" : "4611686018431705030"
    }, {
      "d" : "1756460775867672908",
      "t" : 1756460775867,
      "tn" : 1756460775867672908,
      "q" : "0.012",
      "p" : "102.116",
      "s" : "buy",
      "i" : "QNT_USD",
      "m" : "4611686018431705029"
    }, {
      "d" : "1756460769687200697",
      "t" : 1756460769687,
      "tn" : 1756460769687200697,
      "q" : "0.012",
      "p" : "102.121",
      "s" : "buy",
      "i" : "QNT_USD",
      "m" : "4611686018431705028"
    }, {
      "d" : "1756460763773265998",
      "t" : 1756460763773,
      "tn" : 1756460763773265998,
      "q" : "0.012",
      "p" : "102.121",
      "s" : "buy",
      "i" : "QNT_USD",
      "m" : "4611686018431705027"
    }, {
      "d" : "1756460757639611014",
      "t" : 1756460757639,
      "tn" : 1756460757639611014,
      "q" : "0.012",
      "p" : "102.101",
      "s" : "buy",
      "i" : "QNT_USD",
      "m" : "4611686018431705026"
    }, {
      "d" : "1756460752877544107",
      "t" : 1756460752877,
      "tn" : 1756460752877544107,
      "q" : "0.930",
      "p" : "102.093",
      "s" : "sell",
      "i" : "QNT_USD",
      "m" : "4611686018431705025"
    }, {
      "d" : "1756460752559866436",
      "t" : 1756460752559,
      "tn" : 1756460752559866436,
      "q" : "0.930",
      "p" : "102.093",
      "s" : "sell",
      "i" : "QNT_USD",
      "m" : "4611686018431705024"
    }, {
      "d" : "1756460751666530754",
      "t" : 1756460751666,
      "tn" : 1756460751666530754,
      "q" : "0.012",
      "p" : "102.091",
      "s" : "buy",
      "i" : "QNT_USD",
      "m" : "4611686018431705023"
    }, {
      "d" : "1756460745712927331",
      "t" : 1756460745712,
      "tn" : 1756460745712927331,
      "q" : "0.012",
      "p" : "102.071",
      "s" : "buy",
      "i" : "QNT_USD",
      "m" : "4611686018431705022"
    }, {
      "d" : "1756460739765720521",
      "t" : 1756460739765,
      "tn" : 1756460739765720521,
      "q" : "0.012",
      "p" : "102.051",
      "s" : "buy",
      "i" : "QNT_USD",
      "m" : "4611686018431705021"
    }, {
      "d" : "1756460733879479748",
      "t" : 1756460733879,
      "tn" : 1756460733879479748,
      "q" : "0.012",
      "p" : "102.026",
      "s" : "buy",
      "i" : "QNT_USD",
      "m" : "4611686018431705020"
    }, {
      "d" : "1756460730603579513",
      "t" : 1756460730603,
      "tn" : 1756460730603579513,
      "q" : "0.012",
      "p" : "102.021",
      "s" : "buy",
      "i" : "QNT_USD",
      "m" : "4611686018431705019"
    }, {
      "d" : "1756460724853293719",
      "t" : 1756460724853,
      "tn" : 1756460724853293719,
      "q" : "0.012",
      "p" : "102.016",
      "s" : "buy",
      "i" : "QNT_USD",
      "m" : "4611686018431705018"
    }, {
      "d" : "1756460718655308366",
      "t" : 1756460718655,
      "tn" : 1756460718655308366,
      "q" : "0.012",
      "p" : "102.016",
      "s" : "buy",
      "i" : "QNT_USD",
      "m" : "4611686018431705017"
    }, {
      "d" : "1756460712782792871",
      "t" : 1756460712782,
      "tn" : 1756460712782792871,
      "q" : "0.012",
      "p" : "102.016",
      "s" : "buy",
      "i" : "QNT_USD",
      "m" : "4611686018431705016"
    }, {
      "d" : "1756460706658186058",
      "t" : 1756460706658,
      "tn" : 1756460706658186058,
      "q" : "0.012",
      "p" : "101.991",
      "s" : "buy",
      "i" : "QNT_USD",
      "m" : "4611686018431705015"
    }, {
      "d" : "1756460700790156580",
      "t" : 1756460700790,
      "tn" : 1756460700790156580,
      "q" : "0.012",
      "p" : "101.991",
      "s" : "buy",
      "i" : "QNT_USD",
      "m" : "4611686018431705014"
    }, {
      "d" : "1756460694689858507",
      "t" : 1756460694689,
      "tn" : 1756460694689858507,
      "q" : "0.012",
      "p" : "101.986",
      "s" : "buy",
      "i" : "QNT_USD",
      "m" : "4611686018431705013"
    }, {
      "d" : "1756460688882127837",
      "t" : 1756460688882,
      "tn" : 1756460688882127837,
      "q" : "0.012",
      "p" : "101.991",
      "s" : "buy",
      "i" : "QNT_USD",
      "m" : "4611686018431705012"
    }, {
      "d" : "1756460682840528581",
      "t" : 1756460682840,
      "tn" : 1756460682840528581,
      "q" : "0.012",
      "p" : "101.981",
      "s" : "buy",
      "i" : "QNT_USD",
      "m" : "4611686018431705011"
    }, {
      "d" : "1756460676718303814",
      "t" : 1756460676718,
      "tn" : 1756460676718303814,
      "q" : "0.012",
      "p" : "101.981",
      "s" : "buy",
      "i" : "QNT_USD",
      "m" : "4611686018431705010"
    }, {
      "d" : "1756460670698272232",
      "t" : 1756460670698,
      "tn" : 1756460670698272232,
      "q" : "0.012",
      "p" : "101.981",
      "s" : "buy",
      "i" : "QNT_USD",
      "m" : "4611686018431705009"
    }, {
      "d" : "1756460664626541428",
      "t" : 1756460664626,
      "tn" : 1756460664626541428,
      "q" : "0.012",
      "p" : "101.981",
      "s" : "buy",
      "i" : "QNT_USD",
      "m" : "4611686018431705008"
    }, {
      "d" : "1756460658707483766",
      "t" : 1756460658707,
      "tn" : 1756460658707483766,
      "q" : "0.012",
      "p" : "101.981",
      "s" : "buy",
      "i" : "QNT_USD",
      "m" : "4611686018431705007"
    }, {
      "d" : "1756460652877212823",
      "t" : 1756460652877,
      "tn" : 1756460652877212823,
      "q" : "0.012",
      "p" : "101.981",
      "s" : "buy",
      "i" : "QNT_USD",
      "m" : "4611686018431705006"
    }, {
      "d" : "1756460646923278380",
      "t" : 1756460646923,
      "tn" : 1756460646923278380,
      "q" : "0.012",
      "p" : "101.981",
      "s" : "buy",
      "i" : "QNT_USD",
      "m" : "4611686018431705005"
    }, {
      "d" : "1756460643756319043",
      "t" : 1756460643756,
      "tn" : 1756460643756319043,
      "q" : "16.000",
      "p" : "102.077",
      "s" : "buy",
      "i" : "QNT_USD",
      "m" : "4611686018431705004"
    }, {
      "d" : "1756460637722160037",
      "t" : 1756460637722,
      "tn" : 1756460637722160037,
      "q" : "0.012",
      "p" : "101.986",
      "s" : "buy",
      "i" : "QNT_USD",
      "m" : "4611686018431705003"
    }, {
      "d" : "1756460631817398290",
      "t" : 1756460631817,
      "tn" : 1756460631817398290,
      "q" : "0.012",
      "p" : "102.021",
      "s" : "buy",
      "i" : "QNT_USD",
      "m" : "4611686018431705002"
    }, {
      "d" : "1756460625732152226",
      "t" : 1756460625732,
      "tn" : 1756460625732152226,
      "q" : "0.012",
      "p" : "102.021",
      "s" : "buy",
      "i" : "QNT_USD",
      "m" : "4611686018431705001"
    }, {
      "d" : "1756460619766582592",
      "t" : 1756460619766,
      "tn" : 1756460619766582592,
      "q" : "0.012",
      "p" : "102.005",
      "s" : "buy",
      "i" : "QNT_USD",
      "m" : "4611686018431705000"
    }, {
      "d" : "1756460613877176452",
      "t" : 1756460613877,
      "tn" : 1756460613877176452,
      "q" : "0.012",
      "p" : "102.003",
      "s" : "buy",
      "i" : "QNT_USD",
      "m" : "4611686018431704999"
    }, {
      "d" : "1756460607885122775",
      "t" : 1756460607885,
      "tn" : 1756460607885122775,
      "q" : "0.012",
      "p" : "102.001",
      "s" : "buy",
      "i" : "QNT_USD",
      "m" : "4611686018431704998"
    }, {
      "d" : "1756460601804714334",
      "t" : 1756460601804,
      "tn" : 1756460601804714334,
      "q" : "0.012",
      "p" : "101.951",
      "s" : "buy",
      "i" : "QNT_USD",
      "m" : "4611686018431704997"
    }, {
      "d" : "1756460595840172896",
      "t" : 1756460595840,
      "tn" : 1756460595840172896,
      "q" : "0.012",
      "p" : "101.951",
      "s" : "buy",
      "i" : "QNT_USD",
      "m" : "4611686018431704996"
    }, {
      "d" : "1756460589813467477",
      "t" : 1756460589813,
      "tn" : 1756460589813467477,
      "q" : "0.012",
      "p" : "101.931",
      "s" : "buy",
      "i" : "QNT_USD",
      "m" : "4611686018431704995"
    }, {
      "d" : "1756460584469838368",
      "t" : 1756460584469,
      "tn" : 1756460584469838368,
      "q" : "0.012",
      "p" : "101.921",
      "s" : "buy",
      "i" : "QNT_USD",
      "m" : "4611686018431704994"
    }, {
      "d" : "1756460578679909987",
      "t" : 1756460578679,
      "tn" : 1756460578679909987,
      "q" : "0.012",
      "p" : "101.926",
      "s" : "buy",
      "i" : "QNT_USD",
      "m" : "4611686018431704993"
    }, {
      "d" : "1756460572657719865",
      "t" : 1756460572657,
      "tn" : 1756460572657719865,
      "q" : "0.012",
      "p" : "101.951",
      "s" : "buy",
      "i" : "QNT_USD",
      "m" : "4611686018431704992"
    }, {
      "d" : "1756460566656376682",
      "t" : 1756460566656,
      "tn" : 1756460566656376682,
      "q" : "0.012",
      "p" : "101.961",
      "s" : "buy",
      "i" : "QNT_USD",
      "m" : "4611686018431704991"
    }, {
      "d" : "1756460560726482994",
      "t" : 1756460560726,
      "tn" : 1756460560726482994,
      "q" : "0.012",
      "p" : "101.981",
      "s" : "buy",
      "i" : "QNT_USD",
      "m" : "4611686018431704990"
    }, {
      "d" : "1756460554684983998",
      "t" : 1756460554684,
      "tn" : 1756460554684983998,
      "q" : "0.012",
      "p" : "101.981",
      "s" : "buy",
      "i" : "QNT_USD",
      "m" : "4611686018431704989"
    }, {
      "d" : "1756460548719632864",
      "t" : 1756460548719,
      "tn" : 1756460548719632864,
      "q" : "0.012",
      "p" : "101.991",
      "s" : "buy",
      "i" : "QNT_USD",
      "m" : "4611686018431704988"
    }, {
      "d" : "1756460542780210370",
      "t" : 1756460542780,
      "tn" : 1756460542780210370,
      "q" : "0.012",
      "p" : "101.991",
      "s" : "buy",
      "i" : "QNT_USD",
      "m" : "4611686018431704987"
    }, {
      "d" : "1756460536629901178",
      "t" : 1756460536629,
      "tn" : 1756460536629901178,
      "q" : "0.012",
      "p" : "101.991",
      "s" : "buy",
      "i" : "QNT_USD",
      "m" : "4611686018431704986"
    }, {
      "d" : "1756460530803637326",
      "t" : 1756460530803,
      "tn" : 1756460530803637326,
      "q" : "0.012",
      "p" : "101.981",
      "s" : "buy",
      "i" : "QNT_USD",
      "m" : "4611686018431704985"
    }, {
      "d" : "1756460524745595350",
      "t" : 1756460524745,
      "tn" : 1756460524745595350,
      "q" : "0.012",
      "p" : "101.981",
      "s" : "buy",
      "i" : "QNT_USD",
      "m" : "4611686018431704984"
    }, {
      "d" : "1756460518721336544",
      "t" : 1756460518721,
      "tn" : 1756460518721336544,
      "q" : "0.012",
      "p" : "101.981",
      "s" : "buy",
      "i" : "QNT_USD",
      "m" : "4611686018431704983"
    }, {
      "d" : "1756460512617160489",
      "t" : 1756460512617,
      "tn" : 1756460512617160489,
      "q" : "0.012",
      "p" : "101.986",
      "s" : "buy",
      "i" : "QNT_USD",
      "m" : "4611686018431704982"
    }, {
      "d" : "1756460506714230993",
      "t" : 1756460506714,
      "tn" : 1756460506714230993,
      "q" : "0.012",
      "p" : "101.986",
      "s" : "buy",
      "i" : "QNT_USD",
      "m" : "4611686018431704981"
    }, {
      "d" : "1756460500697068241",
      "t" : 1756460500697,
      "tn" : 1756460500697068241,
      "q" : "0.012",
      "p" : "101.986",
      "s" : "buy",
      "i" : "QNT_USD",
      "m" : "4611686018431704980"
    }, {
      "d" : "1756460494644800104",
      "t" : 1756460494644,
      "tn" : 1756460494644800104,
      "q" : "0.012",
      "p" : "101.986",
      "s" : "buy",
      "i" : "QNT_USD",
      "m" : "4611686018431704979"
    }, {
      "d" : "1756460488738716371",
      "t" : 1756460488738,
      "tn" : 1756460488738716371,
      "q" : "0.012",
      "p" : "102.001",
      "s" : "buy",
      "i" : "QNT_USD",
      "m" : "4611686018431704978"
    }, {
      "d" : "1756460482780593636",
      "t" : 1756460482780,
      "tn" : 1756460482780593636,
      "q" : "0.012",
      "p" : "102.001",
      "s" : "buy",
      "i" : "QNT_USD",
      "m" : "4611686018431704977"
    }, {
      "d" : "1756460476780663455",
      "t" : 1756460476780,
      "tn" : 1756460476780663455,
      "q" : "0.012",
      "p" : "102.006",
      "s" : "buy",
      "i" : "QNT_USD",
      "m" : "4611686018431704976"
    }, {
      "d" : "1756460470880161882",
      "t" : 1756460470880,
      "tn" : 1756460470880161882,
      "q" : "0.012",
      "p" : "102.006",
      "s" : "buy",
      "i" : "QNT_USD",
      "m" : "4611686018431704975"
    }, {
      "d" : "1756460464659916887",
      "t" : 1756460464659,
      "tn" : 1756460464659916887,
      "q" : "0.012",
      "p" : "101.966",
      "s" : "buy",
      "i" : "QNT_USD",
      "m" : "4611686018431704974"
    }, {
      "d" : "1756460458789073235",
      "t" : 1756460458789,
      "tn" : 1756460458789073235,
      "q" : "0.012",
      "p" : "101.966",
      "s" : "buy",
      "i" : "QNT_USD",
      "m" : "4611686018431704973"
    }, {
      "d" : "1756460452797275518",
      "t" : 1756460452797,
      "tn" : 1756460452797275518,
      "q" : "0.012",
      "p" : "101.941",
      "s" : "buy",
      "i" : "QNT_USD",
      "m" : "4611686018431704972"
    }, {
      "d" : "1756460446761178140",
      "t" : 1756460446761,
      "tn" : 1756460446761178140,
      "q" : "0.012",
      "p" : "101.941",
      "s" : "buy",
      "i" : "QNT_USD",
      "m" : "4611686018431704971"
    }, {
      "d" : "1756460440745547522",
      "t" : 1756460440745,
      "tn" : 1756460440745547522,
      "q" : "0.012",
      "p" : "101.931",
      "s" : "buy",
      "i" : "QNT_USD",
      "m" : "4611686018431704970"
    }, {
      "d" : "1756460434765302714",
      "t" : 1756460434765,
      "tn" : 1756460434765302714,
      "q" : "0.012",
      "p" : "101.931",
      "s" : "buy",
      "i" : "QNT_USD",
      "m" : "4611686018431704969"
    }, {
      "d" : "1756460428637172618",
      "t" : 1756460428637,
      "tn" : 1756460428637172618,
      "q" : "0.012",
      "p" : "101.931",
      "s" : "buy",
      "i" : "QNT_USD",
      "m" : "4611686018431704968"
    }, {
      "d" : "1756460424487204006",
      "t" : 1756460424487,
      "tn" : 1756460424487204006,
      "q" : "0.644",
      "p" : "101.951",
      "s" : "sell",
      "i" : "QNT_USD",
      "m" : "4611686018431704967"
    }, {
      "d" : "1756460422706412653",
      "t" : 1756460422706,
      "tn" : 1756460422706412653,
      "q" : "0.012",
      "p" : "101.951",
      "s" : "buy",
      "i" : "QNT_USD",
      "m" : "4611686018431704966"
    }, {
      "d" : "1756460416638099682",
      "t" : 1756460416638,
      "tn" : 1756460416638099682,
      "q" : "0.012",
      "p" : "101.966",
      "s" : "buy",
      "i" : "QNT_USD",
      "m" : "4611686018431704965"
    }, {
      "d" : "1756460410687975057",
      "t" : 1756460410687,
      "tn" : 1756460410687975057,
      "q" : "0.012",
      "p" : "101.961",
      "s" : "buy",
      "i" : "QNT_USD",
      "m" : "4611686018431704964"
    }, {
      "d" : "1756460404629822694",
      "t" : 1756460404629,
      "tn" : 1756460404629822694,
      "q" : "0.012",
      "p" : "101.966",
      "s" : "buy",
      "i" : "QNT_USD",
      "m" : "4611686018431704963"
    }, {
      "d" : "1756460207028884170",
      "t" : 1756460207028,
      "tn" : 1756460207028884170,
      "q" : "0.012",
      "p" : "101.945",
      "s" : "sell",
      "i" : "QNT_USD",
      "m" : "4611686018431704962"
    }, {
      "d" : "1756460108847347254",
      "t" : 1756460108847,
      "tn" : 1756460108847347254,
      "q" : "0.449",
      "p" : "102.048",
      "s" : "sell",
      "i" : "QNT_USD",
      "m" : "4611686018431704961"
    }, {
      "d" : "1756460108844351113",
      "t" : 1756460108844,
      "tn" : 1756460108844351113,
      "q" : "2.026",
      "p" : "102.048",
      "s" : "buy",
      "i" : "QNT_USD",
      "m" : "4611686018431704960"
    }, {
      "d" : "1756459881762961989",
      "t" : 1756459881762,
      "tn" : 1756459881762961989,
      "q" : "0.012",
      "p" : "102.015",
      "s" : "sell",
      "i" : "QNT_USD",
      "m" : "4611686018431704959"
    }, {
      "d" : "1756459683754075415",
      "t" : 1756459683754,
      "tn" : 1756459683754075415,
      "q" : "0.656",
      "p" : "101.970",
      "s" : "buy",
      "i" : "QNT_USD",
      "m" : "4611686018431704958"
    }, {
      "d" : "1756459682731280303",
      "t" : 1756459682731,
      "tn" : 1756459682731280303,
      "q" : "0.012",
      "p" : "101.970",
      "s" : "sell",
      "i" : "QNT_USD",
      "m" : "4611686018431704957"
    }, {
      "d" : "1756459677632880481",
      "t" : 1756459677632,
      "tn" : 1756459677632880481,
      "q" : "0.012",
      "p" : "101.940",
      "s" : "sell",
      "i" : "QNT_USD",
      "m" : "4611686018431704956"
    }, {
      "d" : "1756459671636618447",
      "t" : 1756459671636,
      "tn" : 1756459671636618447,
      "q" : "0.012",
      "p" : "101.930",
      "s" : "sell",
      "i" : "QNT_USD",
      "m" : "4611686018431704955"
    }, {
      "d" : "1756459665807259424",
      "t" : 1756459665807,
      "tn" : 1756459665807259424,
      "q" : "0.012",
      "p" : "101.930",
      "s" : "sell",
      "i" : "QNT_USD",
      "m" : "4611686018431704954"
    }, {
      "d" : "1756459335539237106",
      "t" : 1756459335539,
      "tn" : 1756459335539237106,
      "q" : "1.086",
      "p" : "102.021",
      "s" : "sell",
      "i" : "QNT_USD",
      "m" : "4611686018431704953"
    }, {
      "d" : "1756459335486526334",
      "t" : 1756459335486,
      "tn" : 1756459335486526334,
      "q" : "2.902",
      "p" : "102.021",
      "s" : "sell",
      "i" : "QNT_USD",
      "m" : "4611686018431704952"
    }, {
      "d" : "1756459334719853702",
      "t" : 1756459334719,
      "tn" : 1756459334719853702,
      "q" : "0.012",
      "p" : "102.021",
      "s" : "buy",
      "i" : "QNT_USD",
      "m" : "4611686018431704951"
    }, {
      "d" : "1756459332380847759",
      "t" : 1756459332380,
      "tn" : 1756459332380847759,
      "q" : "15.988",
      "p" : "102.066",
      "s" : "sell",
      "i" : "QNT_USD",
      "m" : "4611686018431704950"
    }, {
      "d" : "1756459331673153022",
      "t" : 1756459331673,
      "tn" : 1756459331673153022,
      "q" : "0.012",
      "p" : "102.066",
      "s" : "buy",
      "i" : "QNT_USD",
      "m" : "4611686018431704949"
    }, {
      "d" : "1756459262633883534",
      "t" : 1756459262633,
      "tn" : 1756459262633883534,
      "q" : "0.470",
      "p" : "101.968",
      "s" : "buy",
      "i" : "QNT_USD",
      "m" : "4611686018431704948"
    }, {
      "d" : "1756459262625640343",
      "t" : 1756459262625,
      "tn" : 1756459262625640343,
      "q" : "0.482",
      "p" : "101.969",
      "s" : "sell",
      "i" : "QNT_USD",
      "m" : "4611686018431704947"
    }, {
      "d" : "1756459256685166074",
      "t" : 1756459256685,
      "tn" : 1756459256685166074,
      "q" : "0.012",
      "p" : "102.090",
      "s" : "sell",
      "i" : "QNT_USD",
      "m" : "4611686018431704946"
    }, {
      "d" : "1756459250801875803",
      "t" : 1756459250801,
      "tn" : 1756459250801875803,
      "q" : "0.012",
      "p" : "102.090",
      "s" : "sell",
      "i" : "QNT_USD",
      "m" : "4611686018431704945"
    }, {
      "d" : "1756459245134240054",
      "t" : 1756459245134,
      "tn" : 1756459245134240054,
      "q" : "0.012",
      "p" : "102.090",
      "s" : "sell",
      "i" : "QNT_USD",
      "m" : "4611686018431704944"
    }, {
      "d" : "1756459238726592031",
      "t" : 1756459238726,
      "tn" : 1756459238726592031,
      "q" : "0.012",
      "p" : "102.080",
      "s" : "sell",
      "i" : "QNT_USD",
      "m" : "4611686018431704943"
    }, {
      "d" : "1756459212284827583",
      "t" : 1756459212284,
      "tn" : 1756459212284827583,
      "q" : "0.772",
      "p" : "102.101",
      "s" : "sell",
      "i" : "QNT_USD",
      "m" : "4611686018431704942"
    }, {
      "d" : "1756459210667919396",
      "t" : 1756459210667,
      "tn" : 1756459210667919396,
      "q" : "0.012",
      "p" : "102.101",
      "s" : "buy",
      "i" : "QNT_USD",
      "m" : "4611686018431704941"
    }, {
      "d" : "1756459204719495755",
      "t" : 1756459204719,
      "tn" : 1756459204719495755,
      "q" : "0.012",
      "p" : "102.051",
      "s" : "buy",
      "i" : "QNT_USD",
      "m" : "4611686018431704940"
    }, {
      "d" : "1756459198652285090",
      "t" : 1756459198652,
      "tn" : 1756459198652285090,
      "q" : "0.012",
      "p" : "102.001",
      "s" : "buy",
      "i" : "QNT_USD",
      "m" : "4611686018431704939"
    }, {
      "d" : "1756459192631849690",
      "t" : 1756459192631,
      "tn" : 1756459192631849690,
      "q" : "0.012",
      "p" : "102.001",
      "s" : "buy",
      "i" : "QNT_USD",
      "m" : "4611686018431704938"
    }, {
      "d" : "1756459186845296986",
      "t" : 1756459186845,
      "tn" : 1756459186845296986,
      "q" : "0.012",
      "p" : "102.001",
      "s" : "buy",
      "i" : "QNT_USD",
      "m" : "4611686018431704937"
    }, {
      "d" : "1756459177968013354",
      "t" : 1756459177968,
      "tn" : 1756459177968013354,
      "q" : "0.012",
      "p" : "101.961",
      "s" : "buy",
      "i" : "QNT_USD",
      "m" : "4611686018431704936"
    }, {
      "d" : "1756459168737960935",
      "t" : 1756459168737,
      "tn" : 1756459168737960935,
      "q" : "0.012",
      "p" : "101.931",
      "s" : "buy",
      "i" : "QNT_USD",
      "m" : "4611686018431704935"
    }, {
      "d" : "1756459162708335544",
      "t" : 1756459162708,
      "tn" : 1756459162708335544,
      "q" : "0.012",
      "p" : "101.861",
      "s" : "buy",
      "i" : "QNT_USD",
      "m" : "4611686018431704934"
    }, {
      "d" : "1756459156640115053",
      "t" : 1756459156640,
      "tn" : 1756459156640115053,
      "q" : "0.012",
      "p" : "101.841",
      "s" : "buy",
      "i" : "QNT_USD",
      "m" : "4611686018431704933"
    }, {
      "d" : "1756459150783091749",
      "t" : 1756459150783,
      "tn" : 1756459150783091749,
      "q" : "0.012",
      "p" : "101.821",
      "s" : "buy",
      "i" : "QNT_USD",
      "m" : "4611686018431704932"
    }, {
      "d" : "1756459144802258156",
      "t" : 1756459144802,
      "tn" : 1756459144802258156,
      "q" : "0.012",
      "p" : "101.821",
      "s" : "buy",
      "i" : "QNT_USD",
      "m" : "4611686018431704931"
    }, {
      "d" : "1756459138655158564",
      "t" : 1756459138655,
      "tn" : 1756459138655158564,
      "q" : "0.012",
      "p" : "101.806",
      "s" : "buy",
      "i" : "QNT_USD",
      "m" : "4611686018431704930"
    }, {
      "d" : "1756459132729141454",
      "t" : 1756459132729,
      "tn" : 1756459132729141454,
      "q" : "0.012",
      "p" : "101.826",
      "s" : "buy",
      "i" : "QNT_USD",
      "m" : "4611686018431704929"
    }, {
      "d" : "1756459126621783896",
      "t" : 1756459126621,
      "tn" : 1756459126621783896,
      "q" : "0.012",
      "p" : "101.826",
      "s" : "buy",
      "i" : "QNT_USD",
      "m" : "4611686018431704928"
    }, {
      "d" : "1756459120781664404",
      "t" : 1756459120781,
      "tn" : 1756459120781664404,
      "q" : "0.012",
      "p" : "101.826",
      "s" : "buy",
      "i" : "QNT_USD",
      "m" : "4611686018431704927"
    }, {
      "d" : "1756459114783404391",
      "t" : 1756459114783,
      "tn" : 1756459114783404391,
      "q" : "0.012",
      "p" : "101.826",
      "s" : "buy",
      "i" : "QNT_USD",
      "m" : "4611686018431704926"
    }, {
      "d" : "1756459108725365354",
      "t" : 1756459108725,
      "tn" : 1756459108725365354,
      "q" : "0.012",
      "p" : "101.821",
      "s" : "buy",
      "i" : "QNT_USD",
      "m" : "4611686018431704925"
    }, {
      "d" : "1756459102615713146",
      "t" : 1756459102615,
      "tn" : 1756459102615713146,
      "q" : "0.012",
      "p" : "101.821",
      "s" : "buy",
      "i" : "QNT_USD",
      "m" : "4611686018431704924"
    }, {
      "d" : "1756459096761314542",
      "t" : 1756459096761,
      "tn" : 1756459096761314542,
      "q" : "0.012",
      "p" : "101.801",
      "s" : "buy",
      "i" : "QNT_USD",
      "m" : "4611686018431704923"
    }, {
      "d" : "1756458997689794835",
      "t" : 1756458997689,
      "tn" : 1756458997689794835,
      "q" : "0.135",
      "p" : "101.740",
      "s" : "buy",
      "i" : "QNT_USD",
      "m" : "4611686018431704922"
    }, {
      "d" : "1756458996300509547",
      "t" : 1756458996300,
      "tn" : 1756458996300509547,
      "q" : "0.012",
      "p" : "101.740",
      "s" : "sell",
      "i" : "QNT_USD",
      "m" : "4611686018431704921"
    }, {
      "d" : "1756458989761980047",
      "t" : 1756458989761,
      "tn" : 1756458989761980047,
      "q" : "0.012",
      "p" : "101.720",
      "s" : "sell",
      "i" : "QNT_USD",
      "m" : "4611686018431704920"
    }, {
      "d" : "1756458984303146957",
      "t" : 1756458984303,
      "tn" : 1756458984303146957,
      "q" : "0.012",
      "p" : "101.715",
      "s" : "sell",
      "i" : "QNT_USD",
      "m" : "4611686018431704919"
    }, {
      "d" : "1756458621527164386",
      "t" : 1756458621527,
      "tn" : 1756458621527164386,
      "q" : "0.012",
      "p" : "101.650",
      "s" : "sell",
      "i" : "QNT_USD",
      "m" : "4611686018431704918"
    }, {
      "d" : "1756458315508084413",
      "t" : 1756458315508,
      "tn" : 1756458315508084413,
      "q" : "0.455",
      "p" : "101.725",
      "s" : "buy",
      "i" : "QNT_USD",
      "m" : "4611686018431704917"
    }, {
      "d" : "1756458315171671719",
      "t" : 1756458315171,
      "tn" : 1756458315171671719,
      "q" : "0.012",
      "p" : "101.725",
      "s" : "sell",
      "i" : "QNT_USD",
      "m" : "4611686018431704916"
    }, {
      "d" : "1756458309209411686",
      "t" : 1756458309209,
      "tn" : 1756458309209411686,
      "q" : "0.012",
      "p" : "101.760",
      "s" : "sell",
      "i" : "QNT_USD",
      "m" : "4611686018431704915"
    }, {
      "d" : "1756458302698002746",
      "t" : 1756458302698,
      "tn" : 1756458302698002746,
      "q" : "0.524",
      "p" : "101.740",
      "s" : "buy",
      "i" : "QNT_USD",
      "m" : "4611686018431704914"
    }, {
      "d" : "1756458302690619548",
      "t" : 1756458302690,
      "tn" : 1756458302690619548,
      "q" : "0.012",
      "p" : "101.740",
      "s" : "sell",
      "i" : "QNT_USD",
      "m" : "4611686018431704913"
    }, {
      "d" : "1756458296611748821",
      "t" : 1756458296611,
      "tn" : 1756458296611748821,
      "q" : "0.012",
      "p" : "101.730",
      "s" : "sell",
      "i" : "QNT_USD",
      "m" : "4611686018431704912"
    }, {
      "d" : "1756458291144183509",
      "t" : 1756458291144,
      "tn" : 1756458291144183509,
      "q" : "0.012",
      "p" : "101.730",
      "s" : "sell",
      "i" : "QNT_USD",
      "m" : "4611686018431704911"
    }, {
      "d" : "1756458211142075271",
      "t" : 1756458211142,
      "tn" : 1756458211142075271,
      "q" : "0.036",
      "p" : "101.915",
      "s" : "buy",
      "i" : "QNT_USD",
      "m" : "4611686018431704910"
    }, {
      "d" : "1756458211142073000",
      "t" : 1756458211142,
      "tn" : 1756458211142073000,
      "q" : "0.012",
      "p" : "101.721",
      "s" : "buy",
      "i" : "QNT_USD",
      "m" : "4611686018431704909"
    }, {
      "d" : "1756458177899120195",
      "t" : 1756458177899,
      "tn" : 1756458177899120195,
      "q" : "2.460",
      "p" : "101.599",
      "s" : "sell",
      "i" : "QNT_USD",
      "m" : "4611686018431704908"
    }, {
      "d" : "1756458135866628587",
      "t" : 1756458135866,
      "tn" : 1756458135866628587,
      "q" : "0.012",
      "p" : "101.930",
      "s" : "sell",
      "i" : "QNT_USD",
      "m" : "4611686018431704907"
    }, {
      "d" : "1756458135866626621",
      "t" : 1756458135866,
      "tn" : 1756458135866626621,
      "q" : "4.641",
      "p" : "101.941",
      "s" : "sell",
      "i" : "QNT_USD",
      "m" : "4611686018431704906"
    }, {
      "d" : "1756458135159241043",
      "t" : 1756458135159,
      "tn" : 1756458135159241043,
      "q" : "0.012",
      "p" : "101.941",
      "s" : "buy",
      "i" : "QNT_USD",
      "m" : "4611686018431704905"
    } ]
  }
}