{
  "id" : -1,
  "method" : "public/get-trades",
  "code" : 0,
  "result" : {
    "data" : [ {
      "d" : "1756461940690440746",
      "t" : 1756461940690,
      "tn" : 1756461940690440746,
      "q" : "0.012",
      "p" : "102.276",
      "s" : "buy",
      "i" : "QNT_USDT",
      "m" : "4611686018431259951"
    }, {
      "d" : "1756461474060812300",
      "t" : 1756461474060,
      "tn" : 1756461474060812300,
      "q" : "0.012",
      "p" : "102.351",
      "s" : "buy",
      "i" : "QNT_USDT",
      "m" : "4611686018431259950"
    }, {
      "d" : "1756461226847795585",
      "t" : 1756461226847,
      "tn" : 1756461226847795585,
      "q" : "0.012",
      "p" : "102.186",
      "s" : "buy",
      "i" : "QNT_USDT",
      "m" : "4611686018431259949"
    }, {
      "d" : "1756460903595757609",
      "t" : 1756460903595,
      "tn" : 1756460903595757609,
      "q" : "0.012",
      "p" : "102.306",
      "s" : "buy",
      "i" : "QNT_USDT",
      "m" : "4611686018431259948"
    }, {
      "d" : "1756460586531590579",
      "t" : 1756460586531,
      "tn" : 1756460586531590579,
      "q" : "0.012",
      "p" : "101.906",
      "s" : "buy",
      "i" : "QNT_USDT",
      "m" : "4611686018431259947"
    }, {
      "d" : "1756460580425145541",
      "t" : 1756460580425,
      "tn" : 1756460580425145541,
      "q" : "0.012",
      "p" : "101.909",
      "s" : "sell",
      "i" : "QNT_USDT",
      "m" : "4611686018431259946"
    }, {
      "d" : "1756460466532232898",
      "t" : 1756460466532,
      "tn" : 1756460466532232898,
      "q" : "0.012",
      "p" : "101.941",
      "s" : "buy",
      "i" : "QNT_USDT",
      "m" : "4611686018431259945"
    }, {
      "d" : "1756460455527686074",
      "t" : 1756460455527,
      "tn" : 1756460455527686074,
      "q" : "0.012",
      "p" : "101.931",
      "s" : "buy",
      "i" : "QNT_USDT",
      "m" : "4611686018431259944"
    }, {
      "d" : "1756460167198730716",
      "t" : 1756460167198,
      "tn" : 1756460167198730716,
      "q" : "0.012",
      "p" : "101.919",
      "s" : "sell",
      "i" : "QNT_USDT",
      "m" : "4611686018431259943"
    }, {
      "d" : "1756459982526841137",
      "t" : 1756459982526,
      "tn" : 1756459982526841137,
      "q" : "0.012",
      "p" : "102.006",
      "s" : "buy",
      "i" : "QNT_USDT",
      "m" : "4611686018431259942"
    }, {
      "d" : "1756459876493840322",
      "t" : 1756459876493,
      "tn" : 1756459876493840322,
      "q" : "0.012",
      "p" : "102.024",
      "s" : "sell",
      "i" : "QNT_USDT",
      "m" : "4611686018431259941"
    }, {
      "d" : "1756459206532362041",
      "t" : 1756459206532,
      "tn" : 1756459206532362041,
      "q" : "0.012",
      "p" : "102.036",
      "s" : "buy",
      "i" : "QNT_USDT",
      "m" : "4611686018431259940"
    }, {
      "d" : "1756458589534927097",
      "t" : 1756458589534,
      "tn" : 1756458589534927097,
      "q" : "0.012",
      "p" : "101.654",
      "s" : "sell",
      "i" : "QNT_USDT",
      "m" : "4611686018431259939"
    }, {
      "d" : "1756458547493982118",
      "t" : 1756458547493,
      "tn" : 1756458547493982118,
      "q" : "0.012",
      "p" : "101.696",
      "s" : "buy",
      "i" : "QNT_USDT",
      "m" : "4611686018431259938"
    }, {
      "d" : "1756458155576470687",
      "t" : 1756458155576,
      "tn" : 1756458155576470687,
      "q" : "0.012",
      "p" : "101.686",
      "s" : "buy",
      "i" : "QNT_USDT",
      "m" : "4611686018431259937"
    }, {
      "d" : "1756458012393246086",
      "t" : 1756458012393,
      "tn" : 1756458012393246086,
      "q" : "0.024",
      "p" : "102.002",
      "s" : "sell",
      "i" : "QNT_USDT",
      "m" : "4611686018431259936"
    }, {
      "d" : "1756457842296946171",
      "t" : 1756457842296,
      "tn" : 1756457842296946171,
      "q" : "0.012",
      "p" : "102.056",
      "s" : "buy",
      "i" : "QNT_USDT",
      "m" : "4611686018431259935"
    }, {
      "d" : "1756457746539729814",
      "t" : 1756457746539,
      "tn" : 1756457746539729814,
      "q" : "0.012",
      "p" : "102.166",
      "s" : "buy",
      "i" : "QNT_USDT",
      "m" : "4611686018431259934"
    }, {
      "d" : "1756457688857648025",
      "t" : 1756457688857,
      "tn" : 1756457688857648025,
      "q" : "0.048",
      "p" : "102.195",
      "s" : "sell",
      "i" : "QNT_USDT",
      "m" : "4611686018431259933"
    }, {
      "d" : "1756456758916972618",
      "t" : 1756456758916,
      "tn" : 1756456758916972618,
      "q" : "0.012",
      "p" : "102.706",
      "s" : "buy",
      "i" : "QNT_USDT",
      "m" : "4611686018431259932"
    }, {
      "d" : "1756456589125134326",
      "t" : 1756456589125,
      "tn" : 1756456589125134326,
      "q" : "0.012",
      "p" : "102.736",
      "s" : "buy",
      "i" : "QNT_USDT",
      "m" : "4611686018431259931"
    }, {
      "d" : "1756456372532385162",
      "t" : 1756456372532,
      "tn" : 1756456372532385162,
      "q" : "0.012",
      "p" : "102.804",
      "s" : "sell",
      "i" : "QNT_USDT",
      "m" : "4611686018431259930"
    }, {
      "d" : "1756456020535099864",
      "t" : 1756456020535,
      "tn" : 1756456020535099864,
      "q" : "0.012",
      "p" : "102.814",
      "s" : "sell",
      "i" : "QNT_USDT",
      "m" : "4611686018431259929"
    }, {
      "d" : "1756456007583950321",
      "t" : 1756456007583,
      "tn" : 1756456007583950321,
      "q" : "0.012",
      "p" : "102.846",
      "s" : "buy",
      "i" : "QNT_USDT",
      "m" : "4611686018431259928"
    }, {
      "d" : "1756455908082632589",
      "t" : 1756455908082,
      "tn" : 1756455908082632589,
      "q" : "0.012",
      "p" : "102.626",
      "s" : "buy",
      "i" : "QNT_USDT",
      "m" : "4611686018431259927"
    }, {
      "d" : "1756455734531944101",
      "t" : 1756455734531,
      "tn" : 1756455734531944101,
      "q" : "0.012",
      "p" : "102.596",
      "s" : "buy",
      "i" : "QNT_USDT",
      "m" : "4611686018431259926"
    }, {
      "d" : "1756455079526461785",
      "t" : 1756455079526,
      "tn" : 1756455079526461785,
      "q" : "0.012",
      "p" : "102.696",
      "s" : "buy",
      "i" : "QNT_USDT",
      "m" : "4611686018431259925"
    }, {
      "d" : "1756455052418681169",
      "t" : 1756455052418,
      "tn" : 1756455052418681169,
      "q" : "0.036",
      "p" : "102.657",
      "s" : "sell",
      "i" : "QNT_USDT",
      "m" : "4611686018431259924"
    }, {
      "d" : "1756455031170294083",
      "t" : 1756455031170,
      "tn" : 1756455031170294083,
      "q" : "0.012",
      "p" : "102.694",
      "s" : "sell",
      "i" : "QNT_USDT",
      "m" : "4611686018431259923"
    }, {
      "d" : "1756455007529073576",
      "t" : 1756455007529,
      "tn" : 1756455007529073576,
      "q" : "0.012",
      "p" : "102.754",
      "s" : "sell",
      "i" : "QNT_USDT",
      "m" : "4611686018431259922"
    }, {
      "d" : "1756454973286520280",
      "t" : 1756454973286,
      "tn" : 1756454973286520280,
      "q" : "0.012",
      "p" : "102.769",
      "s" : "sell",
      "i" : "QNT_USDT",
      "m" : "4611686018431259921"
    }, {
      "d" : "1756454530156475191",
      "t" : 1756454530156,
      "tn" : 1756454530156475191,
      "q" : "0.012",
      "p" : "103.136",
      "s" : "buy",
      "i" : "QNT_USDT",
      "m" : "4611686018431259920"
    }, {
      "d" : "1756454484493962020",
      "t" : 1756454484493,
      "tn" : 1756454484493962020,
      "q" : "0.012",
      "p" : "102.991",
      "s" : "buy",
      "i" : "QNT_USDT",
      "m" : "4611686018431259919"
    }, {
      "d" : "1756454455255719766",
      "t" : 1756454455255,
      "tn" : 1756454455255719766,
      "q" : "0.012",
      "p" : "103.031",
      "s" : "buy",
      "i" : "QNT_USDT",
      "m" : "4611686018431259918"
    }, {
      "d" : "1756454445531107924",
      "t" : 1756454445531,
      "tn" : 1756454445531107924,
      "q" : "0.012",
      "p" : "102.996",
      "s" : "buy",
      "i" : "QNT_USDT",
      "m" : "4611686018431259917"
    }, {
      "d" : "1756454347499913452",
      "t" : 1756454347499,
      "tn" : 1756454347499913452,
      "q" : "0.012",
      "p" : "102.746",
      "s" : "buy",
      "i" : "QNT_USDT",
      "m" : "4611686018431259916"
    }, {
      "d" : "1756452955693320544",
      "t" : 1756452955693,
      "tn" : 1756452955693320544,
      "q" : "0.012",
      "p" : "103.104",
      "s" : "sell",
      "i" : "QNT_USDT",
      "m" : "4611686018431259915"
    }, {
      "d" : "1756452805529076708",
      "t" : 1756452805529,
      "tn" : 1756452805529076708,
      "q" : "0.012",
      "p" : "103.174",
      "s" : "sell",
      "i" : "QNT_USDT",
      "m" : "4611686018431259914"
    }, {
      "d" : "1756452716952730275",
      "t" : 1756452716952,
      "tn" : 1756452716952730275,
      "q" : "0.012",
      "p" : "103.106",
      "s" : "buy",
      "i" : "QNT_USDT",
      "m" : "4611686018431259913"
    }, {
      "d" : "1756452681760407038",
      "t" : 1756452681760,
      "tn" : 1756452681760407038,
      "q" : "0.012",
      "p" : "102.981",
      "s" : "buy",
      "i" : "QNT_USDT",
      "m" : "4611686018431259912"
    }, {
      "d" : "1756452529754795036",
      "t" : 1756452529754,
      "tn" : 1756452529754795036,
      "q" : "0.012",
      "p" : "102.904",
      "s" : "sell",
      "i" : "QNT_USDT",
      "m" : "4611686018431259911"
    }, {
      "d" : "1756452455572249432",
      "t" : 1756452455572,
      "tn" : 1756452455572249432,
      "q" : "0.012",
      "p" : "102.776",
      "s" : "buy",
      "i" : "QNT_USDT",
      "m" : "4611686018431259910"
    }, {
      "d" : "1756452422497717957",
      "t" : 1756452422497,
      "tn" : 1756452422497717957,
      "q" : "0.012",
      "p" : "102.616",
      "s" : "buy",
      "i" : "QNT_USDT",
      "m" : "4611686018431259909"
    }, {
      "d" : "1756452220083553358",
      "t" : 1756452220083,
      "tn" : 1756452220083553358,
      "q" : "0.024",
      "p" : "102.801",
      "s" : "sell",
      "i" : "QNT_USDT",
      "m" : "4611686018431259908"
    }, {
      "d" : "1756452143862305739",
      "t" : 1756452143862,
      "tn" : 1756452143862305739,
      "q" : "0.012",
      "p" : "102.826",
      "s" : "buy",
      "i" : "QNT_USDT",
      "m" : "4611686018431259907"
    }, {
      "d" : "1756451678005435685",
      "t" : 1756451678005,
      "tn" : 1756451678005435685,
      "q" : "0.012",
      "p" : "102.896",
      "s" : "buy",
      "i" : "QNT_USDT",
      "m" : "4611686018431259906"
    }, {
      "d" : "1756451659858002264",
      "t" : 1756451659858,
      "tn" : 1756451659858002264,
      "q" : "0.048",
      "p" : "102.953",
      "s" : "sell",
      "i" : "QNT_USDT",
      "m" : "4611686018431259905"
    }, {
      "d" : "1756451625616376178",
      "t" : 1756451625616,
      "tn" : 1756451625616376178,
      "q" : "0.012",
      "p" : "102.926",
      "s" : "buy",
      "i" : "QNT_USDT",
      "m" : "4611686018431259904"
    }, {
      "d" : "1756451610550589887",
      "t" : 1756451610550,
      "tn" : 1756451610550589887,
      "q" : "0.012",
      "p" : "103.024",
      "s" : "sell",
      "i" : "QNT_USDT",
      "m" : "4611686018431259903"
    }, {
      "d" : "1756451418280918826",
      "t" : 1756451418280,
      "tn" : 1756451418280918826,
      "q" : "0.012",
      "p" : "103.296",
      "s" : "buy",
      "i" : "QNT_USDT",
      "m" : "4611686018431259902"
    }, {
      "d" : "1756451394583444831",
      "t" : 1756451394583,
      "tn" : 1756451394583444831,
      "q" : "0.012",
      "p" : "103.229",
      "s" : "sell",
      "i" : "QNT_USDT",
      "m" : "4611686018431259901"
    }, {
      "d" : "1756451336820407482",
      "t" : 1756451336820,
      "tn" : 1756451336820407482,
      "q" : "0.012",
      "p" : "103.156",
      "s" : "buy",
      "i" : "QNT_USDT",
      "m" : "4611686018431259900"
    }, {
      "d" : "1756451264683787966",
      "t" : 1756451264683,
      "tn" : 1756451264683787966,
      "q" : "0.012",
      "p" : "103.116",
      "s" : "buy",
      "i" : "QNT_USDT",
      "m" : "4611686018431259899"
    }, {
      "d" : "1756451263150103703",
      "t" : 1756451263150,
      "tn" : 1756451263150103703,
      "q" : "0.154",
      "p" : "103.250",
      "s" : "sell",
      "i" : "QNT_USDT",
      "m" : "4611686018431259898"
    }, {
      "d" : "1756451263150101030",
      "t" : 1756451263150,
      "tn" : 1756451263150101030,
      "q" : "0.012",
      "p" : "103.284",
      "s" : "sell",
      "i" : "QNT_USDT",
      "m" : "4611686018431259897"
    }, {
      "d" : "1756451137811529891",
      "t" : 1756451137811,
      "tn" : 1756451137811529891,
      "q" : "0.012",
      "p" : "103.594",
      "s" : "sell",
      "i" : "QNT_USDT",
      "m" : "4611686018431259896"
    }, {
      "d" : "1756451020498863420",
      "t" : 1756451020498,
      "tn" : 1756451020498863420,
      "q" : "0.012",
      "p" : "103.346",
      "s" : "buy",
      "i" : "QNT_USDT",
      "m" : "4611686018431259895"
    }, {
      "d" : "1756451013807529085",
      "t" : 1756451013807,
      "tn" : 1756451013807529085,
      "q" : "0.012",
      "p" : "103.316",
      "s" : "buy",
      "i" : "QNT_USDT",
      "m" : "4611686018431259894"
    }, {
      "d" : "1756450874392157888",
      "t" : 1756450874392,
      "tn" : 1756450874392157888,
      "q" : "0.012",
      "p" : "103.621",
      "s" : "buy",
      "i" : "QNT_USDT",
      "m" : "4611686018431259893"
    }, {
      "d" : "1756450527516344514",
      "t" : 1756450527516,
      "tn" : 1756450527516344514,
      "q" : "0.084",
      "p" : "103.630",
      "s" : "sell",
      "i" : "QNT_USDT",
      "m" : "4611686018431259892"
    }, {
      "d" : "1756450417562780646",
      "t" : 1756450417562,
      "tn" : 1756450417562780646,
      "q" : "0.012",
      "p" : "103.574",
      "s" : "sell",
      "i" : "QNT_USDT",
      "m" : "4611686018431259891"
    }, {
      "d" : "1756450313523672027",
      "t" : 1756450313523,
      "tn" : 1756450313523672027,
      "q" : "0.012",
      "p" : "103.666",
      "s" : "buy",
      "i" : "QNT_USDT",
      "m" : "4611686018431259890"
    }, {
      "d" : "1756450305407148844",
      "t" : 1756450305407,
      "tn" : 1756450305407148844,
      "q" : "0.012",
      "p" : "103.656",
      "s" : "buy",
      "i" : "QNT_USDT",
      "m" : "4611686018431259889"
    }, {
      "d" : "1756449819368680539",
      "t" : 1756449819368,
      "tn" : 1756449819368680539,
      "q" : "0.012",
      "p" : "103.596",
      "s" : "buy",
      "i" : "QNT_USDT",
      "m" : "4611686018431259888"
    }, {
      "d" : "1756449579821171236",
      "t" : 1756449579821,
      "tn" : 1756449579821171236,
      "q" : "0.012",
      "p" : "103.676",
      "s" : "buy",
      "i" : "QNT_USDT",
      "m" : "4611686018431259887"
    }, {
      "d" : "1756449475104938666",
      "t" : 1756449475104,
      "tn" : 1756449475104938666,
      "q" : "0.012",
      "p" : "103.696",
      "s" : "buy",
      "i" : "QNT_USDT",
      "m" : "4611686018431259886"
    }, {
      "d" : "1756449442529909453",
      "t" : 1756449442529,
      "tn" : 1756449442529909453,
      "q" : "0.012",
      "p" : "103.656",
      "s" : "buy",
      "i" : "QNT_USDT",
      "m" : "4611686018431259885"
    }, {
      "d" : "1756448155622137906",
      "t" : 1756448155622,
      "tn" : 1756448155622137906,
      "q" : "0.112",
      "p" : "103.664",
      "s" : "sell",
      "i" : "QNT_USDT",
      "m" : "4611686018431259884"
    }, {
      "d" : "1756448155622136332",
      "t" : 1756448155622,
      "tn" : 1756448155622136332,
      "q" : "0.012",
      "p" : "103.714",
      "s" : "sell",
      "i" : "QNT_USDT",
      "m" : "4611686018431259883"
    }, {
      "d" : "1756448150525314211",
      "t" : 1756448150525,
      "tn" : 1756448150525314211,
      "q" : "0.012",
      "p" : "103.749",
      "s" : "sell",
      "i" : "QNT_USDT",
      "m" : "4611686018431259882"
    }, {
      "d" : "1756447749982408359",
      "t" : 1756447749982,
      "tn" : 1756447749982408359,
      "q" : "0.012",
      "p" : "104.004",
      "s" : "sell",
      "i" : "QNT_USDT",
      "m" : "4611686018431259881"
    }, {
      "d" : "1756447499384862890",
      "t" : 1756447499384,
      "tn" : 1756447499384862890,
      "q" : "0.012",
      "p" : "104.116",
      "s" : "buy",
      "i" : "QNT_USDT",
      "m" : "4611686018431259880"
    }, {
      "d" : "1756446738082749372",
      "t" : 1756446738082,
      "tn" : 1756446738082749372,
      "q" : "0.012",
      "p" : "104.104",
      "s" : "sell",
      "i" : "QNT_USDT",
      "m" : "4611686018431259879"
    }, {
      "d" : "1756444516383010638",
      "t" : 1756444516383,
      "tn" : 1756444516383010638,
      "q" : "0.012",
      "p" : "104.134",
      "s" : "sell",
      "i" : "QNT_USDT",
      "m" : "4611686018431259878"
    }, {
      "d" : "1756444468828822620",
      "t" : 1756444468828,
      "tn" : 1756444468828822620,
      "q" : "0.012",
      "p" : "104.254",
      "s" : "sell",
      "i" : "QNT_USDT",
      "m" : "4611686018431259877"
    }, {
      "d" : "1756444461441751349",
      "t" : 1756444461441,
      "tn" : 1756444461441751349,
      "q" : "0.012",
      "p" : "104.284",
      "s" : "sell",
      "i" : "QNT_USDT",
      "m" : "4611686018431259876"
    }, {
      "d" : "1756444453572514140",
      "t" : 1756444453572,
      "tn" : 1756444453572514140,
      "q" : "0.012",
      "p" : "104.416",
      "s" : "buy",
      "i" : "QNT_USDT",
      "m" : "4611686018431259875"
    }, {
      "d" : "1756443957494730847",
      "t" : 1756443957494,
      "tn" : 1756443957494730847,
      "q" : "0.012",
      "p" : "104.346",
      "s" : "buy",
      "i" : "QNT_USDT",
      "m" : "4611686018431259874"
    }, {
      "d" : "1756443814453304971",
      "t" : 1756443814453,
      "tn" : 1756443814453304971,
      "q" : "0.012",
      "p" : "104.434",
      "s" : "sell",
      "i" : "QNT_USDT",
      "m" : "4611686018431259873"
    }, {
      "d" : "1756443781531638655",
      "t" : 1756443781531,
      "tn" : 1756443781531638655,
      "q" : "0.012",
      "p" : "104.436",
      "s" : "buy",
      "i" : "QNT_USDT",
      "m" : "4611686018431259872"
    }, {
      "d" : "1756443486052261664",
      "t" : 1756443486052,
      "tn" : 1756443486052261664,
      "q" : "0.012",
      "p" : "104.306",
      "s" : "buy",
      "i" : "QNT_USDT",
      "m" : "4611686018431259871"
    }, {
      "d" : "1756443202995935434",
      "t" : 1756443202995,
      "tn" : 1756443202995935434,
      "q" : "0.036",
      "p" : "104.391",
      "s" : "sell",
      "i" : "QNT_USDT",
      "m" : "4611686018431259870"
    }, {
      "d" : "1756442345530973259",
      "t" : 1756442345530,
      "tn" : 1756442345530973259,
      "q" : "0.012",
      "p" : "104.626",
      "s" : "buy",
      "i" : "QNT_USDT",
      "m" : "4611686018431259869"
    }, {
      "d" : "1756441226529819475",
      "t" : 1756441226529,
      "tn" : 1756441226529819475,
      "q" : "0.012",
      "p" : "104.626",
      "s" : "buy",
      "i" : "QNT_USDT",
      "m" : "4611686018431259868"
    }, {
      "d" : "1756440856528933807",
      "t" : 1756440856528,
      "tn" : 1756440856528933807,
      "q" : "0.012",
      "p" : "104.536",
      "s" : "buy",
      "i" : "QNT_USDT",
      "m" : "4611686018431259867"
    }, {
      "d" : "1756440727865717670",
      "t" : 1756440727865,
      "tn" : 1756440727865717670,
      "q" : "0.036",
      "p" : "104.463",
      "s" : "sell",
      "i" : "QNT_USDT",
      "m" : "4611686018431259866"
    }, {
      "d" : "1756440723528415250",
      "t" : 1756440723528,
      "tn" : 1756440723528415250,
      "q" : "0.012",
      "p" : "104.504",
      "s" : "sell",
      "i" : "QNT_USDT",
      "m" : "4611686018431259865"
    }, {
      "d" : "1756440263922618071",
      "t" : 1756440263922,
      "tn" : 1756440263922618071,
      "q" : "0.012",
      "p" : "104.589",
      "s" : "sell",
      "i" : "QNT_USDT",
      "m" : "4611686018431259864"
    }, {
      "d" : "1756439747142165527",
      "t" : 1756439747142,
      "tn" : 1756439747142165527,
      "q" : "0.072",
      "p" : "104.649",
      "s" : "sell",
      "i" : "QNT_USDT",
      "m" : "4611686018431259863"
    }, {
      "d" : "1756439747142163838",
      "t" : 1756439747142,
      "tn" : 1756439747142163838,
      "q" : "0.012",
      "p" : "104.709",
      "s" : "sell",
      "i" : "QNT_USDT",
      "m" : "4611686018431259862"
    }, {
      "d" : "1756439431749787869",
      "t" : 1756439431749,
      "tn" : 1756439431749787869,
      "q" : "0.012",
      "p" : "104.691",
      "s" : "buy",
      "i" : "QNT_USDT",
      "m" : "4611686018431259861"
    }, {
      "d" : "1756438824907788717",
      "t" : 1756438824907,
      "tn" : 1756438824907788717,
      "q" : "0.012",
      "p" : "104.631",
      "s" : "buy",
      "i" : "QNT_USDT",
      "m" : "4611686018431259860"
    }, {
      "d" : "1756438680413054760",
      "t" : 1756438680413,
      "tn" : 1756438680413054760,
      "q" : "0.012",
      "p" : "104.676",
      "s" : "buy",
      "i" : "QNT_USDT",
      "m" : "4611686018431259859"
    }, {
      "d" : "1756438216856411368",
      "t" : 1756438216856,
      "tn" : 1756438216856411368,
      "q" : "0.012",
      "p" : "104.624",
      "s" : "sell",
      "i" : "QNT_USDT",
      "m" : "4611686018431259858"
    }, {
      "d" : "1756437600210845814",
      "t" : 1756437600210,
      "tn" : 1756437600210845814,
      "q" : "0.012",
      "p" : "104.416",
      "s" : "buy",
      "i" : "QNT_USDT",
      "m" : "4611686018431259857"
    }, {
      "d" : "1756436781661959444",
      "t" : 1756436781661,
      "tn" : 1756436781661959444,
      "q" : "0.012",
      "p" : "104.164",
      "s" : "sell",
      "i" : "QNT_USDT",
      "m" : "4611686018431259856"
    }, {
      "d" : "1756436590532888515",
      "t" : 1756436590532,
      "tn" : 1756436590532888515,
      "q" : "0.012",
      "p" : "104.424",
      "s" : "sell",
      "i" : "QNT_USDT",
      "m" : "4611686018431259855"
    }, {
      "d" : "1756436552643673052",
      "t" : 1756436552643,
      "tn" : 1756436552643673052,
      "q" : "0.012",
      "p" : "104.426",
      "s" : "buy",
      "i" : "QNT_USDT",
      "m" : "4611686018431259854"
    }, {
      "d" : "1756435745526769840",
      "t" : 1756435745526,
      "tn" : 1756435745526769840,
      "q" : "0.012",
      "p" : "104.319",
      "s" : "sell",
      "i" : "QNT_USDT",
      "m" : "4611686018431259853"
    }, {
      "d" : "1756434973030877935",
      "t" : 1756434973030,
      "tn" : 1756434973030877935,
      "q" : "0.012",
      "p" : "104.311",
      "s" : "buy",
      "i" : "QNT_USDT",
      "m" : "4611686018431259852"
    }, {
      "d" : "1756434699762224039",
      "t" : 1756434699762,
      "tn" : 1756434699762224039,
      "q" : "0.012",
      "p" : "104.384",
      "s" : "sell",
      "i" : "QNT_USDT",
      "m" : "4611686018431259851"
    }, {
      "d" : "1756434542683986245",
      "t" : 1756434542683,
      "tn" : 1756434542683986245,
      "q" : "0.012",
      "p" : "104.504",
      "s" : "sell",
      "i" : "QNT_USDT",
      "m" : "4611686018431259850"
    }, {
      "d" : "1756434253421468205",
      "t" : 1756434253421,
      "tn" : 1756434253421468205,
      "q" : "0.012",
      "p" : "104.566",
      "s" : "buy",
      "i" : "QNT_USDT",
      "m" : "4611686018431259849"
    }, {
      "d" : "1756433605183127089",
      "t" : 1756433605183,
      "tn" : 1756433605183127089,
      "q" : "0.070",
      "p" : "104.159",
      "s" : "sell",
      "i" : "QNT_USDT",
      "m" : "4611686018431259848"
    }, {
      "d" : "1756433605183125502",
      "t" : 1756433605183,
      "tn" : 1756433605183125502,
      "q" : "0.012",
      "p" : "104.204",
      "s" : "sell",
      "i" : "QNT_USDT",
      "m" : "4611686018431259847"
    }, {
      "d" : "1756433353884051240",
      "t" : 1756433353884,
      "tn" : 1756433353884051240,
      "q" : "0.012",
      "p" : "104.154",
      "s" : "sell",
      "i" : "QNT_USDT",
      "m" : "4611686018431259846"
    }, {
      "d" : "1756432100531019613",
      "t" : 1756432100531,
      "tn" : 1756432100531019613,
      "q" : "0.012",
      "p" : "103.956",
      "s" : "buy",
      "i" : "QNT_USDT",
      "m" : "4611686018431259845"
    }, {
      "d" : "1756432083422621163",
      "t" : 1756432083422,
      "tn" : 1756432083422621163,
      "q" : "0.012",
      "p" : "103.964",
      "s" : "sell",
      "i" : "QNT_USDT",
      "m" : "4611686018431259844"
    }, {
      "d" : "1756431520531487922",
      "t" : 1756431520531,
      "tn" : 1756431520531487922,
      "q" : "0.012",
      "p" : "104.044",
      "s" : "sell",
      "i" : "QNT_USDT",
      "m" : "4611686018431259843"
    }, {
      "d" : "1756431494207488309",
      "t" : 1756431494207,
      "tn" : 1756431494207488309,
      "q" : "0.012",
      "p" : "104.101",
      "s" : "buy",
      "i" : "QNT_USDT",
      "m" : "4611686018431259842"
    }, {
      "d" : "1756430455381845571",
      "t" : 1756430455381,
      "tn" : 1756430455381845571,
      "q" : "0.012",
      "p" : "103.874",
      "s" : "sell",
      "i" : "QNT_USDT",
      "m" : "4611686018431259841"
    }, {
      "d" : "1756430102978362406",
      "t" : 1756430102978,
      "tn" : 1756430102978362406,
      "q" : "0.012",
      "p" : "104.004",
      "s" : "sell",
      "i" : "QNT_USDT",
      "m" : "4611686018431259840"
    }, {
      "d" : "1756429937581978574",
      "t" : 1756429937581,
      "tn" : 1756429937581978574,
      "q" : "0.012",
      "p" : "104.014",
      "s" : "sell",
      "i" : "QNT_USDT",
      "m" : "4611686018431259839"
    }, {
      "d" : "1756429858531952452",
      "t" : 1756429858531,
      "tn" : 1756429858531952452,
      "q" : "0.012",
      "p" : "104.134",
      "s" : "sell",
      "i" : "QNT_USDT",
      "m" : "4611686018431259838"
    }, {
      "d" : "1756429758685395959",
      "t" : 1756429758685,
      "tn" : 1756429758685395959,
      "q" : "0.012",
      "p" : "104.206",
      "s" : "buy",
      "i" : "QNT_USDT",
      "m" : "4611686018431259837"
    }, {
      "d" : "1756429711128620996",
      "t" : 1756429711128,
      "tn" : 1756429711128620996,
      "q" : "0.012",
      "p" : "104.094",
      "s" : "sell",
      "i" : "QNT_USDT",
      "m" : "4611686018431259836"
    }, {
      "d" : "1756429704331598970",
      "t" : 1756429704331,
      "tn" : 1756429704331598970,
      "q" : "0.012",
      "p" : "104.161",
      "s" : "buy",
      "i" : "QNT_USDT",
      "m" : "4611686018431259835"
    }, {
      "d" : "1756429578685374744",
      "t" : 1756429578685,
      "tn" : 1756429578685374744,
      "q" : "0.012",
      "p" : "104.266",
      "s" : "buy",
      "i" : "QNT_USDT",
      "m" : "4611686018431259834"
    }, {
      "d" : "1756429133784522331",
      "t" : 1756429133784,
      "tn" : 1756429133784522331,
      "q" : "0.010",
      "p" : "104.284",
      "s" : "sell",
      "i" : "QNT_USDT",
      "m" : "4611686018431259833"
    }, {
      "d" : "1756428335362365150",
      "t" : 1756428335362,
      "tn" : 1756428335362365150,
      "q" : "0.012",
      "p" : "104.244",
      "s" : "sell",
      "i" : "QNT_USDT",
      "m" : "4611686018431259832"
    }, {
      "d" : "1756427417762193859",
      "t" : 1756427417762,
      "tn" : 1756427417762193859,
      "q" : "0.012",
      "p" : "104.624",
      "s" : "sell",
      "i" : "QNT_USDT",
      "m" : "4611686018431259831"
    }, {
      "d" : "1756427402530215627",
      "t" : 1756427402530,
      "tn" : 1756427402530215627,
      "q" : "0.012",
      "p" : "104.724",
      "s" : "sell",
      "i" : "QNT_USDT",
      "m" : "4611686018431259830"
    }, {
      "d" : "1756427367766179978",
      "t" : 1756427367766,
      "tn" : 1756427367766179978,
      "q" : "2.359",
      "p" : "104.783",
      "s" : "buy",
      "i" : "QNT_USDT",
      "m" : "4611686018431259829"
    }, {
      "d" : "1756427367758275311",
      "t" : 1756427367758,
      "tn" : 1756427367758275311,
      "q" : "0.026",
      "p" : "104.783",
      "s" : "buy",
      "i" : "QNT_USDT",
      "m" : "4611686018431259828"
    }, {
      "d" : "1756427367758273202",
      "t" : 1756427367758,
      "tn" : 1756427367758273202,
      "q" : "0.100",
      "p" : "104.782",
      "s" : "buy",
      "i" : "QNT_USDT",
      "m" : "4611686018431259827"
    }, {
      "d" : "1756427287494879756",
      "t" : 1756427287494,
      "tn" : 1756427287494879756,
      "q" : "0.012",
      "p" : "104.476",
      "s" : "buy",
      "i" : "QNT_USDT",
      "m" : "4611686018431259826"
    }, {
      "d" : "1756427054762370750",
      "t" : 1756427054762,
      "tn" : 1756427054762370750,
      "q" : "0.067",
      "p" : "104.413",
      "s" : "sell",
      "i" : "QNT_USDT",
      "m" : "4611686018431259825"
    }, {
      "d" : "1756427054762368557",
      "t" : 1756427054762,
      "tn" : 1756427054762368557,
      "q" : "0.012",
      "p" : "104.444",
      "s" : "sell",
      "i" : "QNT_USDT",
      "m" : "4611686018431259824"
    }, {
      "d" : "1756426918676000056",
      "t" : 1756426918676,
      "tn" : 1756426918676000056,
      "q" : "0.012",
      "p" : "104.494",
      "s" : "sell",
      "i" : "QNT_USDT",
      "m" : "4611686018431259823"
    }, {
      "d" : "1756426541550165851",
      "t" : 1756426541550,
      "tn" : 1756426541550165851,
      "q" : "0.012",
      "p" : "104.476",
      "s" : "buy",
      "i" : "QNT_USDT",
      "m" : "4611686018431259822"
    }, {
      "d" : "1756426243482156512",
      "t" : 1756426243482,
      "tn" : 1756426243482156512,
      "q" : "0.012",
      "p" : "104.589",
      "s" : "sell",
      "i" : "QNT_USDT",
      "m" : "4611686018431259821"
    }, {
      "d" : "1756426099260765313",
      "t" : 1756426099260,
      "tn" : 1756426099260765313,
      "q" : "0.842",
      "p" : "104.588",
      "s" : "sell",
      "i" : "QNT_USDT",
      "m" : "4611686018431259820"
    }, {
      "d" : "1756426099260763279",
      "t" : 1756426099260,
      "tn" : 1756426099260763279,
      "q" : "0.012",
      "p" : "104.609",
      "s" : "sell",
      "i" : "QNT_USDT",
      "m" : "4611686018431259819"
    }, {
      "d" : "1756426096528403081",
      "t" : 1756426096528,
      "tn" : 1756426096528403081,
      "q" : "0.012",
      "p" : "104.654",
      "s" : "sell",
      "i" : "QNT_USDT",
      "m" : "4611686018431259818"
    }, {
      "d" : "1756425983759566982",
      "t" : 1756425983759,
      "tn" : 1756425983759566982,
      "q" : "0.012",
      "p" : "104.694",
      "s" : "sell",
      "i" : "QNT_USDT",
      "m" : "4611686018431259817"
    }, {
      "d" : "1756425678095162202",
      "t" : 1756425678095,
      "tn" : 1756425678095162202,
      "q" : "0.012",
      "p" : "104.726",
      "s" : "buy",
      "i" : "QNT_USDT",
      "m" : "4611686018431259816"
    }, {
      "d" : "1756425673116408693",
      "t" : 1756425673116,
      "tn" : 1756425673116408693,
      "q" : "0.012",
      "p" : "104.686",
      "s" : "buy",
      "i" : "QNT_USDT",
      "m" : "4611686018431259815"
    }, {
      "d" : "1756425622532613926",
      "t" : 1756425622532,
      "tn" : 1756425622532613926,
      "q" : "0.012",
      "p" : "104.814",
      "s" : "sell",
      "i" : "QNT_USDT",
      "m" : "4611686018431259814"
    }, {
      "d" : "1756425166712481871",
      "t" : 1756425166712,
      "tn" : 1756425166712481871,
      "q" : "0.012",
      "p" : "104.614",
      "s" : "sell",
      "i" : "QNT_USDT",
      "m" : "4611686018431259813"
    }, {
      "d" : "1756424954523752184",
      "t" : 1756424954523,
      "tn" : 1756424954523752184,
      "q" : "0.012",
      "p" : "104.724",
      "s" : "sell",
      "i" : "QNT_USDT",
      "m" : "4611686018431259812"
    }, {
      "d" : "1756424829037120050",
      "t" : 1756424829037,
      "tn" : 1756424829037120050,
      "q" : "0.012",
      "p" : "104.706",
      "s" : "buy",
      "i" : "QNT_USDT",
      "m" : "4611686018431259811"
    }, {
      "d" : "1756424459496306599",
      "t" : 1756424459496,
      "tn" : 1756424459496306599,
      "q" : "0.012",
      "p" : "104.636",
      "s" : "buy",
      "i" : "QNT_USDT",
      "m" : "4611686018431259810"
    }, {
      "d" : "1756424080495799181",
      "t" : 1756424080495,
      "tn" : 1756424080495799181,
      "q" : "0.012",
      "p" : "104.526",
      "s" : "buy",
      "i" : "QNT_USDT",
      "m" : "4611686018431259809"
    }, {
      "d" : "1756423825357923932",
      "t" : 1756423825357,
      "tn" : 1756423825357923932,
      "q" : "0.012",
      "p" : "104.494",
      "s" : "sell",
      "i" : "QNT_USDT",
      "m" : "4611686018431259808"
    }, {
      "d" : "1756423735155384819",
      "t" : 1756423735155,
      "tn" : 1756423735155384819,
      "q" : "0.012",
      "p" : "104.501",
      "s" : "buy",
      "i" : "QNT_USDT",
      "m" : "4611686018431259807"
    }, {
      "d" : "1756423362532945722",
      "t" : 1756423362532,
      "tn" : 1756423362532945722,
      "q" : "0.012",
      "p" : "104.386",
      "s" : "buy",
      "i" : "QNT_USDT",
      "m" : "4611686018431259806"
    }, {
      "d" : "1756421214755057088",
      "t" : 1756421214755,
      "tn" : 1756421214755057088,
      "q" : "0.012",
      "p" : "104.336",
      "s" : "buy",
      "i" : "QNT_USDT",
      "m" : "4611686018431259805"
    }, {
      "d" : "1756420976341912360",
      "t" : 1756420976341,
      "tn" : 1756420976341912360,
      "q" : "0.036",
      "p" : "104.407",
      "s" : "sell",
      "i" : "QNT_USDT",
      "m" : "4611686018431259804"
    }, {
      "d" : "1756420918497779243",
      "t" : 1756420918497,
      "tn" : 1756420918497779243,
      "q" : "0.012",
      "p" : "104.484",
      "s" : "sell",
      "i" : "QNT_USDT",
      "m" : "4611686018431259803"
    }, {
      "d" : "1756420264526429013",
      "t" : 1756420264526,
      "tn" : 1756420264526429013,
      "q" : "0.012",
      "p" : "104.556",
      "s" : "buy",
      "i" : "QNT_USDT",
      "m" : "4611686018431259802"
    } ]
  }
}