{
  "id" : -1,
  "method" : "public/get-trades",
  "code" : 0,
  "result" : {
    "data" : [ {
      "d" : "1756457821882048760",
      "t" : 1756457821882,
      "tn" : 1756457821882048760,
      "q" : "0.01",
      "p" : "102.217",
      "s" : "sell",
      "i" : "QNTUSD-PERP",
      "m" : "4611686018430271807"
    }, {
      "d" : "1756451263150073644",
      "t" : 1756451263150,
      "tn" : 1756451263150073644,
      "q" : "0.01",
      "p" : "103.330",
      "s" : "sell",
      "i" : "QNTUSD-PERP",
      "m" : "4611686018430271806"
    }, {
      "d" : "1756451263150070836",
      "t" : 1756451263150,
      "tn" : 1756451263150070836,
      "q" : "0.01",
      "p" : "103.351",
      "s" : "sell",
      "i" : "QNTUSD-PERP",
      "m" : "4611686018430271805"
    }, {
      "d" : "1756444456365807018",
      "t" : 1756444456365,
      "tn" : 1756444456365807018,
      "q" : "0.01",
      "p" : "104.540",
      "s" : "sell",
      "i" : "QNTUSD-PERP",
      "m" : "4611686018430271804"
    }, {
      "d" : "1756417856202686729",
      "t" : 1756417856202,
      "tn" : 1756417856202686729,
      "q" : "0.01",
      "p" : "103.840",
      "s" : "buy",
      "i" : "QNTUSD-PERP",
      "m" : "4611686018430271803"
    }, {
      "d" : "1756417856202171075",
      "t" : 1756417856202,
      "tn" : 1756417856202171075,
      "q" : "0.01",
      "p" : "103.811",
      "s" : "buy",
      "i" : "QNTUSD-PERP",
      "m" : "4611686018430271802"
    }, {
      "d" : "1756417405021403536",
      "t" : 1756417405021,
      "tn" : 1756417405021403536,
      "q" : "0.01",
      "p" : "103.722",
      "s" : "sell",
      "i" : "QNTUSD-PERP",
      "m" : "4611686018430271801"
    }, {
      "d" : "1756417405016219112",
      "t" : 1756417405016,
      "tn" : 1756417405016219112,
      "q" : "0.01",
      "p" : "103.730",
      "s" : "sell",
      "i" : "QNTUSD-PERP",
      "m" : "4611686018430271800"
    }, {
      "d" : "1756417403312264132",
      "t" : 1756417403312,
      "tn" : 1756417403312264132,
      "q" : "0.01",
      "p" : "103.770",
      "s" : "sell",
      "i" : "QNTUSD-PERP",
      "m" : "4611686018430271799"
    }, {
      "d" : "1756417403312262018",
      "t" : 1756417403312,
      "tn" : 1756417403312262018,
      "q" : "0.01",
      "p" : "103.814",
      "s" : "sell",
      "i" : "QNTUSD-PERP",
      "m" : "4611686018430271798"
    }, {
      "d" : "1756417393301666935",
      "t" : 1756417393301,
      "tn" : 1756417393301666935,
      "q" : "0.01",
      "p" : "104.170",
      "s" : "sell",
      "i" : "QNTUSD-PERP",
      "m" : "4611686018430271797"
    }, {
      "d" : "1756417393300072902",
      "t" : 1756417393300,
      "tn" : 1756417393300072902,
      "q" : "0.01",
      "p" : "104.197",
      "s" : "sell",
      "i" : "QNTUSD-PERP",
      "m" : "4611686018430271796"
    }, {
      "d" : "1756410944826745703",
      "t" : 1756410944826,
      "tn" : 1756410944826745703,
      "q" : "0.01",
      "p" : "104.010",
      "s" : "sell",
      "i" : "QNTUSD-PERP",
      "m" : "4611686018430271795"
    }, {
      "d" : "1756410944825756851",
      "t" : 1756410944825,
      "tn" : 1756410944825756851,
      "q" : "0.01",
      "p" : "104.039",
      "s" : "sell",
      "i" : "QNTUSD-PERP",
      "m" : "4611686018430271794"
    }, {
      "d" : "1756409819094818171",
      "t" : 1756409819094,
      "tn" : 1756409819094818171,
      "q" : "5.65",
      "p" : "104.894",
      "s" : "buy",
      "i" : "QNTUSD-PERP",
      "m" : "4611686018430271793"
    }, {
      "d" : "1756409819094816417",
      "t" : 1756409819094,
      "tn" : 1756409819094816417,
      "q" : "0.47",
      "p" : "104.874",
      "s" : "buy",
      "i" : "QNTUSD-PERP",
      "m" : "4611686018430271792"
    }, {
      "d" : "1756409819094814454",
      "t" : 1756409819094,
      "tn" : 1756409819094814454,
      "q" : "0.47",
      "p" : "104.853",
      "s" : "buy",
      "i" : "QNTUSD-PERP",
      "m" : "4611686018430271791"
    }, {
      "d" : "1756409819094812075",
      "t" : 1756409819094,
      "tn" : 1756409819094812075,
      "q" : "1.91",
      "p" : "104.610",
      "s" : "buy",
      "i" : "QNTUSD-PERP",
      "m" : "4611686018430271790"
    }, {
      "d" : "1756409819094809288",
      "t" : 1756409819094,
      "tn" : 1756409819094809288,
      "q" : "0.01",
      "p" : "104.470",
      "s" : "buy",
      "i" : "QNTUSD-PERP",
      "m" : "4611686018430271789"
    }, {
      "d" : "1756409814322512697",
      "t" : 1756409814322,
      "tn" : 1756409814322512697,
      "q" : "0.01",
      "p" : "104.210",
      "s" : "buy",
      "i" : "QNTUSD-PERP",
      "m" : "4611686018430271788"
    }, {
      "d" : "1756409814315864467",
      "t" : 1756409814315,
      "tn" : 1756409814315864467,
      "q" : "0.01",
      "p" : "104.138",
      "s" : "buy",
      "i" : "QNTUSD-PERP",
      "m" : "4611686018430271787"
    }, {
      "d" : "1756400902761164694",
      "t" : 1756400902761,
      "tn" : 1756400902761164694,
      "q" : "0.01",
      "p" : "104.239",
      "s" : "sell",
      "i" : "QNTUSD-PERP",
      "m" : "4611686018430271786"
    }, {
      "d" : "1756391961619004780",
      "t" : 1756391961619,
      "tn" : 1756391961619004780,
      "q" : "0.01",
      "p" : "105.252",
      "s" : "sell",
      "i" : "QNTUSD-PERP",
      "m" : "4611686018430271785"
    } ]
  }
}