{
  "id" : -1,
  "method" : "public/get-trades",
  "code" : 0,
  "result" : {
    "data" : [ {
      "d" : "1756461363105783802",
      "t" : 1756461363105,
      "tn" : 1756461363105783802,
      "q" : "1",
      "p" : "2.6553",
      "s" : "buy",
      "i" : "QTUMUSD-PERP",
      "m" : "4611686018430217565"
    }, {
      "d" : "1756461363102131154",
      "t" : 1756461363102,
      "tn" : 1756461363102131154,
      "q" : "1",
      "p" : "2.6542",
      "s" : "buy",
      "i" : "QTUMUSD-PERP",
      "m" : "4611686018430217564"
    }, {
      "d" : "1756460714994099749",
      "t" : 1756460714994,
      "tn" : 1756460714994099749,
      "q" : "1",
      "p" : "2.6331",
      "s" : "buy",
      "i" : "QTUMUSD-PERP",
      "m" : "4611686018430217563"
    }, {
      "d" : "1756460714883723645",
      "t" : 1756460714883,
      "tn" : 1756460714883723645,
      "q" : "1",
      "p" : "2.6313",
      "s" : "buy",
      "i" : "QTUMUSD-PERP",
      "m" : "4611686018430217562"
    }, {
      "d" : "1756460714881160901",
      "t" : 1756460714881,
      "tn" : 1756460714881160901,
      "q" : "1",
      "p" : "2.6306",
      "s" : "buy",
      "i" : "QTUMUSD-PERP",
      "m" : "4611686018430217561"
    }, {
      "d" : "1756460003895176292",
      "t" : 1756460003895,
      "tn" : 1756460003895176292,
      "q" : "1",
      "p" : "2.6379",
      "s" : "buy",
      "i" : "QTUMUSD-PERP",
      "m" : "4611686018430217560"
    }, {
      "d" : "1756459604753341478",
      "t" : 1756459604753,
      "tn" : 1756459604753341478,
      "q" : "74",
      "p" : "2.6375",
      "s" : "sell",
      "i" : "QTUMUSD-PERP",
      "m" : "4611686018430217559"
    }, {
      "d" : "1756459332725301830",
      "t" : 1756459332725,
      "tn" : 1756459332725301830,
      "q" : "74",
      "p" : "2.6445",
      "s" : "sell",
      "i" : "QTUMUSD-PERP",
      "m" : "4611686018430217558"
    }, {
      "d" : "1756459190683381680",
      "t" : 1756459190683,
      "tn" : 1756459190683381680,
      "q" : "1",
      "p" : "2.6418",
      "s" : "buy",
      "i" : "QTUMUSD-PERP",
      "m" : "4611686018430217557"
    }, {
      "d" : "1756458645993248061",
      "t" : 1756458645993,
      "tn" : 1756458645993248061,
      "q" : "1",
      "p" : "2.6290",
      "s" : "sell",
      "i" : "QTUMUSD-PERP",
      "m" : "4611686018430217556"
    }, {
      "d" : "1756458645993246088",
      "t" : 1756458645993,
      "tn" : 1756458645993246088,
      "q" : "1",
      "p" : "2.6292",
      "s" : "sell",
      "i" : "QTUMUSD-PERP",
      "m" : "4611686018430217555"
    }, {
      "d" : "1756458645993242708",
      "t" : 1756458645993,
      "tn" : 1756458645993242708,
      "q" : "76",
      "p" : "2.6295",
      "s" : "sell",
      "i" : "QTUMUSD-PERP",
      "m" : "4611686018430217554"
    }, {
      "d" : "1756458559195495740",
      "t" : 1756458559195,
      "tn" : 1756458559195495740,
      "q" : "75",
      "p" : "2.6360",
      "s" : "sell",
      "i" : "QTUMUSD-PERP",
      "m" : "4611686018430217553"
    }, {
      "d" : "1756458559195493782",
      "t" : 1756458559195,
      "tn" : 1756458559195493782,
      "q" : "1",
      "p" : "2.6361",
      "s" : "sell",
      "i" : "QTUMUSD-PERP",
      "m" : "4611686018430217552"
    }, {
      "d" : "1756458559195491913",
      "t" : 1756458559195,
      "tn" : 1756458559195491913,
      "q" : "1",
      "p" : "2.6364",
      "s" : "sell",
      "i" : "QTUMUSD-PERP",
      "m" : "4611686018430217551"
    }, {
      "d" : "1756458512384809430",
      "t" : 1756458512384,
      "tn" : 1756458512384809430,
      "q" : "1",
      "p" : "2.6373",
      "s" : "sell",
      "i" : "QTUMUSD-PERP",
      "m" : "4611686018430217550"
    }, {
      "d" : "1756458500886453122",
      "t" : 1756458500886,
      "tn" : 1756458500886453122,
      "q" : "1",
      "p" : "2.6362",
      "s" : "sell",
      "i" : "QTUMUSD-PERP",
      "m" : "4611686018430217549"
    }, {
      "d" : "1756458500866821250",
      "t" : 1756458500866,
      "tn" : 1756458500866821250,
      "q" : "1",
      "p" : "2.6364",
      "s" : "sell",
      "i" : "QTUMUSD-PERP",
      "m" : "4611686018430217548"
    }, {
      "d" : "1756458441497475591",
      "t" : 1756458441497,
      "tn" : 1756458441497475591,
      "q" : "1",
      "p" : "2.6340",
      "s" : "buy",
      "i" : "QTUMUSD-PERP",
      "m" : "4611686018430217547"
    }, {
      "d" : "1756458344090483185",
      "t" : 1756458344090,
      "tn" : 1756458344090483185,
      "q" : "1",
      "p" : "2.6332",
      "s" : "sell",
      "i" : "QTUMUSD-PERP",
      "m" : "4611686018430217546"
    }, {
      "d" : "1756458344090481436",
      "t" : 1756458344090,
      "tn" : 1756458344090481436,
      "q" : "1",
      "p" : "2.6334",
      "s" : "sell",
      "i" : "QTUMUSD-PERP",
      "m" : "4611686018430217545"
    }, {
      "d" : "1756458329216332126",
      "t" : 1756458329216,
      "tn" : 1756458329216332126,
      "q" : "1",
      "p" : "2.6333",
      "s" : "sell",
      "i" : "QTUMUSD-PERP",
      "m" : "4611686018430217544"
    }, {
      "d" : "1756458329216329549",
      "t" : 1756458329216,
      "tn" : 1756458329216329549,
      "q" : "1",
      "p" : "2.6334",
      "s" : "sell",
      "i" : "QTUMUSD-PERP",
      "m" : "4611686018430217543"
    }, {
      "d" : "1756458319199608957",
      "t" : 1756458319199,
      "tn" : 1756458319199608957,
      "q" : "1",
      "p" : "2.6344",
      "s" : "sell",
      "i" : "QTUMUSD-PERP",
      "m" : "4611686018430217542"
    }, {
      "d" : "1756458319199606710",
      "t" : 1756458319199,
      "tn" : 1756458319199606710,
      "q" : "1",
      "p" : "2.6346",
      "s" : "sell",
      "i" : "QTUMUSD-PERP",
      "m" : "4611686018430217541"
    }, {
      "d" : "1756457682025829252",
      "t" : 1756457682025,
      "tn" : 1756457682025829252,
      "q" : "1",
      "p" : "2.6485",
      "s" : "sell",
      "i" : "QTUMUSD-PERP",
      "m" : "4611686018430217540"
    }, {
      "d" : "1756456759986129410",
      "t" : 1756456759986,
      "tn" : 1756456759986129410,
      "q" : "1",
      "p" : "2.6546",
      "s" : "sell",
      "i" : "QTUMUSD-PERP",
      "m" : "4611686018430217539"
    }, {
      "d" : "1756456759986127879",
      "t" : 1756456759986,
      "tn" : 1756456759986127879,
      "q" : "1",
      "p" : "2.6547",
      "s" : "sell",
      "i" : "QTUMUSD-PERP",
      "m" : "4611686018430217538"
    }, {
      "d" : "1756456011300274600",
      "t" : 1756456011300,
      "tn" : 1756456011300274600,
      "q" : "74",
      "p" : "2.6640",
      "s" : "sell",
      "i" : "QTUMUSD-PERP",
      "m" : "4611686018430217537"
    }, {
      "d" : "1756455810558062745",
      "t" : 1756455810558,
      "tn" : 1756455810558062745,
      "q" : "1",
      "p" : "2.6564",
      "s" : "buy",
      "i" : "QTUMUSD-PERP",
      "m" : "4611686018430217536"
    }, {
      "d" : "1756455797663516319",
      "t" : 1756455797663,
      "tn" : 1756455797663516319,
      "q" : "39",
      "p" : "2.6560",
      "s" : "sell",
      "i" : "QTUMUSD-PERP",
      "m" : "4611686018430217535"
    }, {
      "d" : "1756455781717186558",
      "t" : 1756455781717,
      "tn" : 1756455781717186558,
      "q" : "1",
      "p" : "2.6556",
      "s" : "sell",
      "i" : "QTUMUSD-PERP",
      "m" : "4611686018430217534"
    }, {
      "d" : "1756455781717184665",
      "t" : 1756455781717,
      "tn" : 1756455781717184665,
      "q" : "75",
      "p" : "2.6560",
      "s" : "sell",
      "i" : "QTUMUSD-PERP",
      "m" : "4611686018430217533"
    }, {
      "d" : "1756455497683574861",
      "t" : 1756455497683,
      "tn" : 1756455497683574861,
      "q" : "49",
      "p" : "2.6620",
      "s" : "sell",
      "i" : "QTUMUSD-PERP",
      "m" : "4611686018430217532"
    }, {
      "d" : "1756455492359315432",
      "t" : 1756455492359,
      "tn" : 1756455492359315432,
      "q" : "69",
      "p" : "2.6580",
      "s" : "sell",
      "i" : "QTUMUSD-PERP",
      "m" : "4611686018430217531"
    }, {
      "d" : "1756455012480647117",
      "t" : 1756455012480,
      "tn" : 1756455012480647117,
      "q" : "1",
      "p" : "2.6606",
      "s" : "sell",
      "i" : "QTUMUSD-PERP",
      "m" : "4611686018430217530"
    }, {
      "d" : "1756455012480645400",
      "t" : 1756455012480,
      "tn" : 1756455012480645400,
      "q" : "1",
      "p" : "2.6607",
      "s" : "sell",
      "i" : "QTUMUSD-PERP",
      "m" : "4611686018430217529"
    }, {
      "d" : "1756454895371716055",
      "t" : 1756454895371,
      "tn" : 1756454895371716055,
      "q" : "74",
      "p" : "2.6620",
      "s" : "sell",
      "i" : "QTUMUSD-PERP",
      "m" : "4611686018430217528"
    }, {
      "d" : "1756454813869110581",
      "t" : 1756454813869,
      "tn" : 1756454813869110581,
      "q" : "1",
      "p" : "2.6677",
      "s" : "sell",
      "i" : "QTUMUSD-PERP",
      "m" : "4611686018430217527"
    }, {
      "d" : "1756454779407111962",
      "t" : 1756454779407,
      "tn" : 1756454779407111962,
      "q" : "74",
      "p" : "2.6675",
      "s" : "sell",
      "i" : "QTUMUSD-PERP",
      "m" : "4611686018430217526"
    }, {
      "d" : "1756454779407110435",
      "t" : 1756454779407,
      "tn" : 1756454779407110435,
      "q" : "1",
      "p" : "2.6676",
      "s" : "sell",
      "i" : "QTUMUSD-PERP",
      "m" : "4611686018430217525"
    }, {
      "d" : "1756454779407109017",
      "t" : 1756454779407,
      "tn" : 1756454779407109017,
      "q" : "1",
      "p" : "2.6678",
      "s" : "sell",
      "i" : "QTUMUSD-PERP",
      "m" : "4611686018430217524"
    }, {
      "d" : "1756454651706623682",
      "t" : 1756454651706,
      "tn" : 1756454651706623682,
      "q" : "75",
      "p" : "2.6660",
      "s" : "sell",
      "i" : "QTUMUSD-PERP",
      "m" : "4611686018430217523"
    }, {
      "d" : "1756454551058355634",
      "t" : 1756454551058,
      "tn" : 1756454551058355634,
      "q" : "16",
      "p" : "2.6715",
      "s" : "sell",
      "i" : "QTUMUSD-PERP",
      "m" : "4611686018430217522"
    }, {
      "d" : "1756454544158588218",
      "t" : 1756454544158,
      "tn" : 1756454544158588218,
      "q" : "1",
      "p" : "2.6729",
      "s" : "sell",
      "i" : "QTUMUSD-PERP",
      "m" : "4611686018430217521"
    }, {
      "d" : "1756454532205366832",
      "t" : 1756454532205,
      "tn" : 1756454532205366832,
      "q" : "74",
      "p" : "2.6715",
      "s" : "sell",
      "i" : "QTUMUSD-PERP",
      "m" : "4611686018430217520"
    }, {
      "d" : "1756454404752837064",
      "t" : 1756454404752,
      "tn" : 1756454404752837064,
      "q" : "28",
      "p" : "2.6665",
      "s" : "sell",
      "i" : "QTUMUSD-PERP",
      "m" : "4611686018430217519"
    }, {
      "d" : "1756454402307393082",
      "t" : 1756454402307,
      "tn" : 1756454402307393082,
      "q" : "73",
      "p" : "2.6667",
      "s" : "sell",
      "i" : "QTUMUSD-PERP",
      "m" : "4611686018430217518"
    }, {
      "d" : "1756452854497333352",
      "t" : 1756452854497,
      "tn" : 1756452854497333352,
      "q" : "1",
      "p" : "2.6750",
      "s" : "sell",
      "i" : "QTUMUSD-PERP",
      "m" : "4611686018430217517"
    }, {
      "d" : "1756452161518326652",
      "t" : 1756452161518,
      "tn" : 1756452161518326652,
      "q" : "1",
      "p" : "2.6811",
      "s" : "sell",
      "i" : "QTUMUSD-PERP",
      "m" : "4611686018430217516"
    }, {
      "d" : "1756451702291014403",
      "t" : 1756451702291,
      "tn" : 1756451702291014403,
      "q" : "1",
      "p" : "2.6782",
      "s" : "sell",
      "i" : "QTUMUSD-PERP",
      "m" : "4611686018430217515"
    }, {
      "d" : "1756451588793421337",
      "t" : 1756451588793,
      "tn" : 1756451588793421337,
      "q" : "1",
      "p" : "2.6914",
      "s" : "sell",
      "i" : "QTUMUSD-PERP",
      "m" : "4611686018430217514"
    }, {
      "d" : "1756451119514909681",
      "t" : 1756451119514,
      "tn" : 1756451119514909681,
      "q" : "1",
      "p" : "2.7132",
      "s" : "buy",
      "i" : "QTUMUSD-PERP",
      "m" : "4611686018430217513"
    }, {
      "d" : "1756448084804836368",
      "t" : 1756448084804,
      "tn" : 1756448084804836368,
      "q" : "1",
      "p" : "2.7484",
      "s" : "sell",
      "i" : "QTUMUSD-PERP",
      "m" : "4611686018430217512"
    }, {
      "d" : "1756448064444946864",
      "t" : 1756448064444,
      "tn" : 1756448064444946864,
      "q" : "1",
      "p" : "2.7516",
      "s" : "sell",
      "i" : "QTUMUSD-PERP",
      "m" : "4611686018430217511"
    }, {
      "d" : "1756447951314573333",
      "t" : 1756447951314,
      "tn" : 1756447951314573333,
      "q" : "1",
      "p" : "2.7485",
      "s" : "sell",
      "i" : "QTUMUSD-PERP",
      "m" : "4611686018430217510"
    }, {
      "d" : "1756447948764308675",
      "t" : 1756447948764,
      "tn" : 1756447948764308675,
      "q" : "1",
      "p" : "2.7476",
      "s" : "sell",
      "i" : "QTUMUSD-PERP",
      "m" : "4611686018430217509"
    }, {
      "d" : "1756447696265769779",
      "t" : 1756447696265,
      "tn" : 1756447696265769779,
      "q" : "1",
      "p" : "2.7507",
      "s" : "sell",
      "i" : "QTUMUSD-PERP",
      "m" : "4611686018430217508"
    }, {
      "d" : "1756447199044058167",
      "t" : 1756447199044,
      "tn" : 1756447199044058167,
      "q" : "1",
      "p" : "2.7531",
      "s" : "sell",
      "i" : "QTUMUSD-PERP",
      "m" : "4611686018430217507"
    }, {
      "d" : "1756447198973193002",
      "t" : 1756447198973,
      "tn" : 1756447198973193002,
      "q" : "1",
      "p" : "2.7495",
      "s" : "buy",
      "i" : "QTUMUSD-PERP",
      "m" : "4611686018430217506"
    }, {
      "d" : "1756446728083292435",
      "t" : 1756446728083,
      "tn" : 1756446728083292435,
      "q" : "1",
      "p" : "2.7564",
      "s" : "buy",
      "i" : "QTUMUSD-PERP",
      "m" : "4611686018430217505"
    }, {
      "d" : "1756446373971640056",
      "t" : 1756446373971,
      "tn" : 1756446373971640056,
      "q" : "1",
      "p" : "2.7626",
      "s" : "sell",
      "i" : "QTUMUSD-PERP",
      "m" : "4611686018430217504"
    }, {
      "d" : "1756446131921554523",
      "t" : 1756446131921,
      "tn" : 1756446131921554523,
      "q" : "1",
      "p" : "2.7667",
      "s" : "sell",
      "i" : "QTUMUSD-PERP",
      "m" : "4611686018430217503"
    }, {
      "d" : "1756446114592053708",
      "t" : 1756446114592,
      "tn" : 1756446114592053708,
      "q" : "1",
      "p" : "2.7635",
      "s" : "buy",
      "i" : "QTUMUSD-PERP",
      "m" : "4611686018430217502"
    }, {
      "d" : "1756445778109879700",
      "t" : 1756445778109,
      "tn" : 1756445778109879700,
      "q" : "1",
      "p" : "2.7577",
      "s" : "sell",
      "i" : "QTUMUSD-PERP",
      "m" : "4611686018430217501"
    }, {
      "d" : "1756445256478219667",
      "t" : 1756445256478,
      "tn" : 1756445256478219667,
      "q" : "1",
      "p" : "2.7698",
      "s" : "sell",
      "i" : "QTUMUSD-PERP",
      "m" : "4611686018430217500"
    }, {
      "d" : "1756445116006231400",
      "t" : 1756445116006,
      "tn" : 1756445116006231400,
      "q" : "1",
      "p" : "2.7687",
      "s" : "buy",
      "i" : "QTUMUSD-PERP",
      "m" : "4611686018430217499"
    }, {
      "d" : "1756445028928974562",
      "t" : 1756445028928,
      "tn" : 1756445028928974562,
      "q" : "1",
      "p" : "2.7756",
      "s" : "sell",
      "i" : "QTUMUSD-PERP",
      "m" : "4611686018430217498"
    }, {
      "d" : "1756445028925830668",
      "t" : 1756445028925,
      "tn" : 1756445028925830668,
      "q" : "1",
      "p" : "2.7799",
      "s" : "sell",
      "i" : "QTUMUSD-PERP",
      "m" : "4611686018430217497"
    }, {
      "d" : "1756444783474881366",
      "t" : 1756444783474,
      "tn" : 1756444783474881366,
      "q" : "1",
      "p" : "2.7678",
      "s" : "buy",
      "i" : "QTUMUSD-PERP",
      "m" : "4611686018430217496"
    }, {
      "d" : "1756444783474879300",
      "t" : 1756444783474,
      "tn" : 1756444783474879300,
      "q" : "1",
      "p" : "2.7677",
      "s" : "buy",
      "i" : "QTUMUSD-PERP",
      "m" : "4611686018430217495"
    }, {
      "d" : "1756444394856273483",
      "t" : 1756444394856,
      "tn" : 1756444394856273483,
      "q" : "1",
      "p" : "2.7756",
      "s" : "buy",
      "i" : "QTUMUSD-PERP",
      "m" : "4611686018430217494"
    }, {
      "d" : "1756443950784814490",
      "t" : 1756443950784,
      "tn" : 1756443950784814490,
      "q" : "1",
      "p" : "2.7845",
      "s" : "buy",
      "i" : "QTUMUSD-PERP",
      "m" : "4611686018430217493"
    }, {
      "d" : "1756443828853336184",
      "t" : 1756443828853,
      "tn" : 1756443828853336184,
      "q" : "1",
      "p" : "2.7964",
      "s" : "buy",
      "i" : "QTUMUSD-PERP",
      "m" : "4611686018430217492"
    }, {
      "d" : "1756443689136534399",
      "t" : 1756443689136,
      "tn" : 1756443689136534399,
      "q" : "1",
      "p" : "2.8046",
      "s" : "sell",
      "i" : "QTUMUSD-PERP",
      "m" : "4611686018430217491"
    }, {
      "d" : "1756443652241804314",
      "t" : 1756443652241,
      "tn" : 1756443652241804314,
      "q" : "1",
      "p" : "2.7978",
      "s" : "buy",
      "i" : "QTUMUSD-PERP",
      "m" : "4611686018430217490"
    }, {
      "d" : "1756443652240854784",
      "t" : 1756443652240,
      "tn" : 1756443652240854784,
      "q" : "1",
      "p" : "2.7974",
      "s" : "buy",
      "i" : "QTUMUSD-PERP",
      "m" : "4611686018430217489"
    }, {
      "d" : "1756443620222003198",
      "t" : 1756443620222,
      "tn" : 1756443620222003198,
      "q" : "1",
      "p" : "2.8026",
      "s" : "sell",
      "i" : "QTUMUSD-PERP",
      "m" : "4611686018430217488"
    }, {
      "d" : "1756443620202887281",
      "t" : 1756443620202,
      "tn" : 1756443620202887281,
      "q" : "1",
      "p" : "2.8028",
      "s" : "sell",
      "i" : "QTUMUSD-PERP",
      "m" : "4611686018430217487"
    }, {
      "d" : "1756443381224977155",
      "t" : 1756443381224,
      "tn" : 1756443381224977155,
      "q" : "1",
      "p" : "2.7918",
      "s" : "sell",
      "i" : "QTUMUSD-PERP",
      "m" : "4611686018430217486"
    }, {
      "d" : "1756443381224975472",
      "t" : 1756443381224,
      "tn" : 1756443381224975472,
      "q" : "1",
      "p" : "2.7927",
      "s" : "sell",
      "i" : "QTUMUSD-PERP",
      "m" : "4611686018430217485"
    }, {
      "d" : "1756443206089165011",
      "t" : 1756443206089,
      "tn" : 1756443206089165011,
      "q" : "1",
      "p" : "2.7965",
      "s" : "buy",
      "i" : "QTUMUSD-PERP",
      "m" : "4611686018430217484"
    }, {
      "d" : "1756442953681811483",
      "t" : 1756442953681,
      "tn" : 1756442953681811483,
      "q" : "1",
      "p" : "2.8164",
      "s" : "buy",
      "i" : "QTUMUSD-PERP",
      "m" : "4611686018430217483"
    }, {
      "d" : "1756442898662126446",
      "t" : 1756442898662,
      "tn" : 1756442898662126446,
      "q" : "1",
      "p" : "2.8158",
      "s" : "sell",
      "i" : "QTUMUSD-PERP",
      "m" : "4611686018430217482"
    }, {
      "d" : "1756442898662123592",
      "t" : 1756442898662,
      "tn" : 1756442898662123592,
      "q" : "1",
      "p" : "2.8166",
      "s" : "sell",
      "i" : "QTUMUSD-PERP",
      "m" : "4611686018430217481"
    }, {
      "d" : "1756442770270211111",
      "t" : 1756442770270,
      "tn" : 1756442770270211111,
      "q" : "1",
      "p" : "2.8207",
      "s" : "sell",
      "i" : "QTUMUSD-PERP",
      "m" : "4611686018430217480"
    }, {
      "d" : "1756442333531414710",
      "t" : 1756442333531,
      "tn" : 1756442333531414710,
      "q" : "1",
      "p" : "2.8209",
      "s" : "buy",
      "i" : "QTUMUSD-PERP",
      "m" : "4611686018430217479"
    }, {
      "d" : "1756442234474347809",
      "t" : 1756442234474,
      "tn" : 1756442234474347809,
      "q" : "1",
      "p" : "2.8258",
      "s" : "sell",
      "i" : "QTUMUSD-PERP",
      "m" : "4611686018430217478"
    }, {
      "d" : "1756442030176104306",
      "t" : 1756442030176,
      "tn" : 1756442030176104306,
      "q" : "1",
      "p" : "2.8239",
      "s" : "buy",
      "i" : "QTUMUSD-PERP",
      "m" : "4611686018430217477"
    }, {
      "d" : "1756442030176102189",
      "t" : 1756442030176,
      "tn" : 1756442030176102189,
      "q" : "1",
      "p" : "2.8236",
      "s" : "buy",
      "i" : "QTUMUSD-PERP",
      "m" : "4611686018430217476"
    }, {
      "d" : "1756441968722798876",
      "t" : 1756441968722,
      "tn" : 1756441968722798876,
      "q" : "1",
      "p" : "2.8198",
      "s" : "sell",
      "i" : "QTUMUSD-PERP",
      "m" : "4611686018430217475"
    }, {
      "d" : "1756441527455748652",
      "t" : 1756441527455,
      "tn" : 1756441527455748652,
      "q" : "1",
      "p" : "2.8330",
      "s" : "sell",
      "i" : "QTUMUSD-PERP",
      "m" : "4611686018430217474"
    }, {
      "d" : "1756441462492658442",
      "t" : 1756441462492,
      "tn" : 1756441462492658442,
      "q" : "1",
      "p" : "2.8401",
      "s" : "sell",
      "i" : "QTUMUSD-PERP",
      "m" : "4611686018430217473"
    }, {
      "d" : "1756441429872755722",
      "t" : 1756441429872,
      "tn" : 1756441429872755722,
      "q" : "1",
      "p" : "2.8412",
      "s" : "sell",
      "i" : "QTUMUSD-PERP",
      "m" : "4611686018430217472"
    }, {
      "d" : "1756441360866364010",
      "t" : 1756441360866,
      "tn" : 1756441360866364010,
      "q" : "1",
      "p" : "2.8359",
      "s" : "buy",
      "i" : "QTUMUSD-PERP",
      "m" : "4611686018430217471"
    }, {
      "d" : "1756440837881041879",
      "t" : 1756440837881,
      "tn" : 1756440837881041879,
      "q" : "1",
      "p" : "2.8299",
      "s" : "buy",
      "i" : "QTUMUSD-PERP",
      "m" : "4611686018430217470"
    }, {
      "d" : "1756440783924067483",
      "t" : 1756440783924,
      "tn" : 1756440783924067483,
      "q" : "1",
      "p" : "2.8400",
      "s" : "buy",
      "i" : "QTUMUSD-PERP",
      "m" : "4611686018430217469"
    }, {
      "d" : "1756440623880336328",
      "t" : 1756440623880,
      "tn" : 1756440623880336328,
      "q" : "1",
      "p" : "2.8499",
      "s" : "buy",
      "i" : "QTUMUSD-PERP",
      "m" : "4611686018430217468"
    }, {
      "d" : "1756440623880334211",
      "t" : 1756440623880,
      "tn" : 1756440623880334211,
      "q" : "1",
      "p" : "2.8497",
      "s" : "buy",
      "i" : "QTUMUSD-PERP",
      "m" : "4611686018430217467"
    }, {
      "d" : "1756440580922704924",
      "t" : 1756440580922,
      "tn" : 1756440580922704924,
      "q" : "1",
      "p" : "2.8476",
      "s" : "buy",
      "i" : "QTUMUSD-PERP",
      "m" : "4611686018430217466"
    }, {
      "d" : "1756440367140421276",
      "t" : 1756440367140,
      "tn" : 1756440367140421275,
      "q" : "1",
      "p" : "2.8557",
      "s" : "buy",
      "i" : "QTUMUSD-PERP",
      "m" : "4611686018430217465"
    }, {
      "d" : "1756440367140421275",
      "t" : 1756440367140,
      "tn" : 1756440367140421275,
      "q" : "1",
      "p" : "2.8557",
      "s" : "buy",
      "i" : "QTUMUSD-PERP",
      "m" : "4611686018430217465"
    }, {
      "d" : "1756440335714810402",
      "t" : 1756440335714,
      "tn" : 1756440335714810402,
      "q" : "1",
      "p" : "2.8545",
      "s" : "buy",
      "i" : "QTUMUSD-PERP",
      "m" : "4611686018430217464"
    }, {
      "d" : "1756440307055802913",
      "t" : 1756440307055,
      "tn" : 1756440307055802912,
      "q" : "1",
      "p" : "2.8506",
      "s" : "buy",
      "i" : "QTUMUSD-PERP",
      "m" : "4611686018430217463"
    }, {
      "d" : "1756440307055802912",
      "t" : 1756440307055,
      "tn" : 1756440307055802912,
      "q" : "1",
      "p" : "2.8506",
      "s" : "buy",
      "i" : "QTUMUSD-PERP",
      "m" : "4611686018430217463"
    }, {
      "d" : "1756440245219884735",
      "t" : 1756440245219,
      "tn" : 1756440245219884735,
      "q" : "1",
      "p" : "2.8617",
      "s" : "buy",
      "i" : "QTUMUSD-PERP",
      "m" : "4611686018430217462"
    }, {
      "d" : "1756440245218864729",
      "t" : 1756440245218,
      "tn" : 1756440245218864729,
      "q" : "1",
      "p" : "2.8615",
      "s" : "buy",
      "i" : "QTUMUSD-PERP",
      "m" : "4611686018430217461"
    }, {
      "d" : "1756440004983154674",
      "t" : 1756440004983,
      "tn" : 1756440004983154674,
      "q" : "1",
      "p" : "2.8724",
      "s" : "buy",
      "i" : "QTUMUSD-PERP",
      "m" : "4611686018430217460"
    }, {
      "d" : "1756439541299904853",
      "t" : 1756439541299,
      "tn" : 1756439541299904853,
      "q" : "1",
      "p" : "2.8845",
      "s" : "sell",
      "i" : "QTUMUSD-PERP",
      "m" : "4611686018430217459"
    }, {
      "d" : "1756439541299902624",
      "t" : 1756439541299,
      "tn" : 1756439541299902624,
      "q" : "1",
      "p" : "2.8856",
      "s" : "sell",
      "i" : "QTUMUSD-PERP",
      "m" : "4611686018430217458"
    }, {
      "d" : "1756439527915149723",
      "t" : 1756439527915,
      "tn" : 1756439527915149723,
      "q" : "1",
      "p" : "2.8896",
      "s" : "buy",
      "i" : "QTUMUSD-PERP",
      "m" : "4611686018430217457"
    }, {
      "d" : "1756439527915147904",
      "t" : 1756439527915,
      "tn" : 1756439527915147904,
      "q" : "1",
      "p" : "2.8894",
      "s" : "buy",
      "i" : "QTUMUSD-PERP",
      "m" : "4611686018430217456"
    }, {
      "d" : "1756439392783985795",
      "t" : 1756439392783,
      "tn" : 1756439392783985795,
      "q" : "68",
      "p" : "2.9196",
      "s" : "sell",
      "i" : "QTUMUSD-PERP",
      "m" : "4611686018430217455"
    }, {
      "d" : "1756439392783984148",
      "t" : 1756439392783,
      "tn" : 1756439392783984148,
      "q" : "1",
      "p" : "2.9205",
      "s" : "sell",
      "i" : "QTUMUSD-PERP",
      "m" : "4611686018430217454"
    }, {
      "d" : "1756439392783982218",
      "t" : 1756439392783,
      "tn" : 1756439392783982218,
      "q" : "1",
      "p" : "2.9216",
      "s" : "sell",
      "i" : "QTUMUSD-PERP",
      "m" : "4611686018430217453"
    }, {
      "d" : "1756439289375784093",
      "t" : 1756439289375,
      "tn" : 1756439289375784093,
      "q" : "1",
      "p" : "2.9518",
      "s" : "sell",
      "i" : "QTUMUSD-PERP",
      "m" : "4611686018430217452"
    }, {
      "d" : "1756439239843860558",
      "t" : 1756439239843,
      "tn" : 1756439239843860558,
      "q" : "1",
      "p" : "2.9655",
      "s" : "buy",
      "i" : "QTUMUSD-PERP",
      "m" : "4611686018430217451"
    }, {
      "d" : "1756439203023815014",
      "t" : 1756439203023,
      "tn" : 1756439203023815014,
      "q" : "1",
      "p" : "2.9545",
      "s" : "buy",
      "i" : "QTUMUSD-PERP",
      "m" : "4611686018430217450"
    }, {
      "d" : "1756439203023812734",
      "t" : 1756439203023,
      "tn" : 1756439203023812734,
      "q" : "1",
      "p" : "2.9544",
      "s" : "buy",
      "i" : "QTUMUSD-PERP",
      "m" : "4611686018430217449"
    }, {
      "d" : "1756438375233091426",
      "t" : 1756438375233,
      "tn" : 1756438375233091426,
      "q" : "1",
      "p" : "2.9037",
      "s" : "sell",
      "i" : "QTUMUSD-PERP",
      "m" : "4611686018430217448"
    }, {
      "d" : "1756438285589828551",
      "t" : 1756438285589,
      "tn" : 1756438285589828551,
      "q" : "1",
      "p" : "2.8985",
      "s" : "buy",
      "i" : "QTUMUSD-PERP",
      "m" : "4611686018430217447"
    }, {
      "d" : "1756438285589826459",
      "t" : 1756438285589,
      "tn" : 1756438285589826459,
      "q" : "1",
      "p" : "2.8983",
      "s" : "buy",
      "i" : "QTUMUSD-PERP",
      "m" : "4611686018430217446"
    }, {
      "d" : "1756438093172254382",
      "t" : 1756438093172,
      "tn" : 1756438093172254382,
      "q" : "20",
      "p" : "2.8626",
      "s" : "buy",
      "i" : "QTUMUSD-PERP",
      "m" : "4611686018430217445"
    }, {
      "d" : "1756438093172252680",
      "t" : 1756438093172,
      "tn" : 1756438093172252680,
      "q" : "1",
      "p" : "2.8605",
      "s" : "buy",
      "i" : "QTUMUSD-PERP",
      "m" : "4611686018430217444"
    }, {
      "d" : "1756438093172249680",
      "t" : 1756438093172,
      "tn" : 1756438093172249680,
      "q" : "1",
      "p" : "2.8594",
      "s" : "buy",
      "i" : "QTUMUSD-PERP",
      "m" : "4611686018430217443"
    }, {
      "d" : "1756437981498327329",
      "t" : 1756437981498,
      "tn" : 1756437981498327329,
      "q" : "1",
      "p" : "2.8710",
      "s" : "sell",
      "i" : "QTUMUSD-PERP",
      "m" : "4611686018430217442"
    }, {
      "d" : "1756437881733087541",
      "t" : 1756437881733,
      "tn" : 1756437881733087541,
      "q" : "34",
      "p" : "2.8884",
      "s" : "buy",
      "i" : "QTUMUSD-PERP",
      "m" : "4611686018430217441"
    }, {
      "d" : "1756437607867977132",
      "t" : 1756437607867,
      "tn" : 1756437607867977132,
      "q" : "4",
      "p" : "2.8728",
      "s" : "sell",
      "i" : "QTUMUSD-PERP",
      "m" : "4611686018430217440"
    }, {
      "d" : "1756437607867975164",
      "t" : 1756437607867,
      "tn" : 1756437607867975164,
      "q" : "17",
      "p" : "2.8734",
      "s" : "sell",
      "i" : "QTUMUSD-PERP",
      "m" : "4611686018430217439"
    }, {
      "d" : "1756437607867973155",
      "t" : 1756437607867,
      "tn" : 1756437607867973155,
      "q" : "17",
      "p" : "2.8740",
      "s" : "sell",
      "i" : "QTUMUSD-PERP",
      "m" : "4611686018430217438"
    }, {
      "d" : "1756437607867971105",
      "t" : 1756437607867,
      "tn" : 1756437607867971105,
      "q" : "17",
      "p" : "2.8746",
      "s" : "sell",
      "i" : "QTUMUSD-PERP",
      "m" : "4611686018430217437"
    }, {
      "d" : "1756437477974659155",
      "t" : 1756437477974,
      "tn" : 1756437477974659155,
      "q" : "1",
      "p" : "2.9154",
      "s" : "buy",
      "i" : "QTUMUSD-PERP",
      "m" : "4611686018430217436"
    }, {
      "d" : "1756437278463600448",
      "t" : 1756437278463,
      "tn" : 1756437278463600448,
      "q" : "1",
      "p" : "2.9583",
      "s" : "buy",
      "i" : "QTUMUSD-PERP",
      "m" : "4611686018430217435"
    }, {
      "d" : "1756437125382456772",
      "t" : 1756437125382,
      "tn" : 1756437125382456772,
      "q" : "1",
      "p" : "3.0063",
      "s" : "buy",
      "i" : "QTUMUSD-PERP",
      "m" : "4611686018430217434"
    }, {
      "d" : "1756436945782169994",
      "t" : 1756436945782,
      "tn" : 1756436945782169994,
      "q" : "1",
      "p" : "2.9593",
      "s" : "buy",
      "i" : "QTUMUSD-PERP",
      "m" : "4611686018430217433"
    }, {
      "d" : "1756436945782168242",
      "t" : 1756436945782,
      "tn" : 1756436945782168242,
      "q" : "1",
      "p" : "2.9592",
      "s" : "buy",
      "i" : "QTUMUSD-PERP",
      "m" : "4611686018430217432"
    }, {
      "d" : "1756436915060122484",
      "t" : 1756436915060,
      "tn" : 1756436915060122484,
      "q" : "1",
      "p" : "2.9829",
      "s" : "sell",
      "i" : "QTUMUSD-PERP",
      "m" : "4611686018430217431"
    }, {
      "d" : "1756436915054754300",
      "t" : 1756436915054,
      "tn" : 1756436915054754300,
      "q" : "33",
      "p" : "2.9874",
      "s" : "sell",
      "i" : "QTUMUSD-PERP",
      "m" : "4611686018430217430"
    }, {
      "d" : "1756436915054752534",
      "t" : 1756436915054,
      "tn" : 1756436915054752534,
      "q" : "1",
      "p" : "2.9875",
      "s" : "sell",
      "i" : "QTUMUSD-PERP",
      "m" : "4611686018430217429"
    }, {
      "d" : "1756436909796461458",
      "t" : 1756436909796,
      "tn" : 1756436909796461458,
      "q" : "1",
      "p" : "2.9982",
      "s" : "buy",
      "i" : "QTUMUSD-PERP",
      "m" : "4611686018430217428"
    }, {
      "d" : "1756436892775306020",
      "t" : 1756436892775,
      "tn" : 1756436892775306020,
      "q" : "16",
      "p" : "2.9628",
      "s" : "buy",
      "i" : "QTUMUSD-PERP",
      "m" : "4611686018430217427"
    }, {
      "d" : "1756436892775304457",
      "t" : 1756436892775,
      "tn" : 1756436892775304457,
      "q" : "16",
      "p" : "2.9622",
      "s" : "buy",
      "i" : "QTUMUSD-PERP",
      "m" : "4611686018430217426"
    }, {
      "d" : "1756436892774865956",
      "t" : 1756436892774,
      "tn" : 1756436892774865956,
      "q" : "67",
      "p" : "2.9580",
      "s" : "buy",
      "i" : "QTUMUSD-PERP",
      "m" : "4611686018430217425"
    }, {
      "d" : "1756436892773836379",
      "t" : 1756436892773,
      "tn" : 1756436892773836378,
      "q" : "1",
      "p" : "2.9523",
      "s" : "buy",
      "i" : "QTUMUSD-PERP",
      "m" : "4611686018430217424"
    }, {
      "d" : "1756436892773836378",
      "t" : 1756436892773,
      "tn" : 1756436892773836378,
      "q" : "1",
      "p" : "2.9523",
      "s" : "buy",
      "i" : "QTUMUSD-PERP",
      "m" : "4611686018430217424"
    }, {
      "d" : "1756436875258082751",
      "t" : 1756436875258,
      "tn" : 1756436875258082750,
      "q" : "1",
      "p" : "2.9442",
      "s" : "buy",
      "i" : "QTUMUSD-PERP",
      "m" : "4611686018430217423"
    }, {
      "d" : "1756436875258082750",
      "t" : 1756436875258,
      "tn" : 1756436875258082750,
      "q" : "1",
      "p" : "2.9442",
      "s" : "buy",
      "i" : "QTUMUSD-PERP",
      "m" : "4611686018430217423"
    }, {
      "d" : "1756436866475757877",
      "t" : 1756436866475,
      "tn" : 1756436866475757877,
      "q" : "1",
      "p" : "2.9334",
      "s" : "buy",
      "i" : "QTUMUSD-PERP",
      "m" : "4611686018430217422"
    }, {
      "d" : "1756436866465824424",
      "t" : 1756436866465,
      "tn" : 1756436866465824424,
      "q" : "1",
      "p" : "2.9301",
      "s" : "buy",
      "i" : "QTUMUSD-PERP",
      "m" : "4611686018430217421"
    }, {
      "d" : "1756436847566823031",
      "t" : 1756436847566,
      "tn" : 1756436847566823031,
      "q" : "14",
      "p" : "2.9376",
      "s" : "sell",
      "i" : "QTUMUSD-PERP",
      "m" : "4611686018430217420"
    } ]
  }
}