{
  "id" : -1,
  "method" : "public/get-trades",
  "code" : 0,
  "result" : {
    "data" : [ {
      "d" : "1756462248596539967",
      "t" : 1756462248596,
      "tn" : 1756462248596539967,
      "q" : "14.7",
      "p" : "2.6606",
      "s" : "buy",
      "i" : "QTUM_USD",
      "m" : "4611686018430072817"
    }, {
      "d" : "1756458989473680991",
      "t" : 1756458989473,
      "tn" : 1756458989473680991,
      "q" : "20.3",
      "p" : "2.6389",
      "s" : "buy",
      "i" : "QTUM_USD",
      "m" : "4611686018430072816"
    }, {
      "d" : "1756458989473679344",
      "t" : 1756458989473,
      "tn" : 1756458989473679344,
      "q" : "0.5",
      "p" : "2.6388",
      "s" : "buy",
      "i" : "QTUM_USD",
      "m" : "4611686018430072815"
    }, {
      "d" : "1756458148606746127",
      "t" : 1756458148606,
      "tn" : 1756458148606746127,
      "q" : "6.4",
      "p" : "2.6387",
      "s" : "sell",
      "i" : "QTUM_USD",
      "m" : "4611686018430072814"
    }, {
      "d" : "1756458060718128808",
      "t" : 1756458060718,
      "tn" : 1756458060718128808,
      "q" : "0.5",
      "p" : "2.6434",
      "s" : "buy",
      "i" : "QTUM_USD",
      "m" : "4611686018430072813"
    }, {
      "d" : "1756457884533284713",
      "t" : 1756457884533,
      "tn" : 1756457884533284713,
      "q" : "0.5",
      "p" : "2.6474",
      "s" : "buy",
      "i" : "QTUM_USD",
      "m" : "4611686018430072812"
    }, {
      "d" : "1756457511754750466",
      "t" : 1756457511754,
      "tn" : 1756457511754750466,
      "q" : "0.5",
      "p" : "2.6524",
      "s" : "buy",
      "i" : "QTUM_USD",
      "m" : "4611686018430072811"
    }, {
      "d" : "1756457394952824401",
      "t" : 1756457394952,
      "tn" : 1756457394952824401,
      "q" : "7.8",
      "p" : "2.6583",
      "s" : "sell",
      "i" : "QTUM_USD",
      "m" : "4611686018430072810"
    }, {
      "d" : "1756457316495643837",
      "t" : 1756457316495,
      "tn" : 1756457316495643837,
      "q" : "0.5",
      "p" : "2.6544",
      "s" : "buy",
      "i" : "QTUM_USD",
      "m" : "4611686018430072809"
    }, {
      "d" : "1756457249247518498",
      "t" : 1756457249247,
      "tn" : 1756457249247518498,
      "q" : "0.5",
      "p" : "2.6504",
      "s" : "buy",
      "i" : "QTUM_USD",
      "m" : "4611686018430072808"
    }, {
      "d" : "1756456757876485634",
      "t" : 1756456757876,
      "tn" : 1756456757876485634,
      "q" : "3.9",
      "p" : "2.6566",
      "s" : "buy",
      "i" : "QTUM_USD",
      "m" : "4611686018430072807"
    }, {
      "d" : "1756456232360869279",
      "t" : 1756456232360,
      "tn" : 1756456232360869279,
      "q" : "0.5",
      "p" : "2.6574",
      "s" : "buy",
      "i" : "QTUM_USD",
      "m" : "4611686018430072806"
    }, {
      "d" : "1756454964011484434",
      "t" : 1756454964011,
      "tn" : 1756454964011484434,
      "q" : "2.4",
      "p" : "2.6556",
      "s" : "buy",
      "i" : "QTUM_USD",
      "m" : "4611686018430072805"
    }, {
      "d" : "1756454964009165913",
      "t" : 1756454964009,
      "tn" : 1756454964009165913,
      "q" : "15.1",
      "p" : "2.6556",
      "s" : "buy",
      "i" : "QTUM_USD",
      "m" : "4611686018430072804"
    }, {
      "d" : "1756454964007181593",
      "t" : 1756454964007,
      "tn" : 1756454964007181593,
      "q" : "0.5",
      "p" : "2.6596",
      "s" : "sell",
      "i" : "QTUM_USD",
      "m" : "4611686018430072803"
    }, {
      "d" : "1756454776901778351",
      "t" : 1756454776901,
      "tn" : 1756454776901778351,
      "q" : "10.0",
      "p" : "2.6731",
      "s" : "sell",
      "i" : "QTUM_USD",
      "m" : "4611686018430072802"
    }, {
      "d" : "1756454387497612479",
      "t" : 1756454387497,
      "tn" : 1756454387497612479,
      "q" : "0.5",
      "p" : "2.6667",
      "s" : "buy",
      "i" : "QTUM_USD",
      "m" : "4611686018430072801"
    }, {
      "d" : "1756453306867478478",
      "t" : 1756453306867,
      "tn" : 1756453306867478478,
      "q" : "3.7",
      "p" : "2.6738",
      "s" : "sell",
      "i" : "QTUM_USD",
      "m" : "4611686018430072800"
    }, {
      "d" : "1756453306865622288",
      "t" : 1756453306865,
      "tn" : 1756453306865622288,
      "q" : "9.3",
      "p" : "2.6738",
      "s" : "sell",
      "i" : "QTUM_USD",
      "m" : "4611686018430072799"
    }, {
      "d" : "1756453306858009799",
      "t" : 1756453306858,
      "tn" : 1756453306858009799,
      "q" : "0.5",
      "p" : "2.6698",
      "s" : "buy",
      "i" : "QTUM_USD",
      "m" : "4611686018430072798"
    }, {
      "d" : "1756452864987651873",
      "t" : 1756452864987,
      "tn" : 1756452864987651873,
      "q" : "1.7",
      "p" : "2.6785",
      "s" : "sell",
      "i" : "QTUM_USD",
      "m" : "4611686018430072797"
    }, {
      "d" : "1756452699995042162",
      "t" : 1756452699995,
      "tn" : 1756452699995042162,
      "q" : "326.3",
      "p" : "2.6802",
      "s" : "buy",
      "i" : "QTUM_USD",
      "m" : "4611686018430072796"
    }, {
      "d" : "1756452699995040423",
      "t" : 1756452699995,
      "tn" : 1756452699995040423,
      "q" : "0.5",
      "p" : "2.6786",
      "s" : "buy",
      "i" : "QTUM_USD",
      "m" : "4611686018430072795"
    }, {
      "d" : "1756451745613337139",
      "t" : 1756451745613,
      "tn" : 1756451745613337139,
      "q" : "0.5",
      "p" : "2.6814",
      "s" : "sell",
      "i" : "QTUM_USD",
      "m" : "4611686018430072794"
    }, {
      "d" : "1756451745613335668",
      "t" : 1756451745613,
      "tn" : 1756451745613335668,
      "q" : "26.7",
      "p" : "2.6837",
      "s" : "sell",
      "i" : "QTUM_USD",
      "m" : "4611686018430072793"
    }, {
      "d" : "1756451739034331853",
      "t" : 1756451739034,
      "tn" : 1756451739034331853,
      "q" : "0.5",
      "p" : "2.6839",
      "s" : "buy",
      "i" : "QTUM_USD",
      "m" : "4611686018430072792"
    }, {
      "d" : "1756451732541728918",
      "t" : 1756451732541,
      "tn" : 1756451732541728918,
      "q" : "2.8",
      "p" : "2.6857",
      "s" : "sell",
      "i" : "QTUM_USD",
      "m" : "4611686018430072791"
    }, {
      "d" : "1756451588809998593",
      "t" : 1756451588809,
      "tn" : 1756451588809998591,
      "q" : "6.6",
      "p" : "2.6951",
      "s" : "sell",
      "i" : "QTUM_USD",
      "m" : "4611686018430072790"
    }, {
      "d" : "1756451588809998592",
      "t" : 1756451588809,
      "tn" : 1756451588809998591,
      "q" : "6.6",
      "p" : "2.6951",
      "s" : "sell",
      "i" : "QTUM_USD",
      "m" : "4611686018430072790"
    }, {
      "d" : "1756451588809998591",
      "t" : 1756451588809,
      "tn" : 1756451588809998591,
      "q" : "3.6",
      "p" : "2.6951",
      "s" : "sell",
      "i" : "QTUM_USD",
      "m" : "4611686018430072790"
    }, {
      "d" : "1756451568278567091",
      "t" : 1756451568278,
      "tn" : 1756451568278567090,
      "q" : "3.0",
      "p" : "2.6951",
      "s" : "sell",
      "i" : "QTUM_USD",
      "m" : "4611686018430072789"
    }, {
      "d" : "1756451568278567090",
      "t" : 1756451568278,
      "tn" : 1756451568278567090,
      "q" : "6.6",
      "p" : "2.6951",
      "s" : "sell",
      "i" : "QTUM_USD",
      "m" : "4611686018430072789"
    }, {
      "d" : "1756451560828351835",
      "t" : 1756451560828,
      "tn" : 1756451560828351835,
      "q" : "0.5",
      "p" : "2.6999",
      "s" : "sell",
      "i" : "QTUM_USD",
      "m" : "4611686018430072788"
    }, {
      "d" : "1756451552909453193",
      "t" : 1756451552909,
      "tn" : 1756451552909453193,
      "q" : "0.5",
      "p" : "2.7029",
      "s" : "sell",
      "i" : "QTUM_USD",
      "m" : "4611686018430072787"
    }, {
      "d" : "1756451428584422941",
      "t" : 1756451428584,
      "tn" : 1756451428584422941,
      "q" : "0.5",
      "p" : "2.7064",
      "s" : "sell",
      "i" : "QTUM_USD",
      "m" : "4611686018430072786"
    }, {
      "d" : "1756450904164665179",
      "t" : 1756450904164,
      "tn" : 1756450904164665179,
      "q" : "11.1",
      "p" : "2.6951",
      "s" : "buy",
      "i" : "QTUM_USD",
      "m" : "4611686018430072785"
    }, {
      "d" : "1756450802644714146",
      "t" : 1756450802644,
      "tn" : 1756450802644714146,
      "q" : "19.1",
      "p" : "2.6976",
      "s" : "buy",
      "i" : "QTUM_USD",
      "m" : "4611686018430072784"
    }, {
      "d" : "1756450551851371976",
      "t" : 1756450551851,
      "tn" : 1756450551851371976,
      "q" : "18.6",
      "p" : "2.7098",
      "s" : "sell",
      "i" : "QTUM_USD",
      "m" : "4611686018430072783"
    }, {
      "d" : "1756450455790641906",
      "t" : 1756450455790,
      "tn" : 1756450455790641906,
      "q" : "0.5",
      "p" : "2.7047",
      "s" : "sell",
      "i" : "QTUM_USD",
      "m" : "4611686018430072782"
    }, {
      "d" : "1756450450044441064",
      "t" : 1756450450044,
      "tn" : 1756450450044441064,
      "q" : "0.5",
      "p" : "2.7052",
      "s" : "buy",
      "i" : "QTUM_USD",
      "m" : "4611686018430072781"
    }, {
      "d" : "1756450440062540831",
      "t" : 1756450440062,
      "tn" : 1756450440062540831,
      "q" : "0.5",
      "p" : "2.7016",
      "s" : "sell",
      "i" : "QTUM_USD",
      "m" : "4611686018430072780"
    }, {
      "d" : "1756450400527160755",
      "t" : 1756450400527,
      "tn" : 1756450400527160755,
      "q" : "0.5",
      "p" : "2.7037",
      "s" : "sell",
      "i" : "QTUM_USD",
      "m" : "4611686018430072779"
    }, {
      "d" : "1756450380188023766",
      "t" : 1756450380188,
      "tn" : 1756450380188023766,
      "q" : "0.5",
      "p" : "2.7061",
      "s" : "sell",
      "i" : "QTUM_USD",
      "m" : "4611686018430072778"
    }, {
      "d" : "1756450320475669043",
      "t" : 1756450320475,
      "tn" : 1756450320475669043,
      "q" : "0.5",
      "p" : "2.7047",
      "s" : "sell",
      "i" : "QTUM_USD",
      "m" : "4611686018430072777"
    }, {
      "d" : "1756450311071661293",
      "t" : 1756450311071,
      "tn" : 1756450311071661293,
      "q" : "0.5",
      "p" : "2.7057",
      "s" : "sell",
      "i" : "QTUM_USD",
      "m" : "4611686018430072776"
    }, {
      "d" : "1756450250081251625",
      "t" : 1756450250081,
      "tn" : 1756450250081251625,
      "q" : "0.5",
      "p" : "2.7082",
      "s" : "buy",
      "i" : "QTUM_USD",
      "m" : "4611686018430072775"
    }, {
      "d" : "1756450232399646119",
      "t" : 1756450232399,
      "tn" : 1756450232399646119,
      "q" : "0.5",
      "p" : "2.7082",
      "s" : "buy",
      "i" : "QTUM_USD",
      "m" : "4611686018430072774"
    }, {
      "d" : "1756450220924590144",
      "t" : 1756450220924,
      "tn" : 1756450220924590144,
      "q" : "0.5",
      "p" : "2.7076",
      "s" : "sell",
      "i" : "QTUM_USD",
      "m" : "4611686018430072773"
    }, {
      "d" : "1756450190098458523",
      "t" : 1756450190098,
      "tn" : 1756450190098458523,
      "q" : "0.5",
      "p" : "2.7166",
      "s" : "sell",
      "i" : "QTUM_USD",
      "m" : "4611686018430072772"
    }, {
      "d" : "1756450141226511023",
      "t" : 1756450141226,
      "tn" : 1756450141226511023,
      "q" : "0.5",
      "p" : "2.7167",
      "s" : "sell",
      "i" : "QTUM_USD",
      "m" : "4611686018430072771"
    }, {
      "d" : "1756450093807132316",
      "t" : 1756450093807,
      "tn" : 1756450093807132316,
      "q" : "0.5",
      "p" : "2.7197",
      "s" : "sell",
      "i" : "QTUM_USD",
      "m" : "4611686018430072770"
    }, {
      "d" : "1756450081768384998",
      "t" : 1756450081768,
      "tn" : 1756450081768384998,
      "q" : "0.5",
      "p" : "2.7197",
      "s" : "sell",
      "i" : "QTUM_USD",
      "m" : "4611686018430072769"
    }, {
      "d" : "1756450070534433623",
      "t" : 1756450070534,
      "tn" : 1756450070534433623,
      "q" : "0.5",
      "p" : "2.7197",
      "s" : "sell",
      "i" : "QTUM_USD",
      "m" : "4611686018430072768"
    }, {
      "d" : "1756450031532369375",
      "t" : 1756450031532,
      "tn" : 1756450031532369375,
      "q" : "0.5",
      "p" : "2.7217",
      "s" : "sell",
      "i" : "QTUM_USD",
      "m" : "4611686018430072767"
    }, {
      "d" : "1756449980527388770",
      "t" : 1756449980527,
      "tn" : 1756449980527388770,
      "q" : "0.5",
      "p" : "2.7207",
      "s" : "sell",
      "i" : "QTUM_USD",
      "m" : "4611686018430072766"
    }, {
      "d" : "1756449962533718849",
      "t" : 1756449962533,
      "tn" : 1756449962533718849,
      "q" : "0.5",
      "p" : "2.7197",
      "s" : "sell",
      "i" : "QTUM_USD",
      "m" : "4611686018430072765"
    }, {
      "d" : "1756449957114015523",
      "t" : 1756449957114,
      "tn" : 1756449957114015523,
      "q" : "0.5",
      "p" : "2.7192",
      "s" : "sell",
      "i" : "QTUM_USD",
      "m" : "4611686018430072764"
    }, {
      "d" : "1756449954532784839",
      "t" : 1756449954532,
      "tn" : 1756449954532784839,
      "q" : "0.5",
      "p" : "2.7197",
      "s" : "sell",
      "i" : "QTUM_USD",
      "m" : "4611686018430072763"
    }, {
      "d" : "1756449945267417508",
      "t" : 1756449945267,
      "tn" : 1756449945267417508,
      "q" : "0.5",
      "p" : "2.7207",
      "s" : "sell",
      "i" : "QTUM_USD",
      "m" : "4611686018430072762"
    }, {
      "d" : "1756449942746214200",
      "t" : 1756449942746,
      "tn" : 1756449942746214200,
      "q" : "0.5",
      "p" : "2.7217",
      "s" : "sell",
      "i" : "QTUM_USD",
      "m" : "4611686018430072761"
    }, {
      "d" : "1756449923212497634",
      "t" : 1756449923212,
      "tn" : 1756449923212497634,
      "q" : "0.5",
      "p" : "2.7196",
      "s" : "sell",
      "i" : "QTUM_USD",
      "m" : "4611686018430072760"
    }, {
      "d" : "1756449885529803981",
      "t" : 1756449885529,
      "tn" : 1756449885529803981,
      "q" : "0.5",
      "p" : "2.7197",
      "s" : "sell",
      "i" : "QTUM_USD",
      "m" : "4611686018430072759"
    }, {
      "d" : "1756449878402793961",
      "t" : 1756449878402,
      "tn" : 1756449878402793961,
      "q" : "0.5",
      "p" : "2.7217",
      "s" : "sell",
      "i" : "QTUM_USD",
      "m" : "4611686018430072758"
    }, {
      "d" : "1756449838616159543",
      "t" : 1756449838616,
      "tn" : 1756449838616159543,
      "q" : "0.5",
      "p" : "2.7202",
      "s" : "sell",
      "i" : "QTUM_USD",
      "m" : "4611686018430072757"
    }, {
      "d" : "1756449824262885383",
      "t" : 1756449824262,
      "tn" : 1756449824262885383,
      "q" : "0.5",
      "p" : "2.7207",
      "s" : "sell",
      "i" : "QTUM_USD",
      "m" : "4611686018430072756"
    }, {
      "d" : "1756449820326823863",
      "t" : 1756449820326,
      "tn" : 1756449820326823863,
      "q" : "0.5",
      "p" : "2.7197",
      "s" : "sell",
      "i" : "QTUM_USD",
      "m" : "4611686018430072755"
    }, {
      "d" : "1756449813760429538",
      "t" : 1756449813760,
      "tn" : 1756449813760429538,
      "q" : "0.5",
      "p" : "2.7216",
      "s" : "sell",
      "i" : "QTUM_USD",
      "m" : "4611686018430072754"
    }, {
      "d" : "1756449807785344077",
      "t" : 1756449807785,
      "tn" : 1756449807785344077,
      "q" : "0.5",
      "p" : "2.7217",
      "s" : "sell",
      "i" : "QTUM_USD",
      "m" : "4611686018430072753"
    }, {
      "d" : "1756449756526620270",
      "t" : 1756449756526,
      "tn" : 1756449756526620270,
      "q" : "0.5",
      "p" : "2.7222",
      "s" : "buy",
      "i" : "QTUM_USD",
      "m" : "4611686018430072752"
    }, {
      "d" : "1756449755739626889",
      "t" : 1756449755739,
      "tn" : 1756449755739626889,
      "q" : "0.5",
      "p" : "2.7226",
      "s" : "sell",
      "i" : "QTUM_USD",
      "m" : "4611686018430072751"
    }, {
      "d" : "1756449738108229628",
      "t" : 1756449738108,
      "tn" : 1756449738108229628,
      "q" : "0.5",
      "p" : "2.7166",
      "s" : "sell",
      "i" : "QTUM_USD",
      "m" : "4611686018430072750"
    }, {
      "d" : "1756449736500441089",
      "t" : 1756449736500,
      "tn" : 1756449736500441089,
      "q" : "0.5",
      "p" : "2.7167",
      "s" : "sell",
      "i" : "QTUM_USD",
      "m" : "4611686018430072749"
    }, {
      "d" : "1756449729466061123",
      "t" : 1756449729466,
      "tn" : 1756449729466061123,
      "q" : "0.5",
      "p" : "2.7132",
      "s" : "buy",
      "i" : "QTUM_USD",
      "m" : "4611686018430072748"
    }, {
      "d" : "1756449725828212750",
      "t" : 1756449725828,
      "tn" : 1756449725828212750,
      "q" : "0.5",
      "p" : "2.7132",
      "s" : "sell",
      "i" : "QTUM_USD",
      "m" : "4611686018430072747"
    }, {
      "d" : "1756449723833449514",
      "t" : 1756449723833,
      "tn" : 1756449723833449514,
      "q" : "0.5",
      "p" : "2.7137",
      "s" : "sell",
      "i" : "QTUM_USD",
      "m" : "4611686018430072746"
    }, {
      "d" : "1756449722540509719",
      "t" : 1756449722540,
      "tn" : 1756449722540509719,
      "q" : "0.5",
      "p" : "2.7137",
      "s" : "sell",
      "i" : "QTUM_USD",
      "m" : "4611686018430072745"
    }, {
      "d" : "1756449722254248464",
      "t" : 1756449722254,
      "tn" : 1756449722254248464,
      "q" : "0.5",
      "p" : "2.7142",
      "s" : "buy",
      "i" : "QTUM_USD",
      "m" : "4611686018430072744"
    }, {
      "d" : "1756449689448504547",
      "t" : 1756449689448,
      "tn" : 1756449689448504547,
      "q" : "0.5",
      "p" : "2.7147",
      "s" : "sell",
      "i" : "QTUM_USD",
      "m" : "4611686018430072743"
    }, {
      "d" : "1756449681804620669",
      "t" : 1756449681804,
      "tn" : 1756449681804620669,
      "q" : "0.5",
      "p" : "2.7147",
      "s" : "sell",
      "i" : "QTUM_USD",
      "m" : "4611686018430072742"
    }, {
      "d" : "1756449599502101138",
      "t" : 1756449599502,
      "tn" : 1756449599502101138,
      "q" : "0.5",
      "p" : "2.7162",
      "s" : "buy",
      "i" : "QTUM_USD",
      "m" : "4611686018430072741"
    }, {
      "d" : "1756449586527425822",
      "t" : 1756449586527,
      "tn" : 1756449586527425822,
      "q" : "0.5",
      "p" : "2.7212",
      "s" : "sell",
      "i" : "QTUM_USD",
      "m" : "4611686018430072740"
    }, {
      "d" : "1756449566495460058",
      "t" : 1756449566495,
      "tn" : 1756449566495460058,
      "q" : "0.5",
      "p" : "2.7297",
      "s" : "sell",
      "i" : "QTUM_USD",
      "m" : "4611686018430072739"
    }, {
      "d" : "1756449559785870230",
      "t" : 1756449559785,
      "tn" : 1756449559785870230,
      "q" : "0.5",
      "p" : "2.7322",
      "s" : "sell",
      "i" : "QTUM_USD",
      "m" : "4611686018430072738"
    }, {
      "d" : "1756449449666541079",
      "t" : 1756449449666,
      "tn" : 1756449449666541079,
      "q" : "19.7",
      "p" : "2.7345",
      "s" : "sell",
      "i" : "QTUM_USD",
      "m" : "4611686018430072737"
    }, {
      "d" : "1756448138416505119",
      "t" : 1756448138416,
      "tn" : 1756448138416505119,
      "q" : "0.5",
      "p" : "2.7434",
      "s" : "sell",
      "i" : "QTUM_USD",
      "m" : "4611686018430072736"
    }, {
      "d" : "1756448089532246522",
      "t" : 1756448089532,
      "tn" : 1756448089532246522,
      "q" : "0.5",
      "p" : "2.7494",
      "s" : "sell",
      "i" : "QTUM_USD",
      "m" : "4611686018430072735"
    }, {
      "d" : "1756447573394936384",
      "t" : 1756447573394,
      "tn" : 1756447573394936384,
      "q" : "0.5",
      "p" : "2.7404",
      "s" : "sell",
      "i" : "QTUM_USD",
      "m" : "4611686018430072734"
    }, {
      "d" : "1756447331496785021",
      "t" : 1756447331496,
      "tn" : 1756447331496785021,
      "q" : "0.5",
      "p" : "2.7574",
      "s" : "buy",
      "i" : "QTUM_USD",
      "m" : "4611686018430072733"
    }, {
      "d" : "1756447205368435864",
      "t" : 1756447205368,
      "tn" : 1756447205368435864,
      "q" : "0.5",
      "p" : "2.7544",
      "s" : "sell",
      "i" : "QTUM_USD",
      "m" : "4611686018430072732"
    }, {
      "d" : "1756447116500477246",
      "t" : 1756447116500,
      "tn" : 1756447116500477246,
      "q" : "0.5",
      "p" : "2.7465",
      "s" : "buy",
      "i" : "QTUM_USD",
      "m" : "4611686018430072731"
    }, {
      "d" : "1756447005802133734",
      "t" : 1756447005802,
      "tn" : 1756447005802133734,
      "q" : "30.0",
      "p" : "2.7486",
      "s" : "buy",
      "i" : "QTUM_USD",
      "m" : "4611686018430072730"
    }, {
      "d" : "1756446787531294058",
      "t" : 1756446787531,
      "tn" : 1756446787531294058,
      "q" : "0.5",
      "p" : "2.7594",
      "s" : "buy",
      "i" : "QTUM_USD",
      "m" : "4611686018430072729"
    }, {
      "d" : "1756446690531217860",
      "t" : 1756446690531,
      "tn" : 1756446690531217860,
      "q" : "0.5",
      "p" : "2.7614",
      "s" : "sell",
      "i" : "QTUM_USD",
      "m" : "4611686018430072728"
    }, {
      "d" : "1756446485495882418",
      "t" : 1756446485495,
      "tn" : 1756446485495882418,
      "q" : "0.5",
      "p" : "2.7664",
      "s" : "buy",
      "i" : "QTUM_USD",
      "m" : "4611686018430072727"
    }, {
      "d" : "1756446114595806586",
      "t" : 1756446114595,
      "tn" : 1756446114595806586,
      "q" : "0.5",
      "p" : "2.7674",
      "s" : "buy",
      "i" : "QTUM_USD",
      "m" : "4611686018430072726"
    }, {
      "d" : "1756445718527470446",
      "t" : 1756445718527,
      "tn" : 1756445718527470446,
      "q" : "0.5",
      "p" : "2.7594",
      "s" : "buy",
      "i" : "QTUM_USD",
      "m" : "4611686018430072725"
    }, {
      "d" : "1756445426405996936",
      "t" : 1756445426405,
      "tn" : 1756445426405996936,
      "q" : "0.5",
      "p" : "2.7604",
      "s" : "sell",
      "i" : "QTUM_USD",
      "m" : "4611686018430072724"
    }, {
      "d" : "1756445253179769036",
      "t" : 1756445253179,
      "tn" : 1756445253179769036,
      "q" : "0.5",
      "p" : "2.7704",
      "s" : "buy",
      "i" : "QTUM_USD",
      "m" : "4611686018430072723"
    }, {
      "d" : "1756445116011865896",
      "t" : 1756445116011,
      "tn" : 1756445116011865896,
      "q" : "0.5",
      "p" : "2.7705",
      "s" : "buy",
      "i" : "QTUM_USD",
      "m" : "4611686018430072722"
    }, {
      "d" : "1756445115954064612",
      "t" : 1756445115954,
      "tn" : 1756445115954064612,
      "q" : "0.5",
      "p" : "2.7709",
      "s" : "sell",
      "i" : "QTUM_USD",
      "m" : "4611686018430072721"
    }, {
      "d" : "1756444756173959810",
      "t" : 1756444756173,
      "tn" : 1756444756173959810,
      "q" : "0.5",
      "p" : "2.7734",
      "s" : "sell",
      "i" : "QTUM_USD",
      "m" : "4611686018430072720"
    }, {
      "d" : "1756444724496383144",
      "t" : 1756444724496,
      "tn" : 1756444724496383144,
      "q" : "0.5",
      "p" : "2.7754",
      "s" : "buy",
      "i" : "QTUM_USD",
      "m" : "4611686018430072719"
    }, {
      "d" : "1756444709262611268",
      "t" : 1756444709262,
      "tn" : 1756444709262611268,
      "q" : "49.7",
      "p" : "2.7801",
      "s" : "buy",
      "i" : "QTUM_USD",
      "m" : "4611686018430072718"
    }, {
      "d" : "1756444590531350297",
      "t" : 1756444590531,
      "tn" : 1756444590531350297,
      "q" : "0.5",
      "p" : "2.7774",
      "s" : "buy",
      "i" : "QTUM_USD",
      "m" : "4611686018430072717"
    }, {
      "d" : "1756444587495563464",
      "t" : 1756444587495,
      "tn" : 1756444587495563464,
      "q" : "0.5",
      "p" : "2.7764",
      "s" : "buy",
      "i" : "QTUM_USD",
      "m" : "4611686018430072716"
    }, {
      "d" : "1756444345877351729",
      "t" : 1756444345877,
      "tn" : 1756444345877351729,
      "q" : "0.5",
      "p" : "2.7795",
      "s" : "buy",
      "i" : "QTUM_USD",
      "m" : "4611686018430072715"
    }, {
      "d" : "1756444281945403087",
      "t" : 1756444281945,
      "tn" : 1756444281945403087,
      "q" : "0.5",
      "p" : "2.7799",
      "s" : "sell",
      "i" : "QTUM_USD",
      "m" : "4611686018430072714"
    }, {
      "d" : "1756444151500381944",
      "t" : 1756444151500,
      "tn" : 1756444151500381944,
      "q" : "0.5",
      "p" : "2.7824",
      "s" : "buy",
      "i" : "QTUM_USD",
      "m" : "4611686018430072713"
    }, {
      "d" : "1756444007189151461",
      "t" : 1756444007189,
      "tn" : 1756444007189151461,
      "q" : "0.5",
      "p" : "2.7774",
      "s" : "sell",
      "i" : "QTUM_USD",
      "m" : "4611686018430072712"
    }, {
      "d" : "1756444003075186568",
      "t" : 1756444003075,
      "tn" : 1756444003075186568,
      "q" : "0.5",
      "p" : "2.7784",
      "s" : "sell",
      "i" : "QTUM_USD",
      "m" : "4611686018430072711"
    }, {
      "d" : "1756443960699190607",
      "t" : 1756443960699,
      "tn" : 1756443960699190607,
      "q" : "0.5",
      "p" : "2.7884",
      "s" : "buy",
      "i" : "QTUM_USD",
      "m" : "4611686018430072710"
    }, {
      "d" : "1756443809902265942",
      "t" : 1756443809902,
      "tn" : 1756443809902265942,
      "q" : "7.6",
      "p" : "2.7901",
      "s" : "buy",
      "i" : "QTUM_USD",
      "m" : "4611686018430072709"
    }, {
      "d" : "1756443580492678063",
      "t" : 1756443580492,
      "tn" : 1756443580492678063,
      "q" : "0.5",
      "p" : "2.8034",
      "s" : "buy",
      "i" : "QTUM_USD",
      "m" : "4611686018430072708"
    }, {
      "d" : "1756443525721068306",
      "t" : 1756443525721,
      "tn" : 1756443525721068306,
      "q" : "17.8",
      "p" : "2.8056",
      "s" : "buy",
      "i" : "QTUM_USD",
      "m" : "4611686018430072707"
    }, {
      "d" : "1756443487531342546",
      "t" : 1756443487531,
      "tn" : 1756443487531342546,
      "q" : "0.5",
      "p" : "2.7984",
      "s" : "buy",
      "i" : "QTUM_USD",
      "m" : "4611686018430072706"
    }, {
      "d" : "1756443440277954515",
      "t" : 1756443440277,
      "tn" : 1756443440277954515,
      "q" : "8.9",
      "p" : "2.8035",
      "s" : "sell",
      "i" : "QTUM_USD",
      "m" : "4611686018430072705"
    }, {
      "d" : "1756443440258467839",
      "t" : 1756443440258,
      "tn" : 1756443440258467839,
      "q" : "28.5",
      "p" : "2.8035",
      "s" : "sell",
      "i" : "QTUM_USD",
      "m" : "4611686018430072704"
    }, {
      "d" : "1756443438822536775",
      "t" : 1756443438822,
      "tn" : 1756443438822536775,
      "q" : "0.5",
      "p" : "2.8006",
      "s" : "buy",
      "i" : "QTUM_USD",
      "m" : "4611686018430072703"
    }, {
      "d" : "1756443419182648668",
      "t" : 1756443419182,
      "tn" : 1756443419182648668,
      "q" : "2.0",
      "p" : "2.7992",
      "s" : "sell",
      "i" : "QTUM_USD",
      "m" : "4611686018430072702"
    }, {
      "d" : "1756443315501599103",
      "t" : 1756443315501,
      "tn" : 1756443315501599103,
      "q" : "0.5",
      "p" : "2.7914",
      "s" : "buy",
      "i" : "QTUM_USD",
      "m" : "4611686018430072701"
    }, {
      "d" : "1756443045839473341",
      "t" : 1756443045839,
      "tn" : 1756443045839473341,
      "q" : "0.5",
      "p" : "2.8155",
      "s" : "buy",
      "i" : "QTUM_USD",
      "m" : "4611686018430072700"
    }, {
      "d" : "1756442990532889525",
      "t" : 1756442990532,
      "tn" : 1756442990532889525,
      "q" : "0.5",
      "p" : "2.8174",
      "s" : "buy",
      "i" : "QTUM_USD",
      "m" : "4611686018430072699"
    }, {
      "d" : "1756442906532876395",
      "t" : 1756442906532,
      "tn" : 1756442906532876395,
      "q" : "0.5",
      "p" : "2.8174",
      "s" : "buy",
      "i" : "QTUM_USD",
      "m" : "4611686018430072698"
    }, {
      "d" : "1756442685254476749",
      "t" : 1756442685254,
      "tn" : 1756442685254476749,
      "q" : "4.6",
      "p" : "2.8266",
      "s" : "sell",
      "i" : "QTUM_USD",
      "m" : "4611686018430072697"
    }, {
      "d" : "1756442685253424049",
      "t" : 1756442685253,
      "tn" : 1756442685253424049,
      "q" : "0.5",
      "p" : "2.8254",
      "s" : "buy",
      "i" : "QTUM_USD",
      "m" : "4611686018430072696"
    }, {
      "d" : "1756442565698109896",
      "t" : 1756442565698,
      "tn" : 1756442565698109896,
      "q" : "2.4",
      "p" : "2.8294",
      "s" : "sell",
      "i" : "QTUM_USD",
      "m" : "4611686018430072695"
    }, {
      "d" : "1756442565697830790",
      "t" : 1756442565697,
      "tn" : 1756442565697830790,
      "q" : "17.7",
      "p" : "2.8294",
      "s" : "sell",
      "i" : "QTUM_USD",
      "m" : "4611686018430072694"
    }, {
      "d" : "1756442418820449016",
      "t" : 1756442418820,
      "tn" : 1756442418820449016,
      "q" : "7.9",
      "p" : "2.8206",
      "s" : "buy",
      "i" : "QTUM_USD",
      "m" : "4611686018430072693"
    }, {
      "d" : "1756442416876152594",
      "t" : 1756442416876,
      "tn" : 1756442416876152594,
      "q" : "0.5",
      "p" : "2.8219",
      "s" : "sell",
      "i" : "QTUM_USD",
      "m" : "4611686018430072692"
    }, {
      "d" : "1756442333528948418",
      "t" : 1756442333528,
      "tn" : 1756442333528948418,
      "q" : "0.5",
      "p" : "2.8234",
      "s" : "buy",
      "i" : "QTUM_USD",
      "m" : "4611686018430072691"
    }, {
      "d" : "1756442266620825759",
      "t" : 1756442266620,
      "tn" : 1756442266620825759,
      "q" : "4.0",
      "p" : "2.8158",
      "s" : "buy",
      "i" : "QTUM_USD",
      "m" : "4611686018430072690"
    }, {
      "d" : "1756442100497352526",
      "t" : 1756442100497,
      "tn" : 1756442100497352526,
      "q" : "0.5",
      "p" : "2.8354",
      "s" : "buy",
      "i" : "QTUM_USD",
      "m" : "4611686018430072689"
    }, {
      "d" : "1756442084531572262",
      "t" : 1756442084531,
      "tn" : 1756442084531572262,
      "q" : "0.5",
      "p" : "2.8324",
      "s" : "buy",
      "i" : "QTUM_USD",
      "m" : "4611686018430072688"
    }, {
      "d" : "1756442030680546263",
      "t" : 1756442030680,
      "tn" : 1756442030680546263,
      "q" : "0.5",
      "p" : "2.8294",
      "s" : "buy",
      "i" : "QTUM_USD",
      "m" : "4611686018430072687"
    }, {
      "d" : "1756441968764613210",
      "t" : 1756441968764,
      "tn" : 1756441968764613210,
      "q" : "0.5",
      "p" : "2.8194",
      "s" : "buy",
      "i" : "QTUM_USD",
      "m" : "4611686018430072686"
    }, {
      "d" : "1756441832718097909",
      "t" : 1756441832718,
      "tn" : 1756441832718097909,
      "q" : "0.5",
      "p" : "2.8379",
      "s" : "buy",
      "i" : "QTUM_USD",
      "m" : "4611686018430072685"
    }, {
      "d" : "1756441832709852544",
      "t" : 1756441832709,
      "tn" : 1756441832709852544,
      "q" : "0.5",
      "p" : "2.8374",
      "s" : "buy",
      "i" : "QTUM_USD",
      "m" : "4611686018430072684"
    }, {
      "d" : "1756441756531338634",
      "t" : 1756441756531,
      "tn" : 1756441756531338634,
      "q" : "0.5",
      "p" : "2.8417",
      "s" : "buy",
      "i" : "QTUM_USD",
      "m" : "4611686018430072683"
    }, {
      "d" : "1756441620493771980",
      "t" : 1756441620493,
      "tn" : 1756441620493771980,
      "q" : "0.5",
      "p" : "2.8387",
      "s" : "buy",
      "i" : "QTUM_USD",
      "m" : "4611686018430072682"
    }, {
      "d" : "1756441354494459175",
      "t" : 1756441354494,
      "tn" : 1756441354494459175,
      "q" : "0.5",
      "p" : "2.8367",
      "s" : "buy",
      "i" : "QTUM_USD",
      "m" : "4611686018430072681"
    }, {
      "d" : "1756441337534064201",
      "t" : 1756441337534,
      "tn" : 1756441337534064201,
      "q" : "0.5",
      "p" : "2.8362",
      "s" : "sell",
      "i" : "QTUM_USD",
      "m" : "4611686018430072680"
    }, {
      "d" : "1756441105827661563",
      "t" : 1756441105827,
      "tn" : 1756441105827661563,
      "q" : "0.5",
      "p" : "2.8387",
      "s" : "buy",
      "i" : "QTUM_USD",
      "m" : "4611686018430072679"
    }, {
      "d" : "1756440756493855944",
      "t" : 1756440756493,
      "tn" : 1756440756493855944,
      "q" : "0.5",
      "p" : "2.8437",
      "s" : "buy",
      "i" : "QTUM_USD",
      "m" : "4611686018430072678"
    }, {
      "d" : "1756440732530154724",
      "t" : 1756440732530,
      "tn" : 1756440732530154724,
      "q" : "0.5",
      "p" : "2.8387",
      "s" : "buy",
      "i" : "QTUM_USD",
      "m" : "4611686018430072677"
    }, {
      "d" : "1756440608528507841",
      "t" : 1756440608528,
      "tn" : 1756440608528507841,
      "q" : "0.5",
      "p" : "2.8497",
      "s" : "buy",
      "i" : "QTUM_USD",
      "m" : "4611686018430072676"
    }, {
      "d" : "1756440300336193950",
      "t" : 1756440300336,
      "tn" : 1756440300336193950,
      "q" : "0.5",
      "p" : "2.8537",
      "s" : "buy",
      "i" : "QTUM_USD",
      "m" : "4611686018430072675"
    }, {
      "d" : "1756440287528857346",
      "t" : 1756440287528,
      "tn" : 1756440287528857346,
      "q" : "0.5",
      "p" : "2.8597",
      "s" : "sell",
      "i" : "QTUM_USD",
      "m" : "4611686018430072674"
    }, {
      "d" : "1756440245531091022",
      "t" : 1756440245531,
      "tn" : 1756440245531091022,
      "q" : "0.5",
      "p" : "2.8697",
      "s" : "buy",
      "i" : "QTUM_USD",
      "m" : "4611686018430072673"
    }, {
      "d" : "1756440185906001916",
      "t" : 1756440185906,
      "tn" : 1756440185906001916,
      "q" : "0.5",
      "p" : "2.8738",
      "s" : "buy",
      "i" : "QTUM_USD",
      "m" : "4611686018430072672"
    }, {
      "d" : "1756440173496394969",
      "t" : 1756440173496,
      "tn" : 1756440173496394969,
      "q" : "0.5",
      "p" : "2.8687",
      "s" : "buy",
      "i" : "QTUM_USD",
      "m" : "4611686018430072671"
    } ]
  }
}