{
  "id" : -1,
  "method" : "public/get-trades",
  "code" : 0,
  "result" : {
    "data" : [ {
      "d" : "1756450874999026153",
      "t" : 1756450874999,
      "tn" : 1756450874999026153,
      "q" : "12342",
      "p" : "0.023919",
      "s" : "sell",
      "i" : "QUICK_USD",
      "m" : "4611686018429016225"
    }, {
      "d" : "1756449760647361846",
      "t" : 1756449760647,
      "tn" : 1756449760647361846,
      "q" : "782",
      "p" : "0.023996",
      "s" : "sell",
      "i" : "QUICK_USD",
      "m" : "4611686018429016224"
    }, {
      "d" : "1756443331568693433",
      "t" : 1756443331568,
      "tn" : 1756443331568693433,
      "q" : "5199",
      "p" : "0.024722",
      "s" : "sell",
      "i" : "QUICK_USD",
      "m" : "4611686018429016223"
    }, {
      "d" : "1756443223640286759",
      "t" : 1756443223640,
      "tn" : 1756443223640286759,
      "q" : "2111",
      "p" : "0.024782",
      "s" : "sell",
      "i" : "QUICK_USD",
      "m" : "4611686018429016222"
    }, {
      "d" : "1756434082764206061",
      "t" : 1756434082764,
      "tn" : 1756434082764206061,
      "q" : "5087",
      "p" : "0.024635",
      "s" : "sell",
      "i" : "QUICK_USD",
      "m" : "4611686018429016221"
    }, {
      "d" : "1756430284987513125",
      "t" : 1756430284987,
      "tn" : 1756430284987513125,
      "q" : "931",
      "p" : "0.024433",
      "s" : "sell",
      "i" : "QUICK_USD",
      "m" : "4611686018429016220"
    }, {
      "d" : "1756427956838292035",
      "t" : 1756427956838,
      "tn" : 1756427956838292035,
      "q" : "267",
      "p" : "0.024483",
      "s" : "sell",
      "i" : "QUICK_USD",
      "m" : "4611686018429016219"
    }, {
      "d" : "1756427953651296852",
      "t" : 1756427953651,
      "tn" : 1756427953651296852,
      "q" : "2042",
      "p" : "0.024484",
      "s" : "buy",
      "i" : "QUICK_USD",
      "m" : "4611686018429016218"
    }, {
      "d" : "1756427953632270732",
      "t" : 1756427953632,
      "tn" : 1756427953632270732,
      "q" : "1342",
      "p" : "0.024484",
      "s" : "buy",
      "i" : "QUICK_USD",
      "m" : "4611686018429016217"
    }, {
      "d" : "1756427953618243488",
      "t" : 1756427953618,
      "tn" : 1756427953618243488,
      "q" : "3676",
      "p" : "0.024484",
      "s" : "buy",
      "i" : "QUICK_USD",
      "m" : "4611686018429016216"
    }, {
      "d" : "1756427953603996506",
      "t" : 1756427953603,
      "tn" : 1756427953603996506,
      "q" : "3676",
      "p" : "0.024484",
      "s" : "buy",
      "i" : "QUICK_USD",
      "m" : "4611686018429016215"
    }, {
      "d" : "1756427953591983335",
      "t" : 1756427953591,
      "tn" : 1756427953591983335,
      "q" : "3676",
      "p" : "0.024484",
      "s" : "buy",
      "i" : "QUICK_USD",
      "m" : "4611686018429016214"
    }, {
      "d" : "1756427953586218080",
      "t" : 1756427953586,
      "tn" : 1756427953586218080,
      "q" : "5800",
      "p" : "0.024484",
      "s" : "buy",
      "i" : "QUICK_USD",
      "m" : "4611686018429016213"
    }, {
      "d" : "1756427953584410327",
      "t" : 1756427953584,
      "tn" : 1756427953584410327,
      "q" : "5832",
      "p" : "0.024484",
      "s" : "buy",
      "i" : "QUICK_USD",
      "m" : "4611686018429016212"
    }, {
      "d" : "1756427953571504069",
      "t" : 1756427953571,
      "tn" : 1756427953571504069,
      "q" : "3676",
      "p" : "0.024484",
      "s" : "buy",
      "i" : "QUICK_USD",
      "m" : "4611686018429016211"
    }, {
      "d" : "1756427953565172208",
      "t" : 1756427953565,
      "tn" : 1756427953565172208,
      "q" : "17007",
      "p" : "0.024484",
      "s" : "sell",
      "i" : "QUICK_USD",
      "m" : "4611686018429016210"
    }, {
      "d" : "1756419719093227978",
      "t" : 1756419719093,
      "tn" : 1756419719093227978,
      "q" : "1773",
      "p" : "0.024403",
      "s" : "buy",
      "i" : "QUICK_USD",
      "m" : "4611686018429016209"
    }, {
      "d" : "1756413090196529933",
      "t" : 1756413090196,
      "tn" : 1756413090196529933,
      "q" : "128",
      "p" : "0.023816",
      "s" : "buy",
      "i" : "QUICK_USD",
      "m" : "4611686018429016208"
    }, {
      "d" : "1756413090187923422",
      "t" : 1756413090187,
      "tn" : 1756413090187923422,
      "q" : "1372",
      "p" : "0.023816",
      "s" : "sell",
      "i" : "QUICK_USD",
      "m" : "4611686018429016207"
    }, {
      "d" : "1756411211399622491",
      "t" : 1756411211399,
      "tn" : 1756411211399622491,
      "q" : "437",
      "p" : "0.023470",
      "s" : "sell",
      "i" : "QUICK_USD",
      "m" : "4611686018429016206"
    }, {
      "d" : "1756410009702836982",
      "t" : 1756410009702,
      "tn" : 1756410009702836982,
      "q" : "10000",
      "p" : "0.023963",
      "s" : "buy",
      "i" : "QUICK_USD",
      "m" : "4611686018429016205"
    }, {
      "d" : "1756395342413560680",
      "t" : 1756395342413,
      "tn" : 1756395342413560680,
      "q" : "344",
      "p" : "0.024115",
      "s" : "sell",
      "i" : "QUICK_USD",
      "m" : "4611686018429016204"
    }, {
      "d" : "1756383319224285265",
      "t" : 1756383319224,
      "tn" : 1756383319224285265,
      "q" : "2787",
      "p" : "0.024075",
      "s" : "sell",
      "i" : "QUICK_USD",
      "m" : "4611686018429016203"
    } ]
  }
}