{
  "id" : -1,
  "method" : "public/get-trades",
  "code" : 0,
  "result" : {
    "data" : [ {
      "d" : "1756462246682397185",
      "t" : 1756462246682,
      "tn" : 1756462246682397185,
      "q" : "55.7",
      "p" : "0.6849",
      "s" : "sell",
      "i" : "RAD_USD",
      "m" : "4611686018430196469"
    }, {
      "d" : "1756459135186162978",
      "t" : 1756459135186,
      "tn" : 1756459135186162978,
      "q" : "7.2",
      "p" : "0.6831",
      "s" : "sell",
      "i" : "RAD_USD",
      "m" : "4611686018430196468"
    }, {
      "d" : "1756455508968813281",
      "t" : 1756455508968,
      "tn" : 1756455508968813281,
      "q" : "447.4",
      "p" : "0.6911",
      "s" : "sell",
      "i" : "RAD_USD",
      "m" : "4611686018430196467"
    }, {
      "d" : "1756454991274830946",
      "t" : 1756454991274,
      "tn" : 1756454991274830946,
      "q" : "735.2",
      "p" : "0.6918",
      "s" : "sell",
      "i" : "RAD_USD",
      "m" : "4611686018430196466"
    }, {
      "d" : "1756454262872961477",
      "t" : 1756454262872,
      "tn" : 1756454262872961477,
      "q" : "668.0",
      "p" : "0.6924",
      "s" : "sell",
      "i" : "RAD_USD",
      "m" : "4611686018430196465"
    }, {
      "d" : "1756452683214868351",
      "t" : 1756452683214,
      "tn" : 1756452683214868351,
      "q" : "649.5",
      "p" : "0.6953",
      "s" : "sell",
      "i" : "RAD_USD",
      "m" : "4611686018430196464"
    }, {
      "d" : "1756451318963757933",
      "t" : 1756451318963,
      "tn" : 1756451318963757933,
      "q" : "767.3",
      "p" : "0.6936",
      "s" : "sell",
      "i" : "RAD_USD",
      "m" : "4611686018430196463"
    }, {
      "d" : "1756451318957713696",
      "t" : 1756451318957,
      "tn" : 1756451318957713696,
      "q" : "802.0",
      "p" : "0.6937",
      "s" : "sell",
      "i" : "RAD_USD",
      "m" : "4611686018430196462"
    }, {
      "d" : "1756451318957711009",
      "t" : 1756451318957,
      "tn" : 1756451318957711009,
      "q" : "311.8",
      "p" : "0.6938",
      "s" : "sell",
      "i" : "RAD_USD",
      "m" : "4611686018430196461"
    }, {
      "d" : "1756450278176004165",
      "t" : 1756450278176,
      "tn" : 1756450278176004165,
      "q" : "246.0",
      "p" : "0.7033",
      "s" : "buy",
      "i" : "RAD_USD",
      "m" : "4611686018430196460"
    }, {
      "d" : "1756450278176002325",
      "t" : 1756450278176,
      "tn" : 1756450278176002325,
      "q" : "156.7",
      "p" : "0.7029",
      "s" : "buy",
      "i" : "RAD_USD",
      "m" : "4611686018430196459"
    }, {
      "d" : "1756450278167805837",
      "t" : 1756450278167,
      "tn" : 1756450278167805837,
      "q" : "23.9",
      "p" : "0.7024",
      "s" : "buy",
      "i" : "RAD_USD",
      "m" : "4611686018430196458"
    }, {
      "d" : "1756450166341751726",
      "t" : 1756450166341,
      "tn" : 1756450166341751725,
      "q" : "950.4",
      "p" : "0.6988",
      "s" : "buy",
      "i" : "RAD_USD",
      "m" : "4611686018430196457"
    }, {
      "d" : "1756450166341751725",
      "t" : 1756450166341,
      "tn" : 1756450166341751725,
      "q" : "18.5",
      "p" : "0.6988",
      "s" : "buy",
      "i" : "RAD_USD",
      "m" : "4611686018430196457"
    }, {
      "d" : "1756450160863487059",
      "t" : 1756450160863,
      "tn" : 1756450160863487059,
      "q" : "594.7",
      "p" : "0.6978",
      "s" : "buy",
      "i" : "RAD_USD",
      "m" : "4611686018430196456"
    }, {
      "d" : "1756450160861513893",
      "t" : 1756450160861,
      "tn" : 1756450160861513893,
      "q" : "462.2",
      "p" : "0.6978",
      "s" : "buy",
      "i" : "RAD_USD",
      "m" : "4611686018430196455"
    }, {
      "d" : "1756450160860890448",
      "t" : 1756450160860,
      "tn" : 1756450160860890448,
      "q" : "379.4",
      "p" : "0.6976",
      "s" : "buy",
      "i" : "RAD_USD",
      "m" : "4611686018430196454"
    }, {
      "d" : "1756450150685734423",
      "t" : 1756450150685,
      "tn" : 1756450150685734423,
      "q" : "205.0",
      "p" : "0.6959",
      "s" : "buy",
      "i" : "RAD_USD",
      "m" : "4611686018430196453"
    }, {
      "d" : "1756450150679351684",
      "t" : 1756450150679,
      "tn" : 1756450150679351684,
      "q" : "483.1",
      "p" : "0.6959",
      "s" : "buy",
      "i" : "RAD_USD",
      "m" : "4611686018430196452"
    }, {
      "d" : "1756449750294223790",
      "t" : 1756449750294,
      "tn" : 1756449750294223790,
      "q" : "3.2",
      "p" : "0.6932",
      "s" : "buy",
      "i" : "RAD_USD",
      "m" : "4611686018430196451"
    }, {
      "d" : "1756449750148918277",
      "t" : 1756449750148,
      "tn" : 1756449750148918277,
      "q" : "134.1",
      "p" : "0.6932",
      "s" : "buy",
      "i" : "RAD_USD",
      "m" : "4611686018430196450"
    }, {
      "d" : "1756449749962775392",
      "t" : 1756449749962,
      "tn" : 1756449749962775392,
      "q" : "73.4",
      "p" : "0.6932",
      "s" : "buy",
      "i" : "RAD_USD",
      "m" : "4611686018430196449"
    }, {
      "d" : "1756449749860879592",
      "t" : 1756449749860,
      "tn" : 1756449749860879592,
      "q" : "646.9",
      "p" : "0.6932",
      "s" : "buy",
      "i" : "RAD_USD",
      "m" : "4611686018430196448"
    }, {
      "d" : "1756449380722898227",
      "t" : 1756449380722,
      "tn" : 1756449380722898227,
      "q" : "770.4",
      "p" : "0.6932",
      "s" : "sell",
      "i" : "RAD_USD",
      "m" : "4611686018430196447"
    }, {
      "d" : "1756448290714820549",
      "t" : 1756448290714,
      "tn" : 1756448290714820549,
      "q" : "233.1",
      "p" : "0.6913",
      "s" : "sell",
      "i" : "RAD_USD",
      "m" : "4611686018430196446"
    }, {
      "d" : "1756448290276843338",
      "t" : 1756448290276,
      "tn" : 1756448290276843338,
      "q" : "113.1",
      "p" : "0.6915",
      "s" : "sell",
      "i" : "RAD_USD",
      "m" : "4611686018430196445"
    }, {
      "d" : "1756448290175580989",
      "t" : 1756448290175,
      "tn" : 1756448290175580989,
      "q" : "273.4",
      "p" : "0.6913",
      "s" : "sell",
      "i" : "RAD_USD",
      "m" : "4611686018430196444"
    }, {
      "d" : "1756448290175579427",
      "t" : 1756448290175,
      "tn" : 1756448290175579427,
      "q" : "125.3",
      "p" : "0.6914",
      "s" : "sell",
      "i" : "RAD_USD",
      "m" : "4611686018430196443"
    }, {
      "d" : "1756448290175576939",
      "t" : 1756448290175,
      "tn" : 1756448290175576939,
      "q" : "211.0",
      "p" : "0.6915",
      "s" : "sell",
      "i" : "RAD_USD",
      "m" : "4611686018430196442"
    }, {
      "d" : "1756448287073771971",
      "t" : 1756448287073,
      "tn" : 1756448287073771971,
      "q" : "452.0",
      "p" : "0.6930",
      "s" : "sell",
      "i" : "RAD_USD",
      "m" : "4611686018430196441"
    }, {
      "d" : "1756448287067469808",
      "t" : 1756448287067,
      "tn" : 1756448287067469807,
      "q" : "318.8",
      "p" : "0.6932",
      "s" : "sell",
      "i" : "RAD_USD",
      "m" : "4611686018430196440"
    }, {
      "d" : "1756448287067469807",
      "t" : 1756448287067,
      "tn" : 1756448287067469807,
      "q" : "52.1",
      "p" : "0.6932",
      "s" : "sell",
      "i" : "RAD_USD",
      "m" : "4611686018430196440"
    }, {
      "d" : "1756448263006863233",
      "t" : 1756448263006,
      "tn" : 1756448263006863233,
      "q" : "317.3",
      "p" : "0.6941",
      "s" : "sell",
      "i" : "RAD_USD",
      "m" : "4611686018430196439"
    }, {
      "d" : "1756448188540987874",
      "t" : 1756448188540,
      "tn" : 1756448188540987874,
      "q" : "96.4",
      "p" : "0.6953",
      "s" : "sell",
      "i" : "RAD_USD",
      "m" : "4611686018430196438"
    }, {
      "d" : "1756448110000769922",
      "t" : 1756448110000,
      "tn" : 1756448110000769922,
      "q" : "18.5",
      "p" : "0.6933",
      "s" : "sell",
      "i" : "RAD_USD",
      "m" : "4611686018430196437"
    }, {
      "d" : "1756447350312888660",
      "t" : 1756447350312,
      "tn" : 1756447350312888660,
      "q" : "35.9",
      "p" : "0.7011",
      "s" : "sell",
      "i" : "RAD_USD",
      "m" : "4611686018430196436"
    }, {
      "d" : "1756447350210936036",
      "t" : 1756447350210,
      "tn" : 1756447350210936036,
      "q" : "831.9",
      "p" : "0.7011",
      "s" : "sell",
      "i" : "RAD_USD",
      "m" : "4611686018430196435"
    }, {
      "d" : "1756446365639940244",
      "t" : 1756446365639,
      "tn" : 1756446365639940244,
      "q" : "1.8",
      "p" : "0.7062",
      "s" : "buy",
      "i" : "RAD_USD",
      "m" : "4611686018430196434"
    }, {
      "d" : "1756445776101840538",
      "t" : 1756445776101,
      "tn" : 1756445776101840537,
      "q" : "250.2",
      "p" : "0.7027",
      "s" : "sell",
      "i" : "RAD_USD",
      "m" : "4611686018430196433"
    }, {
      "d" : "1756445776101840537",
      "t" : 1756445776101,
      "tn" : 1756445776101840537,
      "q" : "729.7",
      "p" : "0.7027",
      "s" : "sell",
      "i" : "RAD_USD",
      "m" : "4611686018430196433"
    }, {
      "d" : "1756445776101828704",
      "t" : 1756445776101,
      "tn" : 1756445776101828704,
      "q" : "299.0",
      "p" : "0.7028",
      "s" : "sell",
      "i" : "RAD_USD",
      "m" : "4611686018430196432"
    }, {
      "d" : "1756445776101825288",
      "t" : 1756445776101,
      "tn" : 1756445776101825288,
      "q" : "369.3",
      "p" : "0.7029",
      "s" : "sell",
      "i" : "RAD_USD",
      "m" : "4611686018430196431"
    }, {
      "d" : "1756444593305527569",
      "t" : 1756444593305,
      "tn" : 1756444593305527569,
      "q" : "558.4",
      "p" : "0.7050",
      "s" : "sell",
      "i" : "RAD_USD",
      "m" : "4611686018430196430"
    }, {
      "d" : "1756444486033134531",
      "t" : 1756444486033,
      "tn" : 1756444486033134531,
      "q" : "202.3",
      "p" : "0.7074",
      "s" : "buy",
      "i" : "RAD_USD",
      "m" : "4611686018430196429"
    }, {
      "d" : "1756439923606685345",
      "t" : 1756439923606,
      "tn" : 1756439923606685345,
      "q" : "335.5",
      "p" : "0.7116",
      "s" : "sell",
      "i" : "RAD_USD",
      "m" : "4611686018430196428"
    }, {
      "d" : "1756428224145102260",
      "t" : 1756428224145,
      "tn" : 1756428224145102260,
      "q" : "4.1",
      "p" : "0.7175",
      "s" : "buy",
      "i" : "RAD_USD",
      "m" : "4611686018430196427"
    }, {
      "d" : "1756427408024095574",
      "t" : 1756427408024,
      "tn" : 1756427408024095574,
      "q" : "28.0",
      "p" : "0.7186",
      "s" : "sell",
      "i" : "RAD_USD",
      "m" : "4611686018430196426"
    }, {
      "d" : "1756426175902756688",
      "t" : 1756426175902,
      "tn" : 1756426175902756688,
      "q" : "2.2",
      "p" : "0.7202",
      "s" : "buy",
      "i" : "RAD_USD",
      "m" : "4611686018430196425"
    }, {
      "d" : "1756425692479002045",
      "t" : 1756425692479,
      "tn" : 1756425692479002045,
      "q" : "2.2",
      "p" : "0.7202",
      "s" : "buy",
      "i" : "RAD_USD",
      "m" : "4611686018430196424"
    }, {
      "d" : "1756425197245615386",
      "t" : 1756425197245,
      "tn" : 1756425197245615386,
      "q" : "2.0",
      "p" : "0.7175",
      "s" : "sell",
      "i" : "RAD_USD",
      "m" : "4611686018430196423"
    }, {
      "d" : "1756424428322269335",
      "t" : 1756424428322,
      "tn" : 1756424428322269335,
      "q" : "418.3",
      "p" : "0.7211",
      "s" : "buy",
      "i" : "RAD_USD",
      "m" : "4611686018430196422"
    }, {
      "d" : "1756419182024236680",
      "t" : 1756419182024,
      "tn" : 1756419182024236680,
      "q" : "1054.2",
      "p" : "0.7165",
      "s" : "buy",
      "i" : "RAD_USD",
      "m" : "4611686018430196421"
    }, {
      "d" : "1756419084468776024",
      "t" : 1756419084468,
      "tn" : 1756419084468776024,
      "q" : "1.4",
      "p" : "0.7143",
      "s" : "sell",
      "i" : "RAD_USD",
      "m" : "4611686018430196420"
    }, {
      "d" : "1756419070897874296",
      "t" : 1756419070897,
      "tn" : 1756419070897874296,
      "q" : "19.4",
      "p" : "0.7152",
      "s" : "buy",
      "i" : "RAD_USD",
      "m" : "4611686018430196419"
    }, {
      "d" : "1756416668001786565",
      "t" : 1756416668001,
      "tn" : 1756416668001786565,
      "q" : "228.4",
      "p" : "0.7074",
      "s" : "buy",
      "i" : "RAD_USD",
      "m" : "4611686018430196418"
    }, {
      "d" : "1756416206485326444",
      "t" : 1756416206485,
      "tn" : 1756416206485326444,
      "q" : "257.9",
      "p" : "0.7051",
      "s" : "sell",
      "i" : "RAD_USD",
      "m" : "4611686018430196417"
    }, {
      "d" : "1756416206485323571",
      "t" : 1756416206485,
      "tn" : 1756416206485323571,
      "q" : "538.3",
      "p" : "0.7052",
      "s" : "sell",
      "i" : "RAD_USD",
      "m" : "4611686018430196416"
    }, {
      "d" : "1756411993669731943",
      "t" : 1756411993669,
      "tn" : 1756411993669731943,
      "q" : "173.5",
      "p" : "0.7075",
      "s" : "buy",
      "i" : "RAD_USD",
      "m" : "4611686018430196415"
    }, {
      "d" : "1756411993668103034",
      "t" : 1756411993668,
      "tn" : 1756411993668103034,
      "q" : "921.1",
      "p" : "0.7075",
      "s" : "buy",
      "i" : "RAD_USD",
      "m" : "4611686018430196414"
    }, {
      "d" : "1756401893299080469",
      "t" : 1756401893299,
      "tn" : 1756401893299080469,
      "q" : "791.4",
      "p" : "0.7090",
      "s" : "buy",
      "i" : "RAD_USD",
      "m" : "4611686018430196413"
    }, {
      "d" : "1756401893290982671",
      "t" : 1756401893290,
      "tn" : 1756401893290982671,
      "q" : "729.6",
      "p" : "0.7087",
      "s" : "buy",
      "i" : "RAD_USD",
      "m" : "4611686018430196412"
    }, {
      "d" : "1756399328099620384",
      "t" : 1756399328099,
      "tn" : 1756399328099620384,
      "q" : "701.9",
      "p" : "0.7098",
      "s" : "buy",
      "i" : "RAD_USD",
      "m" : "4611686018430196411"
    }, {
      "d" : "1756399328099180665",
      "t" : 1756399328099,
      "tn" : 1756399328099180665,
      "q" : "337.0",
      "p" : "0.7098",
      "s" : "buy",
      "i" : "RAD_USD",
      "m" : "4611686018430196410"
    }, {
      "d" : "1756399176533248079",
      "t" : 1756399176533,
      "tn" : 1756399176533248078,
      "q" : "34.3",
      "p" : "0.7099",
      "s" : "buy",
      "i" : "RAD_USD",
      "m" : "4611686018430196409"
    }, {
      "d" : "1756399176533248078",
      "t" : 1756399176533,
      "tn" : 1756399176533248078,
      "q" : "836.9",
      "p" : "0.7099",
      "s" : "buy",
      "i" : "RAD_USD",
      "m" : "4611686018430196409"
    }, {
      "d" : "1756397493493838597",
      "t" : 1756397493493,
      "tn" : 1756397493493838597,
      "q" : "3.6",
      "p" : "0.7125",
      "s" : "buy",
      "i" : "RAD_USD",
      "m" : "4611686018430196408"
    }, {
      "d" : "1756395843239405527",
      "t" : 1756395843239,
      "tn" : 1756395843239405527,
      "q" : "431.5",
      "p" : "0.7148",
      "s" : "sell",
      "i" : "RAD_USD",
      "m" : "4611686018430196407"
    }, {
      "d" : "1756393343988960841",
      "t" : 1756393343988,
      "tn" : 1756393343988960841,
      "q" : "31.7",
      "p" : "0.7186",
      "s" : "buy",
      "i" : "RAD_USD",
      "m" : "4611686018430196406"
    }, {
      "d" : "1756393343984845114",
      "t" : 1756393343984,
      "tn" : 1756393343984845114,
      "q" : "610.5",
      "p" : "0.7186",
      "s" : "buy",
      "i" : "RAD_USD",
      "m" : "4611686018430196405"
    }, {
      "d" : "1756392465437178997",
      "t" : 1756392465437,
      "tn" : 1756392465437178996,
      "q" : "167.4",
      "p" : "0.7147",
      "s" : "sell",
      "i" : "RAD_USD",
      "m" : "4611686018430196404"
    }, {
      "d" : "1756392465437178996",
      "t" : 1756392465437,
      "tn" : 1756392465437178996,
      "q" : "814.3",
      "p" : "0.7147",
      "s" : "sell",
      "i" : "RAD_USD",
      "m" : "4611686018430196404"
    }, {
      "d" : "1756392357973331706",
      "t" : 1756392357973,
      "tn" : 1756392357973331706,
      "q" : "8.1",
      "p" : "0.7170",
      "s" : "buy",
      "i" : "RAD_USD",
      "m" : "4611686018430196403"
    }, {
      "d" : "1756392344878889198",
      "t" : 1756392344878,
      "tn" : 1756392344878889198,
      "q" : "50.0",
      "p" : "0.7148",
      "s" : "sell",
      "i" : "RAD_USD",
      "m" : "4611686018430196402"
    }, {
      "d" : "1756392183903519884",
      "t" : 1756392183903,
      "tn" : 1756392183903519883,
      "q" : "92.1",
      "p" : "0.7169",
      "s" : "sell",
      "i" : "RAD_USD",
      "m" : "4611686018430196401"
    }, {
      "d" : "1756392183903519883",
      "t" : 1756392183903,
      "tn" : 1756392183903519883,
      "q" : "119.3",
      "p" : "0.7169",
      "s" : "sell",
      "i" : "RAD_USD",
      "m" : "4611686018430196401"
    }, {
      "d" : "1756392152459816073",
      "t" : 1756392152459,
      "tn" : 1756392152459816073,
      "q" : "17.8",
      "p" : "0.7161",
      "s" : "sell",
      "i" : "RAD_USD",
      "m" : "4611686018430196400"
    }, {
      "d" : "1756390693252169267",
      "t" : 1756390693252,
      "tn" : 1756390693252169267,
      "q" : "360.3",
      "p" : "0.7171",
      "s" : "sell",
      "i" : "RAD_USD",
      "m" : "4611686018430196399"
    }, {
      "d" : "1756390686430143661",
      "t" : 1756390686430,
      "tn" : 1756390686430143661,
      "q" : "141.5",
      "p" : "0.7173",
      "s" : "sell",
      "i" : "RAD_USD",
      "m" : "4611686018430196398"
    }, {
      "d" : "1756390394455929099",
      "t" : 1756390394455,
      "tn" : 1756390394455929099,
      "q" : "113.5",
      "p" : "0.7181",
      "s" : "sell",
      "i" : "RAD_USD",
      "m" : "4611686018430196397"
    }, {
      "d" : "1756389561247169506",
      "t" : 1756389561247,
      "tn" : 1756389561247169506,
      "q" : "228.8",
      "p" : "0.7166",
      "s" : "sell",
      "i" : "RAD_USD",
      "m" : "4611686018430196396"
    }, {
      "d" : "1756389552803061155",
      "t" : 1756389552803,
      "tn" : 1756389552803061155,
      "q" : "356.5",
      "p" : "0.7166",
      "s" : "sell",
      "i" : "RAD_USD",
      "m" : "4611686018430196395"
    }, {
      "d" : "1756389550539948170",
      "t" : 1756389550539,
      "tn" : 1756389550539948170,
      "q" : "246.2",
      "p" : "0.7166",
      "s" : "sell",
      "i" : "RAD_USD",
      "m" : "4611686018430196394"
    }, {
      "d" : "1756389546737120334",
      "t" : 1756389546737,
      "tn" : 1756389546737120334,
      "q" : "193.9",
      "p" : "0.7175",
      "s" : "sell",
      "i" : "RAD_USD",
      "m" : "4611686018430196393"
    }, {
      "d" : "1756389545415730186",
      "t" : 1756389545415,
      "tn" : 1756389545415730186,
      "q" : "368.4",
      "p" : "0.7176",
      "s" : "sell",
      "i" : "RAD_USD",
      "m" : "4611686018430196392"
    }, {
      "d" : "1756389545363058520",
      "t" : 1756389545363,
      "tn" : 1756389545363058520,
      "q" : "80.0",
      "p" : "0.7175",
      "s" : "sell",
      "i" : "RAD_USD",
      "m" : "4611686018430196391"
    }, {
      "d" : "1756389545248268549",
      "t" : 1756389545248,
      "tn" : 1756389545248268548,
      "q" : "22.8",
      "p" : "0.7175",
      "s" : "sell",
      "i" : "RAD_USD",
      "m" : "4611686018430196390"
    }, {
      "d" : "1756389545248268548",
      "t" : 1756389545248,
      "tn" : 1756389545248268548,
      "q" : "11.6",
      "p" : "0.7175",
      "s" : "sell",
      "i" : "RAD_USD",
      "m" : "4611686018430196390"
    }, {
      "d" : "1756389545146084059",
      "t" : 1756389545146,
      "tn" : 1756389545146084059,
      "q" : "936.8",
      "p" : "0.7175",
      "s" : "sell",
      "i" : "RAD_USD",
      "m" : "4611686018430196389"
    }, {
      "d" : "1756389545139953348",
      "t" : 1756389545139,
      "tn" : 1756389545139953348,
      "q" : "48.2",
      "p" : "0.7175",
      "s" : "sell",
      "i" : "RAD_USD",
      "m" : "4611686018430196388"
    }, {
      "d" : "1756389380376898325",
      "t" : 1756389380376,
      "tn" : 1756389380376898325,
      "q" : "398.4",
      "p" : "0.7173",
      "s" : "sell",
      "i" : "RAD_USD",
      "m" : "4611686018430196387"
    }, {
      "d" : "1756389380371265535",
      "t" : 1756389380371,
      "tn" : 1756389380371265535,
      "q" : "609.7",
      "p" : "0.7173",
      "s" : "sell",
      "i" : "RAD_USD",
      "m" : "4611686018430196386"
    }, {
      "d" : "1756388161935509738",
      "t" : 1756388161935,
      "tn" : 1756388161935509738,
      "q" : "141.8",
      "p" : "0.7201",
      "s" : "sell",
      "i" : "RAD_USD",
      "m" : "4611686018430196385"
    }, {
      "d" : "1756387477542820500",
      "t" : 1756387477542,
      "tn" : 1756387477542820500,
      "q" : "44.2",
      "p" : "0.7186",
      "s" : "sell",
      "i" : "RAD_USD",
      "m" : "4611686018430196384"
    }, {
      "d" : "1756387264982052061",
      "t" : 1756387264982,
      "tn" : 1756387264982052061,
      "q" : "619.7",
      "p" : "0.7192",
      "s" : "buy",
      "i" : "RAD_USD",
      "m" : "4611686018430196383"
    }, {
      "d" : "1756387197667602894",
      "t" : 1756387197667,
      "tn" : 1756387197667602894,
      "q" : "50.0",
      "p" : "0.7169",
      "s" : "sell",
      "i" : "RAD_USD",
      "m" : "4611686018430196382"
    }, {
      "d" : "1756385636650890014",
      "t" : 1756385636650,
      "tn" : 1756385636650890014,
      "q" : "7.5",
      "p" : "0.7166",
      "s" : "sell",
      "i" : "RAD_USD",
      "m" : "4611686018430196381"
    }, {
      "d" : "1756385331906930699",
      "t" : 1756385331906,
      "tn" : 1756385331906930699,
      "q" : "164.9",
      "p" : "0.7168",
      "s" : "buy",
      "i" : "RAD_USD",
      "m" : "4611686018430196380"
    }, {
      "d" : "1756385331895405492",
      "t" : 1756385331895,
      "tn" : 1756385331895405492,
      "q" : "402.5",
      "p" : "0.7168",
      "s" : "sell",
      "i" : "RAD_USD",
      "m" : "4611686018430196379"
    }, {
      "d" : "1756384662928371877",
      "t" : 1756384662928,
      "tn" : 1756384662928371877,
      "q" : "708.2",
      "p" : "0.7172",
      "s" : "sell",
      "i" : "RAD_USD",
      "m" : "4611686018430196378"
    }, {
      "d" : "1756381490897352738",
      "t" : 1756381490897,
      "tn" : 1756381490897352738,
      "q" : "115.4",
      "p" : "0.7202",
      "s" : "buy",
      "i" : "RAD_USD",
      "m" : "4611686018430196377"
    }, {
      "d" : "1756381490525470250",
      "t" : 1756381490525,
      "tn" : 1756381490525470250,
      "q" : "71.1",
      "p" : "0.7202",
      "s" : "buy",
      "i" : "RAD_USD",
      "m" : "4611686018430196376"
    }, {
      "d" : "1756381490422920040",
      "t" : 1756381490422,
      "tn" : 1756381490422920040,
      "q" : "139.5",
      "p" : "0.7202",
      "s" : "buy",
      "i" : "RAD_USD",
      "m" : "4611686018430196375"
    }, {
      "d" : "1756381490112478462",
      "t" : 1756381490112,
      "tn" : 1756381490112478462,
      "q" : "596.2",
      "p" : "0.7202",
      "s" : "buy",
      "i" : "RAD_USD",
      "m" : "4611686018430196374"
    }, {
      "d" : "1756377473111860950",
      "t" : 1756377473111,
      "tn" : 1756377473111860950,
      "q" : "494.4",
      "p" : "0.7213",
      "s" : "buy",
      "i" : "RAD_USD",
      "m" : "4611686018430196373"
    } ]
  }
}