{
  "id" : -1,
  "method" : "public/get-trades",
  "code" : 0,
  "result" : {
    "data" : [ {
      "d" : "1756459105541536425",
      "t" : 1756459105541,
      "tn" : 1756459105541536425,
      "q" : "104",
      "p" : "0.05310",
      "s" : "sell",
      "i" : "RARE_USD",
      "m" : "4611686018430140932"
    }, {
      "d" : "1756458984961153074",
      "t" : 1756458984961,
      "tn" : 1756458984961153074,
      "q" : "938",
      "p" : "0.05339",
      "s" : "buy",
      "i" : "RARE_USD",
      "m" : "4611686018430140931"
    }, {
      "d" : "1756458152530222899",
      "t" : 1756458152530,
      "tn" : 1756458152530222899,
      "q" : "286",
      "p" : "0.05326",
      "s" : "sell",
      "i" : "RARE_USD",
      "m" : "4611686018430140930"
    }, {
      "d" : "1756458040556226785",
      "t" : 1756458040556,
      "tn" : 1756458040556226785,
      "q" : "194",
      "p" : "0.05375",
      "s" : "sell",
      "i" : "RARE_USD",
      "m" : "4611686018430140929"
    }, {
      "d" : "1756458040556224486",
      "t" : 1756458040556,
      "tn" : 1756458040556224486,
      "q" : "366",
      "p" : "0.05376",
      "s" : "sell",
      "i" : "RARE_USD",
      "m" : "4611686018430140928"
    }, {
      "d" : "1756458040556221391",
      "t" : 1756458040556,
      "tn" : 1756458040556221391,
      "q" : "370",
      "p" : "0.05377",
      "s" : "sell",
      "i" : "RARE_USD",
      "m" : "4611686018430140927"
    }, {
      "d" : "1756456719721167747",
      "t" : 1756456719721,
      "tn" : 1756456719721167747,
      "q" : "100",
      "p" : "0.05417",
      "s" : "sell",
      "i" : "RARE_USD",
      "m" : "4611686018430140926"
    }, {
      "d" : "1756456716492073214",
      "t" : 1756456716492,
      "tn" : 1756456716492073214,
      "q" : "20",
      "p" : "0.05417",
      "s" : "sell",
      "i" : "RARE_USD",
      "m" : "4611686018430140925"
    }, {
      "d" : "1756456587738638160",
      "t" : 1756456587738,
      "tn" : 1756456587738638160,
      "q" : "103",
      "p" : "0.05407",
      "s" : "sell",
      "i" : "RARE_USD",
      "m" : "4611686018430140924"
    }, {
      "d" : "1756455852538753290",
      "t" : 1756455852538,
      "tn" : 1756455852538753290,
      "q" : "154",
      "p" : "0.05402",
      "s" : "sell",
      "i" : "RARE_USD",
      "m" : "4611686018430140923"
    }, {
      "d" : "1756451890922114078",
      "t" : 1756451890922,
      "tn" : 1756451890922114078,
      "q" : "644",
      "p" : "0.05529",
      "s" : "buy",
      "i" : "RARE_USD",
      "m" : "4611686018430140922"
    }, {
      "d" : "1756450372709798278",
      "t" : 1756450372709,
      "tn" : 1756450372709798278,
      "q" : "1355",
      "p" : "0.05539",
      "s" : "sell",
      "i" : "RARE_USD",
      "m" : "4611686018430140921"
    }, {
      "d" : "1756450372704978708",
      "t" : 1756450372704,
      "tn" : 1756450372704978708,
      "q" : "356",
      "p" : "0.05539",
      "s" : "buy",
      "i" : "RARE_USD",
      "m" : "4611686018430140920"
    }, {
      "d" : "1756449656412547360",
      "t" : 1756449656412,
      "tn" : 1756449656412547360,
      "q" : "364",
      "p" : "0.05511",
      "s" : "sell",
      "i" : "RARE_USD",
      "m" : "4611686018430140919"
    }, {
      "d" : "1756449610007338528",
      "t" : 1756449610007,
      "tn" : 1756449610007338528,
      "q" : "714",
      "p" : "0.05559",
      "s" : "buy",
      "i" : "RARE_USD",
      "m" : "4611686018430140918"
    }, {
      "d" : "1756449605542181765",
      "t" : 1756449605542,
      "tn" : 1756449605542181765,
      "q" : "2433",
      "p" : "0.05513",
      "s" : "sell",
      "i" : "RARE_USD",
      "m" : "4611686018430140917"
    }, {
      "d" : "1756449605542178943",
      "t" : 1756449605542,
      "tn" : 1756449605542178943,
      "q" : "13692",
      "p" : "0.05514",
      "s" : "sell",
      "i" : "RARE_USD",
      "m" : "4611686018430140916"
    }, {
      "d" : "1756449604177164097",
      "t" : 1756449604177,
      "tn" : 1756449604177164097,
      "q" : "741",
      "p" : "0.05514",
      "s" : "sell",
      "i" : "RARE_USD",
      "m" : "4611686018430140915"
    }, {
      "d" : "1756449603930217713",
      "t" : 1756449603930,
      "tn" : 1756449603930217712,
      "q" : "6022",
      "p" : "0.05514",
      "s" : "sell",
      "i" : "RARE_USD",
      "m" : "4611686018430140914"
    }, {
      "d" : "1756449603930217712",
      "t" : 1756449603930,
      "tn" : 1756449603930217712,
      "q" : "1288",
      "p" : "0.05514",
      "s" : "sell",
      "i" : "RARE_USD",
      "m" : "4611686018430140914"
    }, {
      "d" : "1756449603930214299",
      "t" : 1756449603930,
      "tn" : 1756449603930214299,
      "q" : "357",
      "p" : "0.05515",
      "s" : "sell",
      "i" : "RARE_USD",
      "m" : "4611686018430140913"
    }, {
      "d" : "1756449603928297938",
      "t" : 1756449603928,
      "tn" : 1756449603928297938,
      "q" : "741",
      "p" : "0.05516",
      "s" : "sell",
      "i" : "RARE_USD",
      "m" : "4611686018430140912"
    }, {
      "d" : "1756449540688758722",
      "t" : 1756449540688,
      "tn" : 1756449540688758722,
      "q" : "352",
      "p" : "0.05558",
      "s" : "sell",
      "i" : "RARE_USD",
      "m" : "4611686018430140911"
    }, {
      "d" : "1756449540688756162",
      "t" : 1756449540688,
      "tn" : 1756449540688756162,
      "q" : "354",
      "p" : "0.05559",
      "s" : "sell",
      "i" : "RARE_USD",
      "m" : "4611686018430140910"
    }, {
      "d" : "1756449539990989309",
      "t" : 1756449539990,
      "tn" : 1756449539990989309,
      "q" : "982",
      "p" : "0.05570",
      "s" : "sell",
      "i" : "RARE_USD",
      "m" : "4611686018430140909"
    }, {
      "d" : "1756448640666063302",
      "t" : 1756448640666,
      "tn" : 1756448640666063302,
      "q" : "4323",
      "p" : "0.05565",
      "s" : "buy",
      "i" : "RARE_USD",
      "m" : "4611686018430140908"
    }, {
      "d" : "1756442111279140848",
      "t" : 1756442111279,
      "tn" : 1756442111279140848,
      "q" : "302",
      "p" : "0.05642",
      "s" : "sell",
      "i" : "RARE_USD",
      "m" : "4611686018430140907"
    }, {
      "d" : "1756439152332537744",
      "t" : 1756439152332,
      "tn" : 1756439152332537744,
      "q" : "160",
      "p" : "0.05639",
      "s" : "sell",
      "i" : "RARE_USD",
      "m" : "4611686018430140906"
    }, {
      "d" : "1756436685708152821",
      "t" : 1756436685708,
      "tn" : 1756436685708152821,
      "q" : "86",
      "p" : "0.05653",
      "s" : "buy",
      "i" : "RARE_USD",
      "m" : "4611686018430140905"
    }, {
      "d" : "1756432151163566905",
      "t" : 1756432151163,
      "tn" : 1756432151163566905,
      "q" : "100",
      "p" : "0.05622",
      "s" : "sell",
      "i" : "RARE_USD",
      "m" : "4611686018430140904"
    }, {
      "d" : "1756429687370210486",
      "t" : 1756429687370,
      "tn" : 1756429687370210486,
      "q" : "395",
      "p" : "0.05675",
      "s" : "sell",
      "i" : "RARE_USD",
      "m" : "4611686018430140903"
    }, {
      "d" : "1756427576552700164",
      "t" : 1756427576552,
      "tn" : 1756427576552700164,
      "q" : "602",
      "p" : "0.05714",
      "s" : "sell",
      "i" : "RARE_USD",
      "m" : "4611686018430140902"
    }, {
      "d" : "1756427576551865120",
      "t" : 1756427576551,
      "tn" : 1756427576551865120,
      "q" : "358",
      "p" : "0.05714",
      "s" : "buy",
      "i" : "RARE_USD",
      "m" : "4611686018430140901"
    }, {
      "d" : "1756427376306719758",
      "t" : 1756427376306,
      "tn" : 1756427376306719757,
      "q" : "595",
      "p" : "0.05727",
      "s" : "buy",
      "i" : "RARE_USD",
      "m" : "4611686018430140900"
    }, {
      "d" : "1756427376306719757",
      "t" : 1756427376306,
      "tn" : 1756427376306719757,
      "q" : "278",
      "p" : "0.05727",
      "s" : "buy",
      "i" : "RARE_USD",
      "m" : "4611686018430140900"
    }, {
      "d" : "1756426783263964044",
      "t" : 1756426783263,
      "tn" : 1756426783263964044,
      "q" : "441",
      "p" : "0.05689",
      "s" : "sell",
      "i" : "RARE_USD",
      "m" : "4611686018430140899"
    }, {
      "d" : "1756426612845518641",
      "t" : 1756426612845,
      "tn" : 1756426612845518641,
      "q" : "110",
      "p" : "0.05715",
      "s" : "buy",
      "i" : "RARE_USD",
      "m" : "4611686018430140898"
    }, {
      "d" : "1756425692297305069",
      "t" : 1756425692297,
      "tn" : 1756425692297305069,
      "q" : "28",
      "p" : "0.05725",
      "s" : "buy",
      "i" : "RARE_USD",
      "m" : "4611686018430140897"
    }, {
      "d" : "1756421673899665893",
      "t" : 1756421673899,
      "tn" : 1756421673899665893,
      "q" : "19",
      "p" : "0.05735",
      "s" : "buy",
      "i" : "RARE_USD",
      "m" : "4611686018430140896"
    }, {
      "d" : "1756420327694362867",
      "t" : 1756420327694,
      "tn" : 1756420327694362867,
      "q" : "599",
      "p" : "0.05717",
      "s" : "sell",
      "i" : "RARE_USD",
      "m" : "4611686018430140895"
    }, {
      "d" : "1756417986100196210",
      "t" : 1756417986100,
      "tn" : 1756417986100196210,
      "q" : "70",
      "p" : "0.05666",
      "s" : "sell",
      "i" : "RARE_USD",
      "m" : "4611686018430140894"
    }, {
      "d" : "1756414934867535398",
      "t" : 1756414934867,
      "tn" : 1756414934867535398,
      "q" : "100",
      "p" : "0.05660",
      "s" : "buy",
      "i" : "RARE_USD",
      "m" : "4611686018430140893"
    }, {
      "d" : "1756414067793526903",
      "t" : 1756414067793,
      "tn" : 1756414067793526903,
      "q" : "110",
      "p" : "0.05658",
      "s" : "sell",
      "i" : "RARE_USD",
      "m" : "4611686018430140892"
    }, {
      "d" : "1756414067793043892",
      "t" : 1756414067793,
      "tn" : 1756414067793043892,
      "q" : "3535",
      "p" : "0.05658",
      "s" : "sell",
      "i" : "RARE_USD",
      "m" : "4611686018430140891"
    }, {
      "d" : "1756414067791506230",
      "t" : 1756414067791,
      "tn" : 1756414067791506230,
      "q" : "1355",
      "p" : "0.05658",
      "s" : "buy",
      "i" : "RARE_USD",
      "m" : "4611686018430140890"
    }, {
      "d" : "1756413900421196246",
      "t" : 1756413900421,
      "tn" : 1756413900421196246,
      "q" : "103",
      "p" : "0.05656",
      "s" : "buy",
      "i" : "RARE_USD",
      "m" : "4611686018430140889"
    }, {
      "d" : "1756406172747697087",
      "t" : 1756406172747,
      "tn" : 1756406172747697087,
      "q" : "616",
      "p" : "0.05697",
      "s" : "buy",
      "i" : "RARE_USD",
      "m" : "4611686018430140888"
    }, {
      "d" : "1756406172747694686",
      "t" : 1756406172747,
      "tn" : 1756406172747694686,
      "q" : "262",
      "p" : "0.05696",
      "s" : "buy",
      "i" : "RARE_USD",
      "m" : "4611686018430140887"
    }, {
      "d" : "1756405913630290998",
      "t" : 1756405913630,
      "tn" : 1756405913630290998,
      "q" : "348",
      "p" : "0.05676",
      "s" : "buy",
      "i" : "RARE_USD",
      "m" : "4611686018430140886"
    }, {
      "d" : "1756404718656229563",
      "t" : 1756404718656,
      "tn" : 1756404718656229563,
      "q" : "1351",
      "p" : "0.05642",
      "s" : "sell",
      "i" : "RARE_USD",
      "m" : "4611686018430140885"
    }, {
      "d" : "1756404718656227581",
      "t" : 1756404718656,
      "tn" : 1756404718656227581,
      "q" : "2566",
      "p" : "0.05644",
      "s" : "sell",
      "i" : "RARE_USD",
      "m" : "4611686018430140884"
    }, {
      "d" : "1756404718656224872",
      "t" : 1756404718656,
      "tn" : 1756404718656224872,
      "q" : "349",
      "p" : "0.05645",
      "s" : "sell",
      "i" : "RARE_USD",
      "m" : "4611686018430140883"
    }, {
      "d" : "1756404718656222206",
      "t" : 1756404718656,
      "tn" : 1756404718656222206,
      "q" : "1458",
      "p" : "0.05646",
      "s" : "sell",
      "i" : "RARE_USD",
      "m" : "4611686018430140882"
    }, {
      "d" : "1756401373928005858",
      "t" : 1756401373928,
      "tn" : 1756401373928005858,
      "q" : "880",
      "p" : "0.05687",
      "s" : "buy",
      "i" : "RARE_USD",
      "m" : "4611686018430140881"
    }, {
      "d" : "1756400529534329425",
      "t" : 1756400529534,
      "tn" : 1756400529534329425,
      "q" : "696",
      "p" : "0.05709",
      "s" : "buy",
      "i" : "RARE_USD",
      "m" : "4611686018430140880"
    }, {
      "d" : "1756400461246389135",
      "t" : 1756400461246,
      "tn" : 1756400461246389135,
      "q" : "23426",
      "p" : "0.05697",
      "s" : "buy",
      "i" : "RARE_USD",
      "m" : "4611686018430140879"
    }, {
      "d" : "1756400461246388054",
      "t" : 1756400461246,
      "tn" : 1756400461246388054,
      "q" : "580",
      "p" : "0.05696",
      "s" : "buy",
      "i" : "RARE_USD",
      "m" : "4611686018430140878"
    }, {
      "d" : "1756400461221983221",
      "t" : 1756400461221,
      "tn" : 1756400461221983221,
      "q" : "878",
      "p" : "0.05696",
      "s" : "buy",
      "i" : "RARE_USD",
      "m" : "4611686018430140877"
    }, {
      "d" : "1756400418320316897",
      "t" : 1756400418320,
      "tn" : 1756400418320316897,
      "q" : "187",
      "p" : "0.05687",
      "s" : "buy",
      "i" : "RARE_USD",
      "m" : "4611686018430140876"
    }, {
      "d" : "1756400416061790228",
      "t" : 1756400416061,
      "tn" : 1756400416061790228,
      "q" : "880",
      "p" : "0.05682",
      "s" : "buy",
      "i" : "RARE_USD",
      "m" : "4611686018430140875"
    }, {
      "d" : "1756400412864722320",
      "t" : 1756400412864,
      "tn" : 1756400412864722320,
      "q" : "665",
      "p" : "0.05690",
      "s" : "buy",
      "i" : "RARE_USD",
      "m" : "4611686018430140874"
    }, {
      "d" : "1756400412864720361",
      "t" : 1756400412864,
      "tn" : 1756400412864720361,
      "q" : "215",
      "p" : "0.05687",
      "s" : "buy",
      "i" : "RARE_USD",
      "m" : "4611686018430140873"
    }, {
      "d" : "1756400408921461889",
      "t" : 1756400408921,
      "tn" : 1756400408921461888,
      "q" : "1458",
      "p" : "0.05671",
      "s" : "sell",
      "i" : "RARE_USD",
      "m" : "4611686018430140872"
    }, {
      "d" : "1756400408921461888",
      "t" : 1756400408921,
      "tn" : 1756400408921461888,
      "q" : "293",
      "p" : "0.05671",
      "s" : "sell",
      "i" : "RARE_USD",
      "m" : "4611686018430140872"
    }, {
      "d" : "1756400408921457407",
      "t" : 1756400408921,
      "tn" : 1756400408921457407,
      "q" : "1763",
      "p" : "0.05672",
      "s" : "sell",
      "i" : "RARE_USD",
      "m" : "4611686018430140871"
    }, {
      "d" : "1756400247055010224",
      "t" : 1756400247055,
      "tn" : 1756400247055010224,
      "q" : "214",
      "p" : "0.05711",
      "s" : "sell",
      "i" : "RARE_USD",
      "m" : "4611686018430140870"
    }, {
      "d" : "1756399967583127707",
      "t" : 1756399967583,
      "tn" : 1756399967583127707,
      "q" : "100",
      "p" : "0.05730",
      "s" : "sell",
      "i" : "RARE_USD",
      "m" : "4611686018430140869"
    }, {
      "d" : "1756398744313038391",
      "t" : 1756398744313,
      "tn" : 1756398744313038391,
      "q" : "160",
      "p" : "0.05787",
      "s" : "buy",
      "i" : "RARE_USD",
      "m" : "4611686018430140868"
    }, {
      "d" : "1756398744313035918",
      "t" : 1756398744313,
      "tn" : 1756398744313035918,
      "q" : "705",
      "p" : "0.05786",
      "s" : "buy",
      "i" : "RARE_USD",
      "m" : "4611686018430140867"
    }, {
      "d" : "1756397705661895922",
      "t" : 1756397705661,
      "tn" : 1756397705661895922,
      "q" : "69",
      "p" : "0.05769",
      "s" : "buy",
      "i" : "RARE_USD",
      "m" : "4611686018430140866"
    }, {
      "d" : "1756397705661893755",
      "t" : 1756397705661,
      "tn" : 1756397705661893755,
      "q" : "587",
      "p" : "0.05767",
      "s" : "buy",
      "i" : "RARE_USD",
      "m" : "4611686018430140865"
    }, {
      "d" : "1756397705661891220",
      "t" : 1756397705661,
      "tn" : 1756397705661891220,
      "q" : "212",
      "p" : "0.05766",
      "s" : "buy",
      "i" : "RARE_USD",
      "m" : "4611686018430140864"
    }, {
      "d" : "1756397117680642243",
      "t" : 1756397117680,
      "tn" : 1756397117680642243,
      "q" : "871",
      "p" : "0.05746",
      "s" : "buy",
      "i" : "RARE_USD",
      "m" : "4611686018430140863"
    }, {
      "d" : "1756396160602553698",
      "t" : 1756396160602,
      "tn" : 1756396160602553698,
      "q" : "292",
      "p" : "0.05731",
      "s" : "sell",
      "i" : "RARE_USD",
      "m" : "4611686018430140862"
    }, {
      "d" : "1756396160602551266",
      "t" : 1756396160602,
      "tn" : 1756396160602551266,
      "q" : "1458",
      "p" : "0.05732",
      "s" : "sell",
      "i" : "RARE_USD",
      "m" : "4611686018430140861"
    }, {
      "d" : "1756395848940459796",
      "t" : 1756395848940,
      "tn" : 1756395848940459796,
      "q" : "224",
      "p" : "0.05769",
      "s" : "sell",
      "i" : "RARE_USD",
      "m" : "4611686018430140860"
    }, {
      "d" : "1756395848938353547",
      "t" : 1756395848938,
      "tn" : 1756395848938353547,
      "q" : "3467",
      "p" : "0.05769",
      "s" : "sell",
      "i" : "RARE_USD",
      "m" : "4611686018430140859"
    }, {
      "d" : "1756395848936533518",
      "t" : 1756395848936,
      "tn" : 1756395848936533518,
      "q" : "642",
      "p" : "0.05767",
      "s" : "buy",
      "i" : "RARE_USD",
      "m" : "4611686018430140858"
    }, {
      "d" : "1756395618425473752",
      "t" : 1756395618425,
      "tn" : 1756395618425473752,
      "q" : "816",
      "p" : "0.05746",
      "s" : "buy",
      "i" : "RARE_USD",
      "m" : "4611686018430140857"
    }, {
      "d" : "1756394917032478766",
      "t" : 1756394917032,
      "tn" : 1756394917032478766,
      "q" : "363",
      "p" : "0.05736",
      "s" : "sell",
      "i" : "RARE_USD",
      "m" : "4611686018430140856"
    }, {
      "d" : "1756393747750973941",
      "t" : 1756393747750,
      "tn" : 1756393747750973941,
      "q" : "8906",
      "p" : "0.05802",
      "s" : "buy",
      "i" : "RARE_USD",
      "m" : "4611686018430140855"
    }, {
      "d" : "1756393747750971771",
      "t" : 1756393747750,
      "tn" : 1756393747750971771,
      "q" : "19041",
      "p" : "0.05801",
      "s" : "buy",
      "i" : "RARE_USD",
      "m" : "4611686018430140854"
    }, {
      "d" : "1756393747747155496",
      "t" : 1756393747747,
      "tn" : 1756393747747155496,
      "q" : "862",
      "p" : "0.05801",
      "s" : "buy",
      "i" : "RARE_USD",
      "m" : "4611686018430140853"
    }, {
      "d" : "1756392762915405323",
      "t" : 1756392762915,
      "tn" : 1756392762915405323,
      "q" : "138",
      "p" : "0.05750",
      "s" : "buy",
      "i" : "RARE_USD",
      "m" : "4611686018430140852"
    }, {
      "d" : "1756392762911693157",
      "t" : 1756392762911,
      "tn" : 1756392762911693157,
      "q" : "1458",
      "p" : "0.05752",
      "s" : "sell",
      "i" : "RARE_USD",
      "m" : "4611686018430140851"
    }, {
      "d" : "1756391778597312497",
      "t" : 1756391778597,
      "tn" : 1756391778597312496,
      "q" : "774",
      "p" : "0.05748",
      "s" : "buy",
      "i" : "RARE_USD",
      "m" : "4611686018430140850"
    }, {
      "d" : "1756391778597312496",
      "t" : 1756391778597,
      "tn" : 1756391778597312496,
      "q" : "96",
      "p" : "0.05748",
      "s" : "buy",
      "i" : "RARE_USD",
      "m" : "4611686018430140850"
    }, {
      "d" : "1756391379122013448",
      "t" : 1756391379122,
      "tn" : 1756391379122013448,
      "q" : "46",
      "p" : "0.05765",
      "s" : "buy",
      "i" : "RARE_USD",
      "m" : "4611686018430140849"
    }, {
      "d" : "1756391233539177239",
      "t" : 1756391233539,
      "tn" : 1756391233539177239,
      "q" : "19",
      "p" : "0.05756",
      "s" : "buy",
      "i" : "RARE_USD",
      "m" : "4611686018430140848"
    }, {
      "d" : "1756390875516407941",
      "t" : 1756390875516,
      "tn" : 1756390875516407941,
      "q" : "161",
      "p" : "0.05749",
      "s" : "sell",
      "i" : "RARE_USD",
      "m" : "4611686018430140847"
    }, {
      "d" : "1756390256239865331",
      "t" : 1756390256239,
      "tn" : 1756390256239865331,
      "q" : "342",
      "p" : "0.05744",
      "s" : "sell",
      "i" : "RARE_USD",
      "m" : "4611686018430140846"
    }, {
      "d" : "1756389551431567359",
      "t" : 1756389551431,
      "tn" : 1756389551431567359,
      "q" : "863",
      "p" : "0.05791",
      "s" : "buy",
      "i" : "RARE_USD",
      "m" : "4611686018430140845"
    }, {
      "d" : "1756389550710204601",
      "t" : 1756389550710,
      "tn" : 1756389550710204601,
      "q" : "182",
      "p" : "0.05791",
      "s" : "buy",
      "i" : "RARE_USD",
      "m" : "4611686018430140844"
    }, {
      "d" : "1756389550710202480",
      "t" : 1756389550710,
      "tn" : 1756389550710202480,
      "q" : "681",
      "p" : "0.05790",
      "s" : "buy",
      "i" : "RARE_USD",
      "m" : "4611686018430140843"
    }, {
      "d" : "1756389193225025987",
      "t" : 1756389193225,
      "tn" : 1756389193225025987,
      "q" : "863",
      "p" : "0.05797",
      "s" : "buy",
      "i" : "RARE_USD",
      "m" : "4611686018430140842"
    }, {
      "d" : "1756388770158657674",
      "t" : 1756388770158,
      "tn" : 1756388770158657674,
      "q" : "194",
      "p" : "0.05790",
      "s" : "buy",
      "i" : "RARE_USD",
      "m" : "4611686018430140841"
    }, {
      "d" : "1756388182085450039",
      "t" : 1756388182085,
      "tn" : 1756388182085450039,
      "q" : "70",
      "p" : "0.05780",
      "s" : "sell",
      "i" : "RARE_USD",
      "m" : "4611686018430140840"
    }, {
      "d" : "1756388160371665806",
      "t" : 1756388160371,
      "tn" : 1756388160371665806,
      "q" : "862",
      "p" : "0.05796",
      "s" : "buy",
      "i" : "RARE_USD",
      "m" : "4611686018430140839"
    }, {
      "d" : "1756387868341125748",
      "t" : 1756387868341,
      "tn" : 1756387868341125748,
      "q" : "271",
      "p" : "0.05771",
      "s" : "sell",
      "i" : "RARE_USD",
      "m" : "4611686018430140838"
    }, {
      "d" : "1756387268348486074",
      "t" : 1756387268348,
      "tn" : 1756387268348486074,
      "q" : "76",
      "p" : "0.05812",
      "s" : "buy",
      "i" : "RARE_USD",
      "m" : "4611686018430140837"
    }, {
      "d" : "1756385856396794960",
      "t" : 1756385856396,
      "tn" : 1756385856396794960,
      "q" : "270",
      "p" : "0.05778",
      "s" : "sell",
      "i" : "RARE_USD",
      "m" : "4611686018430140836"
    }, {
      "d" : "1756384295179734309",
      "t" : 1756384295179,
      "tn" : 1756384295179734309,
      "q" : "862",
      "p" : "0.05797",
      "s" : "buy",
      "i" : "RARE_USD",
      "m" : "4611686018430140835"
    }, {
      "d" : "1756384215101965591",
      "t" : 1756384215101,
      "tn" : 1756384215101965591,
      "q" : "862",
      "p" : "0.05804",
      "s" : "buy",
      "i" : "RARE_USD",
      "m" : "4611686018430140834"
    }, {
      "d" : "1756383948890256388",
      "t" : 1756383948890,
      "tn" : 1756383948890256388,
      "q" : "459",
      "p" : "0.05787",
      "s" : "buy",
      "i" : "RARE_USD",
      "m" : "4611686018430140833"
    }, {
      "d" : "1756383886821251914",
      "t" : 1756383886821,
      "tn" : 1756383886821251914,
      "q" : "270",
      "p" : "0.05795",
      "s" : "buy",
      "i" : "RARE_USD",
      "m" : "4611686018430140832"
    }, {
      "d" : "1756383268539560320",
      "t" : 1756383268539,
      "tn" : 1756383268539560320,
      "q" : "592",
      "p" : "0.05787",
      "s" : "buy",
      "i" : "RARE_USD",
      "m" : "4611686018430140831"
    }, {
      "d" : "1756383092773009788",
      "t" : 1756383092773,
      "tn" : 1756383092773009788,
      "q" : "11228",
      "p" : "0.05776",
      "s" : "buy",
      "i" : "RARE_USD",
      "m" : "4611686018430140830"
    }, {
      "d" : "1756383092689355703",
      "t" : 1756383092689,
      "tn" : 1756383092689355703,
      "q" : "961",
      "p" : "0.05776",
      "s" : "buy",
      "i" : "RARE_USD",
      "m" : "4611686018430140829"
    }, {
      "d" : "1756383077916617285",
      "t" : 1756383077916,
      "tn" : 1756383077916617285,
      "q" : "865",
      "p" : "0.05776",
      "s" : "buy",
      "i" : "RARE_USD",
      "m" : "4611686018430140828"
    }, {
      "d" : "1756383073954197306",
      "t" : 1756383073954,
      "tn" : 1756383073954197306,
      "q" : "865",
      "p" : "0.05776",
      "s" : "buy",
      "i" : "RARE_USD",
      "m" : "4611686018430140827"
    }, {
      "d" : "1756383070379730026",
      "t" : 1756383070379,
      "tn" : 1756383070379730026,
      "q" : "865",
      "p" : "0.05776",
      "s" : "buy",
      "i" : "RARE_USD",
      "m" : "4611686018430140826"
    }, {
      "d" : "1756383062860587467",
      "t" : 1756383062860,
      "tn" : 1756383062860587467,
      "q" : "381",
      "p" : "0.05776",
      "s" : "buy",
      "i" : "RARE_USD",
      "m" : "4611686018430140825"
    }, {
      "d" : "1756383040107667047",
      "t" : 1756383040107,
      "tn" : 1756383040107667047,
      "q" : "865",
      "p" : "0.05776",
      "s" : "buy",
      "i" : "RARE_USD",
      "m" : "4611686018430140824"
    }, {
      "d" : "1756383019125708779",
      "t" : 1756383019125,
      "tn" : 1756383019125708779,
      "q" : "865",
      "p" : "0.05776",
      "s" : "buy",
      "i" : "RARE_USD",
      "m" : "4611686018430140823"
    }, {
      "d" : "1756382996009241925",
      "t" : 1756382996009,
      "tn" : 1756382996009241925,
      "q" : "865",
      "p" : "0.05776",
      "s" : "buy",
      "i" : "RARE_USD",
      "m" : "4611686018430140822"
    }, {
      "d" : "1756382981979598781",
      "t" : 1756382981979,
      "tn" : 1756382981979598781,
      "q" : "866",
      "p" : "0.05776",
      "s" : "buy",
      "i" : "RARE_USD",
      "m" : "4611686018430140821"
    }, {
      "d" : "1756382979984259247",
      "t" : 1756382979984,
      "tn" : 1756382979984259247,
      "q" : "865",
      "p" : "0.05776",
      "s" : "buy",
      "i" : "RARE_USD",
      "m" : "4611686018430140820"
    }, {
      "d" : "1756382958940233794",
      "t" : 1756382958940,
      "tn" : 1756382958940233794,
      "q" : "967",
      "p" : "0.05776",
      "s" : "buy",
      "i" : "RARE_USD",
      "m" : "4611686018430140819"
    }, {
      "d" : "1756382949277242686",
      "t" : 1756382949277,
      "tn" : 1756382949277242686,
      "q" : "865",
      "p" : "0.05776",
      "s" : "buy",
      "i" : "RARE_USD",
      "m" : "4611686018430140818"
    }, {
      "d" : "1756382942930633988",
      "t" : 1756382942930,
      "tn" : 1756382942930633988,
      "q" : "866",
      "p" : "0.05776",
      "s" : "buy",
      "i" : "RARE_USD",
      "m" : "4611686018430140817"
    }, {
      "d" : "1756382898620917208",
      "t" : 1756382898620,
      "tn" : 1756382898620917208,
      "q" : "693",
      "p" : "0.05776",
      "s" : "buy",
      "i" : "RARE_USD",
      "m" : "4611686018430140816"
    }, {
      "d" : "1756382895034519804",
      "t" : 1756382895034,
      "tn" : 1756382895034519804,
      "q" : "866",
      "p" : "0.05776",
      "s" : "buy",
      "i" : "RARE_USD",
      "m" : "4611686018430140815"
    }, {
      "d" : "1756382809044746102",
      "t" : 1756382809044,
      "tn" : 1756382809044746102,
      "q" : "865",
      "p" : "0.05776",
      "s" : "buy",
      "i" : "RARE_USD",
      "m" : "4611686018430140814"
    }, {
      "d" : "1756382797758683541",
      "t" : 1756382797758,
      "tn" : 1756382797758683541,
      "q" : "866",
      "p" : "0.05776",
      "s" : "buy",
      "i" : "RARE_USD",
      "m" : "4611686018430140813"
    }, {
      "d" : "1756382789331575368",
      "t" : 1756382789331,
      "tn" : 1756382789331575368,
      "q" : "866",
      "p" : "0.05776",
      "s" : "buy",
      "i" : "RARE_USD",
      "m" : "4611686018430140812"
    }, {
      "d" : "1756382780079157008",
      "t" : 1756382780079,
      "tn" : 1756382780079157008,
      "q" : "221",
      "p" : "0.05776",
      "s" : "buy",
      "i" : "RARE_USD",
      "m" : "4611686018430140811"
    }, {
      "d" : "1756382774448239228",
      "t" : 1756382774448,
      "tn" : 1756382774448239228,
      "q" : "866",
      "p" : "0.05775",
      "s" : "buy",
      "i" : "RARE_USD",
      "m" : "4611686018430140810"
    }, {
      "d" : "1756382411416810402",
      "t" : 1756382411416,
      "tn" : 1756382411416810402,
      "q" : "308",
      "p" : "0.05776",
      "s" : "buy",
      "i" : "RARE_USD",
      "m" : "4611686018430140809"
    }, {
      "d" : "1756382406551555857",
      "t" : 1756382406551,
      "tn" : 1756382406551555857,
      "q" : "972",
      "p" : "0.05776",
      "s" : "buy",
      "i" : "RARE_USD",
      "m" : "4611686018430140808"
    }, {
      "d" : "1756382404928658421",
      "t" : 1756382404928,
      "tn" : 1756382404928658421,
      "q" : "358",
      "p" : "0.05776",
      "s" : "buy",
      "i" : "RARE_USD",
      "m" : "4611686018430140807"
    }, {
      "d" : "1756382397220718627",
      "t" : 1756382397220,
      "tn" : 1756382397220718627,
      "q" : "866",
      "p" : "0.05776",
      "s" : "buy",
      "i" : "RARE_USD",
      "m" : "4611686018430140806"
    }, {
      "d" : "1756382394119858553",
      "t" : 1756382394119,
      "tn" : 1756382394119858553,
      "q" : "865",
      "p" : "0.05776",
      "s" : "buy",
      "i" : "RARE_USD",
      "m" : "4611686018430140805"
    }, {
      "d" : "1756382378356791533",
      "t" : 1756382378356,
      "tn" : 1756382378356791533,
      "q" : "865",
      "p" : "0.05776",
      "s" : "buy",
      "i" : "RARE_USD",
      "m" : "4611686018430140804"
    }, {
      "d" : "1756382343672186249",
      "t" : 1756382343672,
      "tn" : 1756382343672186249,
      "q" : "865",
      "p" : "0.05776",
      "s" : "buy",
      "i" : "RARE_USD",
      "m" : "4611686018430140803"
    }, {
      "d" : "1756382342013264816",
      "t" : 1756382342013,
      "tn" : 1756382342013264816,
      "q" : "174",
      "p" : "0.05776",
      "s" : "buy",
      "i" : "RARE_USD",
      "m" : "4611686018430140802"
    }, {
      "d" : "1756382287132818281",
      "t" : 1756382287132,
      "tn" : 1756382287132818281,
      "q" : "865",
      "p" : "0.05776",
      "s" : "buy",
      "i" : "RARE_USD",
      "m" : "4611686018430140801"
    }, {
      "d" : "1756382284277073455",
      "t" : 1756382284277,
      "tn" : 1756382284277073455,
      "q" : "347",
      "p" : "0.05776",
      "s" : "buy",
      "i" : "RARE_USD",
      "m" : "4611686018430140800"
    }, {
      "d" : "1756382282966426046",
      "t" : 1756382282966,
      "tn" : 1756382282966426046,
      "q" : "865",
      "p" : "0.05776",
      "s" : "buy",
      "i" : "RARE_USD",
      "m" : "4611686018430140799"
    }, {
      "d" : "1756379412426743058",
      "t" : 1756379412426,
      "tn" : 1756379412426743058,
      "q" : "1198",
      "p" : "0.05776",
      "s" : "buy",
      "i" : "RARE_USD",
      "m" : "4611686018430140798"
    }, {
      "d" : "1756379412424592635",
      "t" : 1756379412424,
      "tn" : 1756379412424592635,
      "q" : "456",
      "p" : "0.05776",
      "s" : "sell",
      "i" : "RARE_USD",
      "m" : "4611686018430140797"
    }, {
      "d" : "1756377621730655476",
      "t" : 1756377621730,
      "tn" : 1756377621730655476,
      "q" : "50",
      "p" : "0.05795",
      "s" : "sell",
      "i" : "RARE_USD",
      "m" : "4611686018430140796"
    }, {
      "d" : "1756377202339934004",
      "t" : 1756377202339,
      "tn" : 1756377202339934004,
      "q" : "506",
      "p" : "0.05835",
      "s" : "buy",
      "i" : "RARE_USD",
      "m" : "4611686018430140795"
    }, {
      "d" : "1756376990508304437",
      "t" : 1756376990508,
      "tn" : 1756376990508304437,
      "q" : "1347",
      "p" : "0.05781",
      "s" : "buy",
      "i" : "RARE_USD",
      "m" : "4611686018430140794"
    }, {
      "d" : "1756376990502561184",
      "t" : 1756376990502,
      "tn" : 1756376990502561184,
      "q" : "1863",
      "p" : "0.05781",
      "s" : "sell",
      "i" : "RARE_USD",
      "m" : "4611686018430140793"
    }, {
      "d" : "1756375941866565533",
      "t" : 1756375941866,
      "tn" : 1756375941866565533,
      "q" : "150",
      "p" : "0.05787",
      "s" : "sell",
      "i" : "RARE_USD",
      "m" : "4611686018430140792"
    } ]
  }
}