{
  "id" : -1,
  "method" : "public/get-trades",
  "code" : 0,
  "result" : {
    "data" : [ {
      "d" : "1756455158996598224",
      "t" : 1756455158996,
      "tn" : 1756455158996598223,
      "q" : "9.5",
      "p" : "0.9553",
      "s" : "buy",
      "i" : "RARI_USD",
      "m" : "4611686018430272457"
    }, {
      "d" : "1756455158996598223",
      "t" : 1756455158996,
      "tn" : 1756455158996598223,
      "q" : "100.4",
      "p" : "0.9553",
      "s" : "buy",
      "i" : "RARI_USD",
      "m" : "4611686018430272457"
    }, {
      "d" : "1756455155787537205",
      "t" : 1756455155787,
      "tn" : 1756455155787537205,
      "q" : "10.8",
      "p" : "0.9552",
      "s" : "buy",
      "i" : "RARI_USD",
      "m" : "4611686018430272456"
    }, {
      "d" : "1756452905230020180",
      "t" : 1756452905230,
      "tn" : 1756452905230020180,
      "q" : "124.7",
      "p" : "0.9618",
      "s" : "buy",
      "i" : "RARI_USD",
      "m" : "4611686018430272455"
    }, {
      "d" : "1756452905230017437",
      "t" : 1756452905230,
      "tn" : 1756452905230017437,
      "q" : "10.5",
      "p" : "0.9616",
      "s" : "buy",
      "i" : "RARI_USD",
      "m" : "4611686018430272454"
    }, {
      "d" : "1756452904193050672",
      "t" : 1756452904193,
      "tn" : 1756452904193050672,
      "q" : "24.7",
      "p" : "0.9578",
      "s" : "sell",
      "i" : "RARI_USD",
      "m" : "4611686018430272453"
    }, {
      "d" : "1756445264833739345",
      "t" : 1756445264833,
      "tn" : 1756445264833739345,
      "q" : "98.7",
      "p" : "0.9622",
      "s" : "sell",
      "i" : "RARI_USD",
      "m" : "4611686018430272452"
    }, {
      "d" : "1756444644788186498",
      "t" : 1756444644788,
      "tn" : 1756444644788186498,
      "q" : "17.0",
      "p" : "0.9622",
      "s" : "buy",
      "i" : "RARI_USD",
      "m" : "4611686018430272451"
    }, {
      "d" : "1756444643048197007",
      "t" : 1756444643048,
      "tn" : 1756444643048197007,
      "q" : "24.0",
      "p" : "0.9622",
      "s" : "buy",
      "i" : "RARI_USD",
      "m" : "4611686018430272450"
    }, {
      "d" : "1756444643043215514",
      "t" : 1756444643043,
      "tn" : 1756444643043215514,
      "q" : "17.2",
      "p" : "0.9623",
      "s" : "buy",
      "i" : "RARI_USD",
      "m" : "4611686018430272449"
    }, {
      "d" : "1756444642872919663",
      "t" : 1756444642872,
      "tn" : 1756444642872919663,
      "q" : "24.0",
      "p" : "0.9623",
      "s" : "buy",
      "i" : "RARI_USD",
      "m" : "4611686018430272448"
    }, {
      "d" : "1756444642870657459",
      "t" : 1756444642870,
      "tn" : 1756444642870657459,
      "q" : "17.2",
      "p" : "0.9623",
      "s" : "buy",
      "i" : "RARI_USD",
      "m" : "4611686018430272447"
    }, {
      "d" : "1756444642862846894",
      "t" : 1756444642862,
      "tn" : 1756444642862846894,
      "q" : "41.2",
      "p" : "0.9623",
      "s" : "buy",
      "i" : "RARI_USD",
      "m" : "4611686018430272446"
    }, {
      "d" : "1756444642842927973",
      "t" : 1756444642842,
      "tn" : 1756444642842927973,
      "q" : "99.6",
      "p" : "0.9623",
      "s" : "buy",
      "i" : "RARI_USD",
      "m" : "4611686018430272445"
    }, {
      "d" : "1756444642822892280",
      "t" : 1756444642822,
      "tn" : 1756444642822892280,
      "q" : "99.6",
      "p" : "0.9622",
      "s" : "buy",
      "i" : "RARI_USD",
      "m" : "4611686018430272444"
    }, {
      "d" : "1756444642802731500",
      "t" : 1756444642802,
      "tn" : 1756444642802731500,
      "q" : "99.6",
      "p" : "0.9621",
      "s" : "buy",
      "i" : "RARI_USD",
      "m" : "4611686018430272443"
    }, {
      "d" : "1756444642782725402",
      "t" : 1756444642782,
      "tn" : 1756444642782725402,
      "q" : "99.6",
      "p" : "0.9620",
      "s" : "buy",
      "i" : "RARI_USD",
      "m" : "4611686018430272442"
    }, {
      "d" : "1756444620415917573",
      "t" : 1756444620415,
      "tn" : 1756444620415917573,
      "q" : "10.5",
      "p" : "0.9624",
      "s" : "buy",
      "i" : "RARI_USD",
      "m" : "4611686018430272441"
    }, {
      "d" : "1756439650834309502",
      "t" : 1756439650834,
      "tn" : 1756439650834309502,
      "q" : "23.5",
      "p" : "0.9647",
      "s" : "sell",
      "i" : "RARI_USD",
      "m" : "4611686018430272440"
    }, {
      "d" : "1756439623308490236",
      "t" : 1756439623308,
      "tn" : 1756439623308490235,
      "q" : "23.5",
      "p" : "0.9645",
      "s" : "sell",
      "i" : "RARI_USD",
      "m" : "4611686018430272439"
    }, {
      "d" : "1756439623308490235",
      "t" : 1756439623308,
      "tn" : 1756439623308490235,
      "q" : "103.5",
      "p" : "0.9645",
      "s" : "sell",
      "i" : "RARI_USD",
      "m" : "4611686018430272439"
    }, {
      "d" : "1756436192238368996",
      "t" : 1756436192238,
      "tn" : 1756436192238368996,
      "q" : "99.3",
      "p" : "0.9680",
      "s" : "buy",
      "i" : "RARI_USD",
      "m" : "4611686018430272438"
    }, {
      "d" : "1756434450732132093",
      "t" : 1756434450732,
      "tn" : 1756434450732132092,
      "q" : "13.1",
      "p" : "0.9721",
      "s" : "buy",
      "i" : "RARI_USD",
      "m" : "4611686018430272437"
    }, {
      "d" : "1756434450732132092",
      "t" : 1756434450732,
      "tn" : 1756434450732132092,
      "q" : "98.7",
      "p" : "0.9721",
      "s" : "buy",
      "i" : "RARI_USD",
      "m" : "4611686018430272437"
    }, {
      "d" : "1756434447475141029",
      "t" : 1756434447475,
      "tn" : 1756434447475141029,
      "q" : "11.4",
      "p" : "0.9720",
      "s" : "buy",
      "i" : "RARI_USD",
      "m" : "4611686018430272436"
    }, {
      "d" : "1756434087554110109",
      "t" : 1756434087554,
      "tn" : 1756434087554110108,
      "q" : "13.3",
      "p" : "0.9729",
      "s" : "buy",
      "i" : "RARI_USD",
      "m" : "4611686018430272435"
    }, {
      "d" : "1756434087554110108",
      "t" : 1756434087554,
      "tn" : 1756434087554110108,
      "q" : "98.6",
      "p" : "0.9729",
      "s" : "buy",
      "i" : "RARI_USD",
      "m" : "4611686018430272435"
    }, {
      "d" : "1756434083804541195",
      "t" : 1756434083804,
      "tn" : 1756434083804541195,
      "q" : "13.3",
      "p" : "0.9728",
      "s" : "buy",
      "i" : "RARI_USD",
      "m" : "4611686018430272434"
    }, {
      "d" : "1756434078199331510",
      "t" : 1756434078199,
      "tn" : 1756434078199331509,
      "q" : "13.3",
      "p" : "0.9726",
      "s" : "buy",
      "i" : "RARI_USD",
      "m" : "4611686018430272433"
    }, {
      "d" : "1756434078199331509",
      "t" : 1756434078199,
      "tn" : 1756434078199331509,
      "q" : "98.7",
      "p" : "0.9726",
      "s" : "buy",
      "i" : "RARI_USD",
      "m" : "4611686018430272433"
    }, {
      "d" : "1756434072430914353",
      "t" : 1756434072430,
      "tn" : 1756434072430914353,
      "q" : "13.0",
      "p" : "0.9725",
      "s" : "buy",
      "i" : "RARI_USD",
      "m" : "4611686018430272432"
    }, {
      "d" : "1756434069156493406",
      "t" : 1756434069156,
      "tn" : 1756434069156493405,
      "q" : "13.3",
      "p" : "0.9726",
      "s" : "buy",
      "i" : "RARI_USD",
      "m" : "4611686018430272431"
    }, {
      "d" : "1756434069156493405",
      "t" : 1756434069156,
      "tn" : 1756434069156493405,
      "q" : "98.7",
      "p" : "0.9726",
      "s" : "buy",
      "i" : "RARI_USD",
      "m" : "4611686018430272431"
    }, {
      "d" : "1756434064824696001",
      "t" : 1756434064824,
      "tn" : 1756434064824696001,
      "q" : "13.3",
      "p" : "0.9725",
      "s" : "buy",
      "i" : "RARI_USD",
      "m" : "4611686018430272430"
    }, {
      "d" : "1756434061645286194",
      "t" : 1756434061645,
      "tn" : 1756434061645286194,
      "q" : "98.7",
      "p" : "0.9724",
      "s" : "buy",
      "i" : "RARI_USD",
      "m" : "4611686018430272429"
    }, {
      "d" : "1756432039553675261",
      "t" : 1756432039553,
      "tn" : 1756432039553675261,
      "q" : "10.6",
      "p" : "0.9726",
      "s" : "buy",
      "i" : "RARI_USD",
      "m" : "4611686018430272428"
    }, {
      "d" : "1756427510047010105",
      "t" : 1756427510047,
      "tn" : 1756427510047010104,
      "q" : "13.0",
      "p" : "0.9904",
      "s" : "buy",
      "i" : "RARI_USD",
      "m" : "4611686018430272427"
    }, {
      "d" : "1756427510047010104",
      "t" : 1756427510047,
      "tn" : 1756427510047010104,
      "q" : "97.0",
      "p" : "0.9904",
      "s" : "buy",
      "i" : "RARI_USD",
      "m" : "4611686018430272427"
    }, {
      "d" : "1756427506790520804",
      "t" : 1756427506790,
      "tn" : 1756427506790520804,
      "q" : "12.7",
      "p" : "0.9903",
      "s" : "buy",
      "i" : "RARI_USD",
      "m" : "4611686018430272426"
    }, {
      "d" : "1756426205299194532",
      "t" : 1756426205299,
      "tn" : 1756426205299194532,
      "q" : "96.9",
      "p" : "0.9919",
      "s" : "buy",
      "i" : "RARI_USD",
      "m" : "4611686018430272425"
    }, {
      "d" : "1756426184199721749",
      "t" : 1756426184199,
      "tn" : 1756426184199721749,
      "q" : "126.2",
      "p" : "0.9900",
      "s" : "buy",
      "i" : "RARI_USD",
      "m" : "4611686018430272424"
    }, {
      "d" : "1756425640601273551",
      "t" : 1756425640601,
      "tn" : 1756425640601273551,
      "q" : "1.1",
      "p" : "0.9862",
      "s" : "sell",
      "i" : "RARI_USD",
      "m" : "4611686018430272423"
    }, {
      "d" : "1756424922017912647",
      "t" : 1756424922017,
      "tn" : 1756424922017912647,
      "q" : "12.8",
      "p" : "0.9846",
      "s" : "buy",
      "i" : "RARI_USD",
      "m" : "4611686018430272422"
    }, {
      "d" : "1756419208962346496",
      "t" : 1756419208962,
      "tn" : 1756419208962346496,
      "q" : "158.8",
      "p" : "0.9816",
      "s" : "sell",
      "i" : "RARI_USD",
      "m" : "4611686018430272421"
    }, {
      "d" : "1756419208962344548",
      "t" : 1756419208962,
      "tn" : 1756419208962344548,
      "q" : "23.7",
      "p" : "0.9817",
      "s" : "sell",
      "i" : "RARI_USD",
      "m" : "4611686018430272420"
    }, {
      "d" : "1756418082816375667",
      "t" : 1756418082816,
      "tn" : 1756418082816375666,
      "q" : "12.9",
      "p" : "0.9819",
      "s" : "sell",
      "i" : "RARI_USD",
      "m" : "4611686018430272419"
    }, {
      "d" : "1756418082816375666",
      "t" : 1756418082816,
      "tn" : 1756418082816375666,
      "q" : "11.4",
      "p" : "0.9819",
      "s" : "sell",
      "i" : "RARI_USD",
      "m" : "4611686018430272419"
    }, {
      "d" : "1756417829427828209",
      "t" : 1756417829427,
      "tn" : 1756417829427828209,
      "q" : "24.3",
      "p" : "0.9820",
      "s" : "sell",
      "i" : "RARI_USD",
      "m" : "4611686018430272418"
    }, {
      "d" : "1756417542806583626",
      "t" : 1756417542806,
      "tn" : 1756417542806583625,
      "q" : "12.9",
      "p" : "0.9807",
      "s" : "sell",
      "i" : "RARI_USD",
      "m" : "4611686018430272417"
    }, {
      "d" : "1756417542806583625",
      "t" : 1756417542806,
      "tn" : 1756417542806583625,
      "q" : "11.2",
      "p" : "0.9807",
      "s" : "sell",
      "i" : "RARI_USD",
      "m" : "4611686018430272417"
    }, {
      "d" : "1756417490800077982",
      "t" : 1756417490800,
      "tn" : 1756417490800077982,
      "q" : "13.3",
      "p" : "0.9825",
      "s" : "buy",
      "i" : "RARI_USD",
      "m" : "4611686018430272416"
    }, {
      "d" : "1756417490800076591",
      "t" : 1756417490800,
      "tn" : 1756417490800076591,
      "q" : "11.2",
      "p" : "0.9824",
      "s" : "buy",
      "i" : "RARI_USD",
      "m" : "4611686018430272415"
    }, {
      "d" : "1756417490797665981",
      "t" : 1756417490797,
      "tn" : 1756417490797665981,
      "q" : "24.6",
      "p" : "0.9825",
      "s" : "buy",
      "i" : "RARI_USD",
      "m" : "4611686018430272414"
    }, {
      "d" : "1756417490797215414",
      "t" : 1756417490797,
      "tn" : 1756417490797215414,
      "q" : "24.1",
      "p" : "0.9824",
      "s" : "sell",
      "i" : "RARI_USD",
      "m" : "4611686018430272413"
    }, {
      "d" : "1756417402373520594",
      "t" : 1756417402373,
      "tn" : 1756417402373520594,
      "q" : "23.7",
      "p" : "0.9774",
      "s" : "buy",
      "i" : "RARI_USD",
      "m" : "4611686018430272412"
    }, {
      "d" : "1756415991174313713",
      "t" : 1756415991174,
      "tn" : 1756415991174313713,
      "q" : "11.0",
      "p" : "0.9750",
      "s" : "buy",
      "i" : "RARI_USD",
      "m" : "4611686018430272411"
    }, {
      "d" : "1756415991171591945",
      "t" : 1756415991171,
      "tn" : 1756415991171591945,
      "q" : "2.0",
      "p" : "0.9750",
      "s" : "buy",
      "i" : "RARI_USD",
      "m" : "4611686018430272410"
    }, {
      "d" : "1756415991161791358",
      "t" : 1756415991161,
      "tn" : 1756415991161791358,
      "q" : "11.0",
      "p" : "0.9759",
      "s" : "buy",
      "i" : "RARI_USD",
      "m" : "4611686018430272409"
    }, {
      "d" : "1756415991126938015",
      "t" : 1756415991126,
      "tn" : 1756415991126938015,
      "q" : "23.9",
      "p" : "0.9756",
      "s" : "sell",
      "i" : "RARI_USD",
      "m" : "4611686018430272408"
    }, {
      "d" : "1756415066203752755",
      "t" : 1756415066203,
      "tn" : 1756415066203752755,
      "q" : "24.1",
      "p" : "0.9755",
      "s" : "buy",
      "i" : "RARI_USD",
      "m" : "4611686018430272407"
    }, {
      "d" : "1756414512584734492",
      "t" : 1756414512584,
      "tn" : 1756414512584734492,
      "q" : "23.7",
      "p" : "0.9729",
      "s" : "sell",
      "i" : "RARI_USD",
      "m" : "4611686018430272406"
    }, {
      "d" : "1756411232139831026",
      "t" : 1756411232139,
      "tn" : 1756411232139831026,
      "q" : "9.9",
      "p" : "0.9704",
      "s" : "buy",
      "i" : "RARI_USD",
      "m" : "4611686018430272405"
    }, {
      "d" : "1756411232139829303",
      "t" : 1756411232139,
      "tn" : 1756411232139829303,
      "q" : "14.7",
      "p" : "0.9703",
      "s" : "buy",
      "i" : "RARI_USD",
      "m" : "4611686018430272404"
    }, {
      "d" : "1756411232089037227",
      "t" : 1756411232089,
      "tn" : 1756411232089037227,
      "q" : "24.3",
      "p" : "0.9711",
      "s" : "sell",
      "i" : "RARI_USD",
      "m" : "4611686018430272403"
    }, {
      "d" : "1756409804307953807",
      "t" : 1756409804307,
      "tn" : 1756409804307953807,
      "q" : "3.5",
      "p" : "0.9723",
      "s" : "buy",
      "i" : "RARI_USD",
      "m" : "4611686018430272402"
    }, {
      "d" : "1756409804305380170",
      "t" : 1756409804305,
      "tn" : 1756409804305380170,
      "q" : "98.5",
      "p" : "0.9723",
      "s" : "sell",
      "i" : "RARI_USD",
      "m" : "4611686018430272401"
    }, {
      "d" : "1756409742667252780",
      "t" : 1756409742667,
      "tn" : 1756409742667252780,
      "q" : "36.6",
      "p" : "0.9712",
      "s" : "sell",
      "i" : "RARI_USD",
      "m" : "4611686018430272400"
    }, {
      "d" : "1756409742667250053",
      "t" : 1756409742667,
      "tn" : 1756409742667250053,
      "q" : "10.9",
      "p" : "0.9713",
      "s" : "sell",
      "i" : "RARI_USD",
      "m" : "4611686018430272399"
    }, {
      "d" : "1756409714562537160",
      "t" : 1756409714562,
      "tn" : 1756409714562537160,
      "q" : "24.1",
      "p" : "0.9708",
      "s" : "sell",
      "i" : "RARI_USD",
      "m" : "4611686018430272398"
    }, {
      "d" : "1756409665715756469",
      "t" : 1756409665715,
      "tn" : 1756409665715756469,
      "q" : "23.4",
      "p" : "0.9717",
      "s" : "sell",
      "i" : "RARI_USD",
      "m" : "4611686018430272397"
    }, {
      "d" : "1756405880416984071",
      "t" : 1756405880416,
      "tn" : 1756405880416984071,
      "q" : "23.8",
      "p" : "0.9760",
      "s" : "buy",
      "i" : "RARI_USD",
      "m" : "4611686018430272396"
    }, {
      "d" : "1756405201546533061",
      "t" : 1756405201546,
      "tn" : 1756405201546533061,
      "q" : "98.2",
      "p" : "0.9767",
      "s" : "buy",
      "i" : "RARI_USD",
      "m" : "4611686018430272395"
    }, {
      "d" : "1756404032527429507",
      "t" : 1756404032527,
      "tn" : 1756404032527429507,
      "q" : "24.7",
      "p" : "0.9732",
      "s" : "buy",
      "i" : "RARI_USD",
      "m" : "4611686018430272394"
    }, {
      "d" : "1756404032509677790",
      "t" : 1756404032509,
      "tn" : 1756404032509677790,
      "q" : "24.0",
      "p" : "0.9741",
      "s" : "buy",
      "i" : "RARI_USD",
      "m" : "4611686018430272393"
    }, {
      "d" : "1756404032507660315",
      "t" : 1756404032507,
      "tn" : 1756404032507660315,
      "q" : "24.3",
      "p" : "0.9741",
      "s" : "buy",
      "i" : "RARI_USD",
      "m" : "4611686018430272392"
    }, {
      "d" : "1756403658703628482",
      "t" : 1756403658703,
      "tn" : 1756403658703628482,
      "q" : "24.0",
      "p" : "0.9726",
      "s" : "buy",
      "i" : "RARI_USD",
      "m" : "4611686018430272391"
    }, {
      "d" : "1756403326632227461",
      "t" : 1756403326632,
      "tn" : 1756403326632227461,
      "q" : "23.3",
      "p" : "0.9732",
      "s" : "sell",
      "i" : "RARI_USD",
      "m" : "4611686018430272390"
    }, {
      "d" : "1756403282691834189",
      "t" : 1756403282691,
      "tn" : 1756403282691834189,
      "q" : "23.2",
      "p" : "0.9746",
      "s" : "sell",
      "i" : "RARI_USD",
      "m" : "4611686018430272389"
    }, {
      "d" : "1756403282689260596",
      "t" : 1756403282689,
      "tn" : 1756403282689260596,
      "q" : "13.0",
      "p" : "0.9750",
      "s" : "buy",
      "i" : "RARI_USD",
      "m" : "4611686018430272388"
    }, {
      "d" : "1756403172553397312",
      "t" : 1756403172553,
      "tn" : 1756403172553397312,
      "q" : "10.5",
      "p" : "0.9735",
      "s" : "sell",
      "i" : "RARI_USD",
      "m" : "4611686018430272387"
    }, {
      "d" : "1756403172553395268",
      "t" : 1756403172553,
      "tn" : 1756403172553395268,
      "q" : "12.9",
      "p" : "0.9736",
      "s" : "sell",
      "i" : "RARI_USD",
      "m" : "4611686018430272386"
    }, {
      "d" : "1756403131681140111",
      "t" : 1756403131681,
      "tn" : 1756403131681140111,
      "q" : "23.4",
      "p" : "0.9760",
      "s" : "sell",
      "i" : "RARI_USD",
      "m" : "4611686018430272385"
    }, {
      "d" : "1756402619043581997",
      "t" : 1756402619043,
      "tn" : 1756402619043581997,
      "q" : "24.4",
      "p" : "0.9740",
      "s" : "buy",
      "i" : "RARI_USD",
      "m" : "4611686018430272384"
    }, {
      "d" : "1756402619037628850",
      "t" : 1756402619037,
      "tn" : 1756402619037628850,
      "q" : "24.6",
      "p" : "0.9740",
      "s" : "buy",
      "i" : "RARI_USD",
      "m" : "4611686018430272383"
    }, {
      "d" : "1756400387137216252",
      "t" : 1756400387137,
      "tn" : 1756400387137216252,
      "q" : "24.2",
      "p" : "0.9732",
      "s" : "sell",
      "i" : "RARI_USD",
      "m" : "4611686018430272382"
    }, {
      "d" : "1756400243365147959",
      "t" : 1756400243365,
      "tn" : 1756400243365147959,
      "q" : "107.0",
      "p" : "0.9702",
      "s" : "sell",
      "i" : "RARI_USD",
      "m" : "4611686018430272381"
    }, {
      "d" : "1756400243364352526",
      "t" : 1756400243364,
      "tn" : 1756400243364352526,
      "q" : "184.7",
      "p" : "0.9702",
      "s" : "sell",
      "i" : "RARI_USD",
      "m" : "4611686018430272380"
    }, {
      "d" : "1756399486697777592",
      "t" : 1756399486697,
      "tn" : 1756399486697777591,
      "q" : "13.0",
      "p" : "0.9738",
      "s" : "buy",
      "i" : "RARI_USD",
      "m" : "4611686018430272379"
    }, {
      "d" : "1756399486697777591",
      "t" : 1756399486697,
      "tn" : 1756399486697777591,
      "q" : "98.5",
      "p" : "0.9738",
      "s" : "buy",
      "i" : "RARI_USD",
      "m" : "4611686018430272379"
    }, {
      "d" : "1756399483448893684",
      "t" : 1756399483448,
      "tn" : 1756399483448893684,
      "q" : "10.4",
      "p" : "0.9737",
      "s" : "buy",
      "i" : "RARI_USD",
      "m" : "4611686018430272378"
    }, {
      "d" : "1756399234360384472",
      "t" : 1756399234360,
      "tn" : 1756399234360384472,
      "q" : "23.3",
      "p" : "0.9716",
      "s" : "sell",
      "i" : "RARI_USD",
      "m" : "4611686018430272377"
    }, {
      "d" : "1756399234356532461",
      "t" : 1756399234356,
      "tn" : 1756399234356532461,
      "q" : "24.8",
      "p" : "0.9726",
      "s" : "buy",
      "i" : "RARI_USD",
      "m" : "4611686018430272376"
    }, {
      "d" : "1756398335068447801",
      "t" : 1756398335068,
      "tn" : 1756398335068447801,
      "q" : "10.3",
      "p" : "0.9720",
      "s" : "buy",
      "i" : "RARI_USD",
      "m" : "4611686018430272375"
    }, {
      "d" : "1756398334329551300",
      "t" : 1756398334329,
      "tn" : 1756398334329551300,
      "q" : "24.1",
      "p" : "0.9698",
      "s" : "buy",
      "i" : "RARI_USD",
      "m" : "4611686018430272374"
    }, {
      "d" : "1756398326223804791",
      "t" : 1756398326223,
      "tn" : 1756398326223804791,
      "q" : "24.0",
      "p" : "0.9741",
      "s" : "buy",
      "i" : "RARI_USD",
      "m" : "4611686018430272373"
    }, {
      "d" : "1756398325206356632",
      "t" : 1756398325206,
      "tn" : 1756398325206356632,
      "q" : "23.7",
      "p" : "0.9759",
      "s" : "buy",
      "i" : "RARI_USD",
      "m" : "4611686018430272372"
    }, {
      "d" : "1756398325205926989",
      "t" : 1756398325205,
      "tn" : 1756398325205926989,
      "q" : "23.4",
      "p" : "0.9759",
      "s" : "buy",
      "i" : "RARI_USD",
      "m" : "4611686018430272371"
    }, {
      "d" : "1756398072459827111",
      "t" : 1756398072459,
      "tn" : 1756398072459827111,
      "q" : "10.4",
      "p" : "0.9693",
      "s" : "sell",
      "i" : "RARI_USD",
      "m" : "4611686018430272370"
    }, {
      "d" : "1756398072459825028",
      "t" : 1756398072459,
      "tn" : 1756398072459825028,
      "q" : "13.1",
      "p" : "0.9694",
      "s" : "sell",
      "i" : "RARI_USD",
      "m" : "4611686018430272369"
    }, {
      "d" : "1756398062918236187",
      "t" : 1756398062918,
      "tn" : 1756398062918236187,
      "q" : "23.5",
      "p" : "0.9718",
      "s" : "sell",
      "i" : "RARI_USD",
      "m" : "4611686018430272368"
    }, {
      "d" : "1756398029991070989",
      "t" : 1756398029991,
      "tn" : 1756398029991070989,
      "q" : "12.0",
      "p" : "0.9719",
      "s" : "buy",
      "i" : "RARI_USD",
      "m" : "4611686018430272367"
    }, {
      "d" : "1756398029991068894",
      "t" : 1756398029991,
      "tn" : 1756398029991068894,
      "q" : "12.1",
      "p" : "0.9718",
      "s" : "buy",
      "i" : "RARI_USD",
      "m" : "4611686018430272366"
    }, {
      "d" : "1756396968677519724",
      "t" : 1756396968677,
      "tn" : 1756396968677519724,
      "q" : "23.6",
      "p" : "0.9704",
      "s" : "sell",
      "i" : "RARI_USD",
      "m" : "4611686018430272365"
    }, {
      "d" : "1756396843362278841",
      "t" : 1756396843362,
      "tn" : 1756396843362278841,
      "q" : "23.7",
      "p" : "0.9734",
      "s" : "buy",
      "i" : "RARI_USD",
      "m" : "4611686018430272364"
    }, {
      "d" : "1756396023968165529",
      "t" : 1756396023968,
      "tn" : 1756396023968165529,
      "q" : "11.3",
      "p" : "0.9732",
      "s" : "buy",
      "i" : "RARI_USD",
      "m" : "4611686018430272363"
    }, {
      "d" : "1756396023963471044",
      "t" : 1756396023963,
      "tn" : 1756396023963471044,
      "q" : "13.3",
      "p" : "0.9733",
      "s" : "buy",
      "i" : "RARI_USD",
      "m" : "4611686018430272362"
    }, {
      "d" : "1756395732415838912",
      "t" : 1756395732415,
      "tn" : 1756395732415838912,
      "q" : "23.8",
      "p" : "0.9716",
      "s" : "sell",
      "i" : "RARI_USD",
      "m" : "4611686018430272361"
    }, {
      "d" : "1756395652361447137",
      "t" : 1756395652361,
      "tn" : 1756395652361447137,
      "q" : "24.9",
      "p" : "0.9734",
      "s" : "buy",
      "i" : "RARI_USD",
      "m" : "4611686018430272360"
    }, {
      "d" : "1756395652360659130",
      "t" : 1756395652360,
      "tn" : 1756395652360659130,
      "q" : "23.8",
      "p" : "0.9734",
      "s" : "buy",
      "i" : "RARI_USD",
      "m" : "4611686018430272359"
    }, {
      "d" : "1756395626731332269",
      "t" : 1756395626731,
      "tn" : 1756395626731332269,
      "q" : "23.8",
      "p" : "0.9715",
      "s" : "sell",
      "i" : "RARI_USD",
      "m" : "4611686018430272358"
    }, {
      "d" : "1756395513752894297",
      "t" : 1756395513752,
      "tn" : 1756395513752894297,
      "q" : "23.5",
      "p" : "0.9725",
      "s" : "sell",
      "i" : "RARI_USD",
      "m" : "4611686018430272357"
    }, {
      "d" : "1756395474451566829",
      "t" : 1756395474451,
      "tn" : 1756395474451566829,
      "q" : "24.5",
      "p" : "0.9737",
      "s" : "buy",
      "i" : "RARI_USD",
      "m" : "4611686018430272356"
    }, {
      "d" : "1756395260877938256",
      "t" : 1756395260877,
      "tn" : 1756395260877938256,
      "q" : "24.2",
      "p" : "0.9735",
      "s" : "buy",
      "i" : "RARI_USD",
      "m" : "4611686018430272355"
    }, {
      "d" : "1756395217537231842",
      "t" : 1756395217537,
      "tn" : 1756395217537231842,
      "q" : "23.6",
      "p" : "0.9722",
      "s" : "sell",
      "i" : "RARI_USD",
      "m" : "4611686018430272354"
    }, {
      "d" : "1756395214119941173",
      "t" : 1756395214119,
      "tn" : 1756395214119941173,
      "q" : "24.7",
      "p" : "0.9749",
      "s" : "buy",
      "i" : "RARI_USD",
      "m" : "4611686018430272353"
    }, {
      "d" : "1756395214114235909",
      "t" : 1756395214114,
      "tn" : 1756395214114235909,
      "q" : "24.3",
      "p" : "0.9749",
      "s" : "buy",
      "i" : "RARI_USD",
      "m" : "4611686018430272352"
    }, {
      "d" : "1756395183093910857",
      "t" : 1756395183093,
      "tn" : 1756395183093910857,
      "q" : "19.0",
      "p" : "0.9687",
      "s" : "buy",
      "i" : "RARI_USD",
      "m" : "4611686018430272351"
    }, {
      "d" : "1756395183093907946",
      "t" : 1756395183093,
      "tn" : 1756395183093907946,
      "q" : "6.3",
      "p" : "0.9687",
      "s" : "buy",
      "i" : "RARI_USD",
      "m" : "4611686018430272350"
    }, {
      "d" : "1756395183093905799",
      "t" : 1756395183093,
      "tn" : 1756395183093905799,
      "q" : "12.7",
      "p" : "0.9686",
      "s" : "buy",
      "i" : "RARI_USD",
      "m" : "4611686018430272349"
    }, {
      "d" : "1756395182962644918",
      "t" : 1756395182962,
      "tn" : 1756395182962644918,
      "q" : "13.6",
      "p" : "0.9711",
      "s" : "buy",
      "i" : "RARI_USD",
      "m" : "4611686018430272348"
    }, {
      "d" : "1756395138186215179",
      "t" : 1756395138186,
      "tn" : 1756395138186215179,
      "q" : "24.9",
      "p" : "0.9757",
      "s" : "buy",
      "i" : "RARI_USD",
      "m" : "4611686018430272347"
    }, {
      "d" : "1756395138175648675",
      "t" : 1756395138175,
      "tn" : 1756395138175648675,
      "q" : "24.4",
      "p" : "0.9757",
      "s" : "buy",
      "i" : "RARI_USD",
      "m" : "4611686018430272346"
    }, {
      "d" : "1756395090742738195",
      "t" : 1756395090742,
      "tn" : 1756395090742738195,
      "q" : "24.0",
      "p" : "0.9724",
      "s" : "buy",
      "i" : "RARI_USD",
      "m" : "4611686018430272345"
    }, {
      "d" : "1756394954427559789",
      "t" : 1756394954427,
      "tn" : 1756394954427559789,
      "q" : "22.0",
      "p" : "0.9714",
      "s" : "buy",
      "i" : "RARI_USD",
      "m" : "4611686018430272344"
    }, {
      "d" : "1756394191461918573",
      "t" : 1756394191461,
      "tn" : 1756394191461918573,
      "q" : "96.4",
      "p" : "0.9716",
      "s" : "sell",
      "i" : "RARI_USD",
      "m" : "4611686018430272343"
    }, {
      "d" : "1756394128898555001",
      "t" : 1756394128898,
      "tn" : 1756394128898555001,
      "q" : "6.9",
      "p" : "0.9740",
      "s" : "buy",
      "i" : "RARI_USD",
      "m" : "4611686018430272342"
    }, {
      "d" : "1756394128898552907",
      "t" : 1756394128898,
      "tn" : 1756394128898552907,
      "q" : "13.1",
      "p" : "0.9739",
      "s" : "buy",
      "i" : "RARI_USD",
      "m" : "4611686018430272341"
    }, {
      "d" : "1756394128446192600",
      "t" : 1756394128446,
      "tn" : 1756394128446192600,
      "q" : "98.6",
      "p" : "0.9736",
      "s" : "sell",
      "i" : "RARI_USD",
      "m" : "4611686018430272340"
    }, {
      "d" : "1756393837553676724",
      "t" : 1756393837553,
      "tn" : 1756393837553676724,
      "q" : "24.0",
      "p" : "0.9684",
      "s" : "buy",
      "i" : "RARI_USD",
      "m" : "4611686018430272339"
    }, {
      "d" : "1756393837553580236",
      "t" : 1756393837553,
      "tn" : 1756393837553580236,
      "q" : "24.3",
      "p" : "0.9684",
      "s" : "buy",
      "i" : "RARI_USD",
      "m" : "4611686018430272338"
    }, {
      "d" : "1756393817543924576",
      "t" : 1756393817543,
      "tn" : 1756393817543924576,
      "q" : "13.5",
      "p" : "0.9639",
      "s" : "buy",
      "i" : "RARI_USD",
      "m" : "4611686018430272337"
    }, {
      "d" : "1756393817543922626",
      "t" : 1756393817543,
      "tn" : 1756393817543922626,
      "q" : "11.2",
      "p" : "0.9638",
      "s" : "buy",
      "i" : "RARI_USD",
      "m" : "4611686018430272336"
    }, {
      "d" : "1756393814596380125",
      "t" : 1756393814596,
      "tn" : 1756393814596380125,
      "q" : "24.9",
      "p" : "0.9638",
      "s" : "buy",
      "i" : "RARI_USD",
      "m" : "4611686018430272335"
    }, {
      "d" : "1756393806783908294",
      "t" : 1756393806783,
      "tn" : 1756393806783908294,
      "q" : "28.0",
      "p" : "0.9646",
      "s" : "buy",
      "i" : "RARI_USD",
      "m" : "4611686018430272334"
    }, {
      "d" : "1756393806646526571",
      "t" : 1756393806646,
      "tn" : 1756393806646526571,
      "q" : "36.0",
      "p" : "0.9652",
      "s" : "buy",
      "i" : "RARI_USD",
      "m" : "4611686018430272333"
    }, {
      "d" : "1756393806508377838",
      "t" : 1756393806508,
      "tn" : 1756393806508377838,
      "q" : "21.0",
      "p" : "0.9657",
      "s" : "buy",
      "i" : "RARI_USD",
      "m" : "4611686018430272332"
    }, {
      "d" : "1756393806371047163",
      "t" : 1756393806371,
      "tn" : 1756393806371047163,
      "q" : "32.0",
      "p" : "0.9666",
      "s" : "buy",
      "i" : "RARI_USD",
      "m" : "4611686018430272331"
    }, {
      "d" : "1756393806305642195",
      "t" : 1756393806305,
      "tn" : 1756393806305642195,
      "q" : "22.0",
      "p" : "0.9663",
      "s" : "buy",
      "i" : "RARI_USD",
      "m" : "4611686018430272330"
    }, {
      "d" : "1756393806288340440",
      "t" : 1756393806288,
      "tn" : 1756393806288340440,
      "q" : "33.0",
      "p" : "0.9663",
      "s" : "buy",
      "i" : "RARI_USD",
      "m" : "4611686018430272329"
    }, {
      "d" : "1756393806152056638",
      "t" : 1756393806152,
      "tn" : 1756393806152056638,
      "q" : "23.0",
      "p" : "0.9673",
      "s" : "buy",
      "i" : "RARI_USD",
      "m" : "4611686018430272328"
    }, {
      "d" : "1756393806013374948",
      "t" : 1756393806013,
      "tn" : 1756393806013374948,
      "q" : "35.0",
      "p" : "0.9678",
      "s" : "buy",
      "i" : "RARI_USD",
      "m" : "4611686018430272327"
    }, {
      "d" : "1756393805939934318",
      "t" : 1756393805939,
      "tn" : 1756393805939934318,
      "q" : "35.0",
      "p" : "0.9659",
      "s" : "buy",
      "i" : "RARI_USD",
      "m" : "4611686018430272326"
    }, {
      "d" : "1756393805856206177",
      "t" : 1756393805856,
      "tn" : 1756393805856206177,
      "q" : "24.4",
      "p" : "0.9657",
      "s" : "sell",
      "i" : "RARI_USD",
      "m" : "4611686018430272325"
    }, {
      "d" : "1756393803656439916",
      "t" : 1756393803656,
      "tn" : 1756393803656439916,
      "q" : "7.0",
      "p" : "0.9671",
      "s" : "sell",
      "i" : "RARI_USD",
      "m" : "4611686018430272324"
    }, {
      "d" : "1756393803476563392",
      "t" : 1756393803476,
      "tn" : 1756393803476563392,
      "q" : "23.6",
      "p" : "0.9677",
      "s" : "buy",
      "i" : "RARI_USD",
      "m" : "4611686018430272323"
    }, {
      "d" : "1756393803474950386",
      "t" : 1756393803474,
      "tn" : 1756393803474950386,
      "q" : "23.9",
      "p" : "0.9677",
      "s" : "buy",
      "i" : "RARI_USD",
      "m" : "4611686018430272322"
    }, {
      "d" : "1756393803374118098",
      "t" : 1756393803374,
      "tn" : 1756393803374118098,
      "q" : "17.0",
      "p" : "0.9677",
      "s" : "buy",
      "i" : "RARI_USD",
      "m" : "4611686018430272321"
    }, {
      "d" : "1756393803290446368",
      "t" : 1756393803290,
      "tn" : 1756393803290446368,
      "q" : "28.9",
      "p" : "0.9671",
      "s" : "sell",
      "i" : "RARI_USD",
      "m" : "4611686018430272320"
    }, {
      "d" : "1756393803290444293",
      "t" : 1756393803290,
      "tn" : 1756393803290444293,
      "q" : "10.4",
      "p" : "0.9672",
      "s" : "sell",
      "i" : "RARI_USD",
      "m" : "4611686018430272319"
    }, {
      "d" : "1756393803146964643",
      "t" : 1756393803146,
      "tn" : 1756393803146964643,
      "q" : "20.0",
      "p" : "0.9694",
      "s" : "buy",
      "i" : "RARI_USD",
      "m" : "4611686018430272318"
    } ]
  }
}