{
  "id" : -1,
  "method" : "public/get-trades",
  "code" : 0,
  "result" : {
    "data" : [ {
      "d" : "1756461630899825666",
      "t" : 1756461630899,
      "tn" : 1756461630899825666,
      "q" : "24.4",
      "p" : "0.9512",
      "s" : "sell",
      "i" : "RARI_USDT",
      "m" : "4611686018431852768"
    }, {
      "d" : "1756457129127515055",
      "t" : 1756457129127,
      "tn" : 1756457129127515055,
      "q" : "24.6",
      "p" : "0.9525",
      "s" : "buy",
      "i" : "RARI_USDT",
      "m" : "4611686018431852767"
    }, {
      "d" : "1756455693431519880",
      "t" : 1756455693431,
      "tn" : 1756455693431519880,
      "q" : "24.0",
      "p" : "0.9528",
      "s" : "sell",
      "i" : "RARI_USDT",
      "m" : "4611686018431852766"
    }, {
      "d" : "1756452904193129315",
      "t" : 1756452904193,
      "tn" : 1756452904193129315,
      "q" : "24.7",
      "p" : "0.9565",
      "s" : "buy",
      "i" : "RARI_USDT",
      "m" : "4611686018431852765"
    }, {
      "d" : "1756452904149281862",
      "t" : 1756452904149,
      "tn" : 1756452904149281862,
      "q" : "24.5",
      "p" : "0.9565",
      "s" : "buy",
      "i" : "RARI_USDT",
      "m" : "4611686018431852764"
    }, {
      "d" : "1756452333065231295",
      "t" : 1756452333065,
      "tn" : 1756452333065231295,
      "q" : "24.1",
      "p" : "0.9569",
      "s" : "sell",
      "i" : "RARI_USDT",
      "m" : "4611686018431852763"
    }, {
      "d" : "1756452333060809729",
      "t" : 1756452333060,
      "tn" : 1756452333060809729,
      "q" : "24.1",
      "p" : "0.9570",
      "s" : "sell",
      "i" : "RARI_USDT",
      "m" : "4611686018431852762"
    }, {
      "d" : "1756446934493868137",
      "t" : 1756446934493,
      "tn" : 1756446934493868137,
      "q" : "103.5",
      "p" : "0.9638",
      "s" : "buy",
      "i" : "RARI_USDT",
      "m" : "4611686018431852761"
    }, {
      "d" : "1756446934493865230",
      "t" : 1756446934493,
      "tn" : 1756446934493865230,
      "q" : "24.8",
      "p" : "0.9635",
      "s" : "buy",
      "i" : "RARI_USDT",
      "m" : "4611686018431852760"
    }, {
      "d" : "1756446641741483454",
      "t" : 1756446641741,
      "tn" : 1756446641741483454,
      "q" : "24.7",
      "p" : "0.9628",
      "s" : "buy",
      "i" : "RARI_USDT",
      "m" : "4611686018431852759"
    }, {
      "d" : "1756445264874374086",
      "t" : 1756445264874,
      "tn" : 1756445264874374086,
      "q" : "55.6",
      "p" : "0.9611",
      "s" : "buy",
      "i" : "RARI_USDT",
      "m" : "4611686018431852758"
    }, {
      "d" : "1756445264834457207",
      "t" : 1756445264834,
      "tn" : 1756445264834457207,
      "q" : "44.8",
      "p" : "0.9610",
      "s" : "buy",
      "i" : "RARI_USDT",
      "m" : "4611686018431852757"
    }, {
      "d" : "1756445264833647040",
      "t" : 1756445264833,
      "tn" : 1756445264833647040,
      "q" : "54.9",
      "p" : "0.9610",
      "s" : "buy",
      "i" : "RARI_USDT",
      "m" : "4611686018431852756"
    }, {
      "d" : "1756445239224732601",
      "t" : 1756445239224,
      "tn" : 1756445239224732601,
      "q" : "0.2",
      "p" : "0.9631",
      "s" : "sell",
      "i" : "RARI_USDT",
      "m" : "4611686018431852755"
    }, {
      "d" : "1756444644788194579",
      "t" : 1756444644788,
      "tn" : 1756444644788194579,
      "q" : "17.0",
      "p" : "0.9631",
      "s" : "sell",
      "i" : "RARI_USDT",
      "m" : "4611686018431852754"
    }, {
      "d" : "1756444643049040913",
      "t" : 1756444643049,
      "tn" : 1756444643049040913,
      "q" : "24.0",
      "p" : "0.9631",
      "s" : "sell",
      "i" : "RARI_USDT",
      "m" : "4611686018431852753"
    }, {
      "d" : "1756444643044030521",
      "t" : 1756444643044,
      "tn" : 1756444643044030521,
      "q" : "17.2",
      "p" : "0.9631",
      "s" : "sell",
      "i" : "RARI_USDT",
      "m" : "4611686018431852752"
    }, {
      "d" : "1756444642873745650",
      "t" : 1756444642873,
      "tn" : 1756444642873745650,
      "q" : "24.0",
      "p" : "0.9631",
      "s" : "sell",
      "i" : "RARI_USDT",
      "m" : "4611686018431852751"
    }, {
      "d" : "1756444642871395703",
      "t" : 1756444642871,
      "tn" : 1756444642871395703,
      "q" : "17.2",
      "p" : "0.9631",
      "s" : "sell",
      "i" : "RARI_USDT",
      "m" : "4611686018431852750"
    }, {
      "d" : "1756444642863714636",
      "t" : 1756444642863,
      "tn" : 1756444642863714636,
      "q" : "41.2",
      "p" : "0.9631",
      "s" : "sell",
      "i" : "RARI_USDT",
      "m" : "4611686018431852749"
    }, {
      "d" : "1756444642842930448",
      "t" : 1756444642842,
      "tn" : 1756444642842930448,
      "q" : "99.6",
      "p" : "0.9631",
      "s" : "sell",
      "i" : "RARI_USDT",
      "m" : "4611686018431852748"
    }, {
      "d" : "1756444642822948999",
      "t" : 1756444642822,
      "tn" : 1756444642822948999,
      "q" : "99.6",
      "p" : "0.9631",
      "s" : "sell",
      "i" : "RARI_USDT",
      "m" : "4611686018431852747"
    }, {
      "d" : "1756444642803538050",
      "t" : 1756444642803,
      "tn" : 1756444642803538050,
      "q" : "99.5",
      "p" : "0.9631",
      "s" : "sell",
      "i" : "RARI_USDT",
      "m" : "4611686018431852746"
    }, {
      "d" : "1756444642802895969",
      "t" : 1756444642802,
      "tn" : 1756444642802895969,
      "q" : "99.6",
      "p" : "0.9631",
      "s" : "sell",
      "i" : "RARI_USDT",
      "m" : "4611686018431852745"
    }, {
      "d" : "1756444642783635965",
      "t" : 1756444642783,
      "tn" : 1756444642783635965,
      "q" : "99.5",
      "p" : "0.9631",
      "s" : "sell",
      "i" : "RARI_USDT",
      "m" : "4611686018431852744"
    }, {
      "d" : "1756444642783121588",
      "t" : 1756444642783,
      "tn" : 1756444642783121588,
      "q" : "99.6",
      "p" : "0.9631",
      "s" : "sell",
      "i" : "RARI_USDT",
      "m" : "4611686018431852743"
    }, {
      "d" : "1756444620415955559",
      "t" : 1756444620415,
      "tn" : 1756444620415955559,
      "q" : "10.5",
      "p" : "0.9631",
      "s" : "sell",
      "i" : "RARI_USDT",
      "m" : "4611686018431852742"
    }, {
      "d" : "1756443724805981448",
      "t" : 1756443724805,
      "tn" : 1756443724805981448,
      "q" : "24.8",
      "p" : "0.9657",
      "s" : "sell",
      "i" : "RARI_USDT",
      "m" : "4611686018431852741"
    }, {
      "d" : "1756443724794466722",
      "t" : 1756443724794,
      "tn" : 1756443724794466722,
      "q" : "24.2",
      "p" : "0.9657",
      "s" : "sell",
      "i" : "RARI_USDT",
      "m" : "4611686018431852740"
    }, {
      "d" : "1756441796786280550",
      "t" : 1756441796786,
      "tn" : 1756441796786280550,
      "q" : "23.8",
      "p" : "0.9661",
      "s" : "sell",
      "i" : "RARI_USDT",
      "m" : "4611686018431852739"
    }, {
      "d" : "1756441738266975499",
      "t" : 1756441738266,
      "tn" : 1756441738266975499,
      "q" : "24.7",
      "p" : "0.9657",
      "s" : "buy",
      "i" : "RARI_USDT",
      "m" : "4611686018431852738"
    }, {
      "d" : "1756441258900508125",
      "t" : 1756441258900,
      "tn" : 1756441258900508125,
      "q" : "24.9",
      "p" : "0.9645",
      "s" : "sell",
      "i" : "RARI_USDT",
      "m" : "4611686018431852737"
    }, {
      "d" : "1756441145543333346",
      "t" : 1756441145543,
      "tn" : 1756441145543333346,
      "q" : "24.1",
      "p" : "0.9669",
      "s" : "sell",
      "i" : "RARI_USDT",
      "m" : "4611686018431852736"
    }, {
      "d" : "1756440633126159202",
      "t" : 1756440633126,
      "tn" : 1756440633126159202,
      "q" : "24.1",
      "p" : "0.9649",
      "s" : "buy",
      "i" : "RARI_USDT",
      "m" : "4611686018431852735"
    }, {
      "d" : "1756440138394848251",
      "t" : 1756440138394,
      "tn" : 1756440138394848251,
      "q" : "24.8",
      "p" : "0.9659",
      "s" : "buy",
      "i" : "RARI_USDT",
      "m" : "4611686018431852734"
    }, {
      "d" : "1756440134035525081",
      "t" : 1756440134035,
      "tn" : 1756440134035525081,
      "q" : "24.1",
      "p" : "0.9661",
      "s" : "sell",
      "i" : "RARI_USDT",
      "m" : "4611686018431852733"
    }, {
      "d" : "1756440099769410497",
      "t" : 1756440099769,
      "tn" : 1756440099769410497,
      "q" : "24.8",
      "p" : "0.9662",
      "s" : "sell",
      "i" : "RARI_USDT",
      "m" : "4611686018431852732"
    }, {
      "d" : "1756439623303772887",
      "t" : 1756439623303,
      "tn" : 1756439623303772887,
      "q" : "23.8",
      "p" : "0.9675",
      "s" : "sell",
      "i" : "RARI_USDT",
      "m" : "4611686018431852731"
    }, {
      "d" : "1756438933771155045",
      "t" : 1756438933771,
      "tn" : 1756438933771155045,
      "q" : "24.9",
      "p" : "0.9682",
      "s" : "sell",
      "i" : "RARI_USDT",
      "m" : "4611686018431852730"
    }, {
      "d" : "1756438015928806831",
      "t" : 1756438015928,
      "tn" : 1756438015928806831,
      "q" : "23.9",
      "p" : "0.9674",
      "s" : "buy",
      "i" : "RARI_USDT",
      "m" : "4611686018431852729"
    }, {
      "d" : "1756437516202267577",
      "t" : 1756437516202,
      "tn" : 1756437516202267577,
      "q" : "24.6",
      "p" : "0.9697",
      "s" : "sell",
      "i" : "RARI_USDT",
      "m" : "4611686018431852728"
    }, {
      "d" : "1756437490280481995",
      "t" : 1756437490280,
      "tn" : 1756437490280481995,
      "q" : "24.5",
      "p" : "0.9697",
      "s" : "buy",
      "i" : "RARI_USDT",
      "m" : "4611686018431852727"
    }, {
      "d" : "1756437386491881079",
      "t" : 1756437386491,
      "tn" : 1756437386491881079,
      "q" : "24.9",
      "p" : "0.9681",
      "s" : "buy",
      "i" : "RARI_USDT",
      "m" : "4611686018431852726"
    }, {
      "d" : "1756437332477928950",
      "t" : 1756437332477,
      "tn" : 1756437332477928950,
      "q" : "24.1",
      "p" : "0.9655",
      "s" : "sell",
      "i" : "RARI_USDT",
      "m" : "4611686018431852725"
    }, {
      "d" : "1756437260677648825",
      "t" : 1756437260677,
      "tn" : 1756437260677648825,
      "q" : "23.8",
      "p" : "0.9661",
      "s" : "sell",
      "i" : "RARI_USDT",
      "m" : "4611686018431852724"
    }, {
      "d" : "1756437221254908338",
      "t" : 1756437221254,
      "tn" : 1756437221254908338,
      "q" : "24.3",
      "p" : "0.9661",
      "s" : "sell",
      "i" : "RARI_USDT",
      "m" : "4611686018431852723"
    }, {
      "d" : "1756437034769124475",
      "t" : 1756437034769,
      "tn" : 1756437034769124475,
      "q" : "24.5",
      "p" : "0.9672",
      "s" : "buy",
      "i" : "RARI_USDT",
      "m" : "4611686018431852722"
    }, {
      "d" : "1756437020293804388",
      "t" : 1756437020293,
      "tn" : 1756437020293804388,
      "q" : "23.8",
      "p" : "0.9674",
      "s" : "sell",
      "i" : "RARI_USDT",
      "m" : "4611686018431852721"
    }, {
      "d" : "1756437019696299336",
      "t" : 1756437019696,
      "tn" : 1756437019696299336,
      "q" : "24.3",
      "p" : "0.9672",
      "s" : "sell",
      "i" : "RARI_USDT",
      "m" : "4611686018431852720"
    }, {
      "d" : "1756436979496419328",
      "t" : 1756436979496,
      "tn" : 1756436979496419328,
      "q" : "24.1",
      "p" : "0.9660",
      "s" : "sell",
      "i" : "RARI_USDT",
      "m" : "4611686018431852719"
    }, {
      "d" : "1756436956587787658",
      "t" : 1756436956587,
      "tn" : 1756436956587787658,
      "q" : "23.8",
      "p" : "0.9676",
      "s" : "sell",
      "i" : "RARI_USDT",
      "m" : "4611686018431852718"
    }, {
      "d" : "1756436915282281154",
      "t" : 1756436915282,
      "tn" : 1756436915282281154,
      "q" : "24.0",
      "p" : "0.9677",
      "s" : "sell",
      "i" : "RARI_USDT",
      "m" : "4611686018431852717"
    }, {
      "d" : "1756436864141937795",
      "t" : 1756436864141,
      "tn" : 1756436864141937795,
      "q" : "24.0",
      "p" : "0.9689",
      "s" : "sell",
      "i" : "RARI_USDT",
      "m" : "4611686018431852716"
    }, {
      "d" : "1756436861417145245",
      "t" : 1756436861417,
      "tn" : 1756436861417145245,
      "q" : "23.8",
      "p" : "0.9670",
      "s" : "buy",
      "i" : "RARI_USDT",
      "m" : "4611686018431852715"
    }, {
      "d" : "1756436853870907912",
      "t" : 1756436853870,
      "tn" : 1756436853870907912,
      "q" : "24.8",
      "p" : "0.9655",
      "s" : "sell",
      "i" : "RARI_USDT",
      "m" : "4611686018431852714"
    }, {
      "d" : "1756436770280906975",
      "t" : 1756436770280,
      "tn" : 1756436770280906975,
      "q" : "24.9",
      "p" : "0.9660",
      "s" : "sell",
      "i" : "RARI_USDT",
      "m" : "4611686018431852713"
    }, {
      "d" : "1756436744668620400",
      "t" : 1756436744668,
      "tn" : 1756436744668620400,
      "q" : "24.4",
      "p" : "0.9667",
      "s" : "sell",
      "i" : "RARI_USDT",
      "m" : "4611686018431852712"
    }, {
      "d" : "1756436703392049748",
      "t" : 1756436703392,
      "tn" : 1756436703392049748,
      "q" : "24.3",
      "p" : "0.9667",
      "s" : "buy",
      "i" : "RARI_USDT",
      "m" : "4611686018431852711"
    }, {
      "d" : "1756436664655673539",
      "t" : 1756436664655,
      "tn" : 1756436664655673539,
      "q" : "24.2",
      "p" : "0.9656",
      "s" : "sell",
      "i" : "RARI_USDT",
      "m" : "4611686018431852710"
    }, {
      "d" : "1756436495250584903",
      "t" : 1756436495250,
      "tn" : 1756436495250584903,
      "q" : "24.6",
      "p" : "0.9669",
      "s" : "sell",
      "i" : "RARI_USDT",
      "m" : "4611686018431852709"
    }, {
      "d" : "1756436378005964553",
      "t" : 1756436378005,
      "tn" : 1756436378005964553,
      "q" : "24.1",
      "p" : "0.9683",
      "s" : "sell",
      "i" : "RARI_USDT",
      "m" : "4611686018431852708"
    }, {
      "d" : "1756436336246816470",
      "t" : 1756436336246,
      "tn" : 1756436336246816470,
      "q" : "24.7",
      "p" : "0.9676",
      "s" : "sell",
      "i" : "RARI_USDT",
      "m" : "4611686018431852707"
    }, {
      "d" : "1756436289069627852",
      "t" : 1756436289069,
      "tn" : 1756436289069627852,
      "q" : "23.9",
      "p" : "0.9664",
      "s" : "buy",
      "i" : "RARI_USDT",
      "m" : "4611686018431852706"
    }, {
      "d" : "1756436284985034224",
      "t" : 1756436284985,
      "tn" : 1756436284985034224,
      "q" : "24.6",
      "p" : "0.9671",
      "s" : "sell",
      "i" : "RARI_USDT",
      "m" : "4611686018431852705"
    }, {
      "d" : "1756436205022895254",
      "t" : 1756436205022,
      "tn" : 1756436205022895254,
      "q" : "24.7",
      "p" : "0.9659",
      "s" : "sell",
      "i" : "RARI_USDT",
      "m" : "4611686018431852704"
    }, {
      "d" : "1756436148621510592",
      "t" : 1756436148621,
      "tn" : 1756436148621510592,
      "q" : "24.1",
      "p" : "0.9661",
      "s" : "sell",
      "i" : "RARI_USDT",
      "m" : "4611686018431852703"
    }, {
      "d" : "1756436110220446378",
      "t" : 1756436110220,
      "tn" : 1756436110220446378,
      "q" : "24.4",
      "p" : "0.9662",
      "s" : "sell",
      "i" : "RARI_USDT",
      "m" : "4611686018431852702"
    }, {
      "d" : "1756436046025672172",
      "t" : 1756436046025,
      "tn" : 1756436046025672172,
      "q" : "24.3",
      "p" : "0.9672",
      "s" : "buy",
      "i" : "RARI_USDT",
      "m" : "4611686018431852701"
    }, {
      "d" : "1756435958649140590",
      "t" : 1756435958649,
      "tn" : 1756435958649140590,
      "q" : "24.3",
      "p" : "0.9686",
      "s" : "sell",
      "i" : "RARI_USDT",
      "m" : "4611686018431852700"
    }, {
      "d" : "1756435918215714672",
      "t" : 1756435918215,
      "tn" : 1756435918215714672,
      "q" : "24.3",
      "p" : "0.9663",
      "s" : "sell",
      "i" : "RARI_USDT",
      "m" : "4611686018431852699"
    }, {
      "d" : "1756435872606758892",
      "t" : 1756435872606,
      "tn" : 1756435872606758892,
      "q" : "23.9",
      "p" : "0.9674",
      "s" : "sell",
      "i" : "RARI_USDT",
      "m" : "4611686018431852698"
    }, {
      "d" : "1756435813420980929",
      "t" : 1756435813420,
      "tn" : 1756435813420980929,
      "q" : "23.9",
      "p" : "0.9669",
      "s" : "sell",
      "i" : "RARI_USDT",
      "m" : "4611686018431852697"
    }, {
      "d" : "1756435772971057283",
      "t" : 1756435772971,
      "tn" : 1756435772971057283,
      "q" : "24.2",
      "p" : "0.9712",
      "s" : "sell",
      "i" : "RARI_USDT",
      "m" : "4611686018431852696"
    }, {
      "d" : "1756435772967111268",
      "t" : 1756435772967,
      "tn" : 1756435772967111268,
      "q" : "24.5",
      "p" : "0.9713",
      "s" : "sell",
      "i" : "RARI_USDT",
      "m" : "4611686018431852695"
    }, {
      "d" : "1756435483709296473",
      "t" : 1756435483709,
      "tn" : 1756435483709296473,
      "q" : "77.6",
      "p" : "0.9726",
      "s" : "buy",
      "i" : "RARI_USDT",
      "m" : "4611686018431852694"
    }, {
      "d" : "1756432043555547736",
      "t" : 1756432043555,
      "tn" : 1756432043555547736,
      "q" : "10.5",
      "p" : "0.9723",
      "s" : "buy",
      "i" : "RARI_USDT",
      "m" : "4611686018431852693"
    }, {
      "d" : "1756432039550664519",
      "t" : 1756432039550,
      "tn" : 1756432039550664519,
      "q" : "23.8",
      "p" : "0.9745",
      "s" : "sell",
      "i" : "RARI_USDT",
      "m" : "4611686018431852692"
    }, {
      "d" : "1756431032554028496",
      "t" : 1756431032554,
      "tn" : 1756431032554028496,
      "q" : "24.9",
      "p" : "0.9808",
      "s" : "sell",
      "i" : "RARI_USDT",
      "m" : "4611686018431852691"
    }, {
      "d" : "1756429922631702361",
      "t" : 1756429922631,
      "tn" : 1756429922631702361,
      "q" : "23.9",
      "p" : "0.9886",
      "s" : "sell",
      "i" : "RARI_USDT",
      "m" : "4611686018431852690"
    }, {
      "d" : "1756426184199647747",
      "t" : 1756426184199,
      "tn" : 1756426184199647747,
      "q" : "181.7",
      "p" : "0.9897",
      "s" : "buy",
      "i" : "RARI_USDT",
      "m" : "4611686018431852689"
    }, {
      "d" : "1756425439183400185",
      "t" : 1756425439183,
      "tn" : 1756425439183400185,
      "q" : "23.9",
      "p" : "0.9864",
      "s" : "buy",
      "i" : "RARI_USDT",
      "m" : "4611686018431852688"
    }, {
      "d" : "1756421071518593903",
      "t" : 1756421071518,
      "tn" : 1756421071518593903,
      "q" : "24.2",
      "p" : "0.9810",
      "s" : "sell",
      "i" : "RARI_USDT",
      "m" : "4611686018431852687"
    }, {
      "d" : "1756421067590397846",
      "t" : 1756421067590,
      "tn" : 1756421067590397846,
      "q" : "24.7",
      "p" : "0.9834",
      "s" : "sell",
      "i" : "RARI_USDT",
      "m" : "4611686018431852686"
    }, {
      "d" : "1756421067586830635",
      "t" : 1756421067586,
      "tn" : 1756421067586830635,
      "q" : "24.3",
      "p" : "0.9833",
      "s" : "sell",
      "i" : "RARI_USDT",
      "m" : "4611686018431852685"
    }, {
      "d" : "1756420616276182003",
      "t" : 1756420616276,
      "tn" : 1756420616276182002,
      "q" : "10.3",
      "p" : "0.9834",
      "s" : "sell",
      "i" : "RARI_USDT",
      "m" : "4611686018431852684"
    }, {
      "d" : "1756420616276182002",
      "t" : 1756420616276,
      "tn" : 1756420616276182002,
      "q" : "24.7",
      "p" : "0.9834",
      "s" : "sell",
      "i" : "RARI_USDT",
      "m" : "4611686018431852684"
    }, {
      "d" : "1756419753556102634",
      "t" : 1756419753556,
      "tn" : 1756419753556102634,
      "q" : "24.9",
      "p" : "0.9817",
      "s" : "sell",
      "i" : "RARI_USDT",
      "m" : "4611686018431852683"
    }, {
      "d" : "1756419514763208182",
      "t" : 1756419514763,
      "tn" : 1756419514763208182,
      "q" : "24.7",
      "p" : "0.9826",
      "s" : "sell",
      "i" : "RARI_USDT",
      "m" : "4611686018431852682"
    }, {
      "d" : "1756419472812140109",
      "t" : 1756419472812,
      "tn" : 1756419472812140109,
      "q" : "24.3",
      "p" : "0.9832",
      "s" : "sell",
      "i" : "RARI_USDT",
      "m" : "4611686018431852681"
    }, {
      "d" : "1756419461377219635",
      "t" : 1756419461377,
      "tn" : 1756419461377219635,
      "q" : "24.1",
      "p" : "0.9826",
      "s" : "sell",
      "i" : "RARI_USDT",
      "m" : "4611686018431852680"
    }, {
      "d" : "1756419211385949891",
      "t" : 1756419211385,
      "tn" : 1756419211385949891,
      "q" : "24.9",
      "p" : "0.9837",
      "s" : "buy",
      "i" : "RARI_USDT",
      "m" : "4611686018431852679"
    }, {
      "d" : "1756419211385948160",
      "t" : 1756419211385,
      "tn" : 1756419211385948160,
      "q" : "24.5",
      "p" : "0.9832",
      "s" : "buy",
      "i" : "RARI_USDT",
      "m" : "4611686018431852678"
    }, {
      "d" : "1756419208968051639",
      "t" : 1756419208968,
      "tn" : 1756419208968051639,
      "q" : "0.7",
      "p" : "0.9844",
      "s" : "sell",
      "i" : "RARI_USDT",
      "m" : "4611686018431852677"
    }, {
      "d" : "1756419208963039332",
      "t" : 1756419208963,
      "tn" : 1756419208963039332,
      "q" : "23.7",
      "p" : "0.9844",
      "s" : "sell",
      "i" : "RARI_USDT",
      "m" : "4611686018431852676"
    }, {
      "d" : "1756419208958297189",
      "t" : 1756419208958,
      "tn" : 1756419208958297189,
      "q" : "24.0",
      "p" : "0.9843",
      "s" : "sell",
      "i" : "RARI_USDT",
      "m" : "4611686018431852675"
    }, {
      "d" : "1756418150178460483",
      "t" : 1756418150178,
      "tn" : 1756418150178460483,
      "q" : "23.9",
      "p" : "0.9851",
      "s" : "sell",
      "i" : "RARI_USDT",
      "m" : "4611686018431852674"
    }, {
      "d" : "1756417985761070401",
      "t" : 1756417985761,
      "tn" : 1756417985761070401,
      "q" : "24.7",
      "p" : "0.9825",
      "s" : "sell",
      "i" : "RARI_USDT",
      "m" : "4611686018431852673"
    }, {
      "d" : "1756417976695999552",
      "t" : 1756417976695,
      "tn" : 1756417976695999552,
      "q" : "24.4",
      "p" : "0.9830",
      "s" : "sell",
      "i" : "RARI_USDT",
      "m" : "4611686018431852672"
    }, {
      "d" : "1756417829427531340",
      "t" : 1756417829427,
      "tn" : 1756417829427531340,
      "q" : "24.6",
      "p" : "0.9822",
      "s" : "sell",
      "i" : "RARI_USDT",
      "m" : "4611686018431852671"
    }, {
      "d" : "1756417799911577700",
      "t" : 1756417799911,
      "tn" : 1756417799911577699,
      "q" : "24.5",
      "p" : "0.9813",
      "s" : "buy",
      "i" : "RARI_USDT",
      "m" : "4611686018431852670"
    }, {
      "d" : "1756417799911577699",
      "t" : 1756417799911,
      "tn" : 1756417799911577699,
      "q" : "24.4",
      "p" : "0.9813",
      "s" : "buy",
      "i" : "RARI_USDT",
      "m" : "4611686018431852670"
    }, {
      "d" : "1756417511598311895",
      "t" : 1756417511598,
      "tn" : 1756417511598311895,
      "q" : "24.4",
      "p" : "0.9813",
      "s" : "sell",
      "i" : "RARI_USDT",
      "m" : "4611686018431852669"
    }, {
      "d" : "1756417490797009636",
      "t" : 1756417490797,
      "tn" : 1756417490797009636,
      "q" : "24.5",
      "p" : "0.9836",
      "s" : "sell",
      "i" : "RARI_USDT",
      "m" : "4611686018431852668"
    }, {
      "d" : "1756417469196285858",
      "t" : 1756417469196,
      "tn" : 1756417469196285858,
      "q" : "24.9",
      "p" : "0.9841",
      "s" : "sell",
      "i" : "RARI_USDT",
      "m" : "4611686018431852667"
    }, {
      "d" : "1756417411750381215",
      "t" : 1756417411750,
      "tn" : 1756417411750381215,
      "q" : "23.8",
      "p" : "0.9792",
      "s" : "buy",
      "i" : "RARI_USDT",
      "m" : "4611686018431852666"
    }, {
      "d" : "1756417409175402082",
      "t" : 1756417409175,
      "tn" : 1756417409175402082,
      "q" : "24.4",
      "p" : "0.9799",
      "s" : "sell",
      "i" : "RARI_USDT",
      "m" : "4611686018431852665"
    }, {
      "d" : "1756417406054103241",
      "t" : 1756417406054,
      "tn" : 1756417406054103241,
      "q" : "24.3",
      "p" : "0.9796",
      "s" : "sell",
      "i" : "RARI_USDT",
      "m" : "4611686018431852664"
    }, {
      "d" : "1756417402373516664",
      "t" : 1756417402373,
      "tn" : 1756417402373516664,
      "q" : "23.7",
      "p" : "0.9787",
      "s" : "sell",
      "i" : "RARI_USDT",
      "m" : "4611686018431852663"
    }, {
      "d" : "1756417401338913612",
      "t" : 1756417401338,
      "tn" : 1756417401338913612,
      "q" : "24.5",
      "p" : "0.9834",
      "s" : "sell",
      "i" : "RARI_USDT",
      "m" : "4611686018431852662"
    }, {
      "d" : "1756417401320183045",
      "t" : 1756417401320,
      "tn" : 1756417401320183045,
      "q" : "24.9",
      "p" : "0.9834",
      "s" : "sell",
      "i" : "RARI_USDT",
      "m" : "4611686018431852661"
    }, {
      "d" : "1756417390498034885",
      "t" : 1756417390498,
      "tn" : 1756417390498034885,
      "q" : "24.5",
      "p" : "0.9840",
      "s" : "sell",
      "i" : "RARI_USDT",
      "m" : "4611686018431852660"
    }, {
      "d" : "1756417345855151865",
      "t" : 1756417345855,
      "tn" : 1756417345855151865,
      "q" : "24.9",
      "p" : "0.9819",
      "s" : "buy",
      "i" : "RARI_USDT",
      "m" : "4611686018431852659"
    }, {
      "d" : "1756416696600530676",
      "t" : 1756416696600,
      "tn" : 1756416696600530676,
      "q" : "24.5",
      "p" : "0.9751",
      "s" : "sell",
      "i" : "RARI_USDT",
      "m" : "4611686018431852658"
    }, {
      "d" : "1756415994005202641",
      "t" : 1756415994005,
      "tn" : 1756415994005202641,
      "q" : "23.9",
      "p" : "0.9742",
      "s" : "buy",
      "i" : "RARI_USDT",
      "m" : "4611686018431852657"
    }, {
      "d" : "1756415992272342660",
      "t" : 1756415992272,
      "tn" : 1756415992272342660,
      "q" : "24.8",
      "p" : "0.9721",
      "s" : "buy",
      "i" : "RARI_USDT",
      "m" : "4611686018431852656"
    }, {
      "d" : "1756415991174311140",
      "t" : 1756415991174,
      "tn" : 1756415991174311140,
      "q" : "11.0",
      "p" : "0.9767",
      "s" : "sell",
      "i" : "RARI_USDT",
      "m" : "4611686018431852655"
    }, {
      "d" : "1756415991171581427",
      "t" : 1756415991171,
      "tn" : 1756415991171581427,
      "q" : "2.0",
      "p" : "0.9767",
      "s" : "sell",
      "i" : "RARI_USDT",
      "m" : "4611686018431852654"
    }, {
      "d" : "1756415991161878102",
      "t" : 1756415991161,
      "tn" : 1756415991161878102,
      "q" : "11.0",
      "p" : "0.9767",
      "s" : "sell",
      "i" : "RARI_USDT",
      "m" : "4611686018431852653"
    }, {
      "d" : "1756415991127727070",
      "t" : 1756415991127,
      "tn" : 1756415991127727070,
      "q" : "23.9",
      "p" : "0.9722",
      "s" : "sell",
      "i" : "RARI_USDT",
      "m" : "4611686018431852652"
    }, {
      "d" : "1756415991126695692",
      "t" : 1756415991126,
      "tn" : 1756415991126695692,
      "q" : "24.4",
      "p" : "0.9767",
      "s" : "sell",
      "i" : "RARI_USDT",
      "m" : "4611686018431852651"
    }, {
      "d" : "1756415291793751943",
      "t" : 1756415291793,
      "tn" : 1756415291793751943,
      "q" : "24.0",
      "p" : "0.9754",
      "s" : "buy",
      "i" : "RARI_USDT",
      "m" : "4611686018431852650"
    }, {
      "d" : "1756414858466032010",
      "t" : 1756414858466,
      "tn" : 1756414858466032010,
      "q" : "24.4",
      "p" : "0.9741",
      "s" : "sell",
      "i" : "RARI_USDT",
      "m" : "4611686018431852649"
    }, {
      "d" : "1756414799808048811",
      "t" : 1756414799808,
      "tn" : 1756414799808048811,
      "q" : "24.5",
      "p" : "0.9743",
      "s" : "sell",
      "i" : "RARI_USDT",
      "m" : "4611686018431852648"
    }, {
      "d" : "1756414512585385856",
      "t" : 1756414512585,
      "tn" : 1756414512585385856,
      "q" : "23.7",
      "p" : "0.9710",
      "s" : "sell",
      "i" : "RARI_USDT",
      "m" : "4611686018431852647"
    }, {
      "d" : "1756413114258650403",
      "t" : 1756413114258,
      "tn" : 1756413114258650403,
      "q" : "24.7",
      "p" : "0.9735",
      "s" : "sell",
      "i" : "RARI_USDT",
      "m" : "4611686018431852646"
    }, {
      "d" : "1756411305979296899",
      "t" : 1756411305979,
      "tn" : 1756411305979296899,
      "q" : "24.8",
      "p" : "0.9712",
      "s" : "sell",
      "i" : "RARI_USDT",
      "m" : "4611686018431852645"
    }, {
      "d" : "1756411232139866811",
      "t" : 1756411232139,
      "tn" : 1756411232139866811,
      "q" : "24.6",
      "p" : "0.9726",
      "s" : "sell",
      "i" : "RARI_USDT",
      "m" : "4611686018431852644"
    }, {
      "d" : "1756411232089721386",
      "t" : 1756411232089,
      "tn" : 1756411232089721386,
      "q" : "24.3",
      "p" : "0.9696",
      "s" : "sell",
      "i" : "RARI_USDT",
      "m" : "4611686018431852643"
    }, {
      "d" : "1756411232089042065",
      "t" : 1756411232089,
      "tn" : 1756411232089042065,
      "q" : "24.6",
      "p" : "0.9726",
      "s" : "sell",
      "i" : "RARI_USDT",
      "m" : "4611686018431852642"
    }, {
      "d" : "1756410772949394514",
      "t" : 1756410772949,
      "tn" : 1756410772949394514,
      "q" : "23.8",
      "p" : "0.9740",
      "s" : "sell",
      "i" : "RARI_USDT",
      "m" : "4611686018431852641"
    }, {
      "d" : "1756410772942151156",
      "t" : 1756410772942,
      "tn" : 1756410772942151156,
      "q" : "24.1",
      "p" : "0.9740",
      "s" : "sell",
      "i" : "RARI_USDT",
      "m" : "4611686018431852640"
    }, {
      "d" : "1756409804307992622",
      "t" : 1756409804307,
      "tn" : 1756409804307992622,
      "q" : "3.5",
      "p" : "0.9732",
      "s" : "sell",
      "i" : "RARI_USDT",
      "m" : "4611686018431852639"
    }, {
      "d" : "1756409714556214970",
      "t" : 1756409714556,
      "tn" : 1756409714556214970,
      "q" : "24.4",
      "p" : "0.9720",
      "s" : "sell",
      "i" : "RARI_USDT",
      "m" : "4611686018431852638"
    }, {
      "d" : "1756409665711952768",
      "t" : 1756409665711,
      "tn" : 1756409665711952768,
      "q" : "23.9",
      "p" : "0.9755",
      "s" : "sell",
      "i" : "RARI_USDT",
      "m" : "4611686018431852637"
    }, {
      "d" : "1756409665696903252",
      "t" : 1756409665696,
      "tn" : 1756409665696903252,
      "q" : "24.5",
      "p" : "0.9755",
      "s" : "sell",
      "i" : "RARI_USDT",
      "m" : "4611686018431852636"
    }, {
      "d" : "1756408716515964985",
      "t" : 1756408716515,
      "tn" : 1756408716515964985,
      "q" : "24.9",
      "p" : "0.9765",
      "s" : "sell",
      "i" : "RARI_USDT",
      "m" : "4611686018431852635"
    }, {
      "d" : "1756408371062550156",
      "t" : 1756408371062,
      "tn" : 1756408371062550156,
      "q" : "24.0",
      "p" : "0.9769",
      "s" : "sell",
      "i" : "RARI_USDT",
      "m" : "4611686018431852634"
    }, {
      "d" : "1756408316152284612",
      "t" : 1756408316152,
      "tn" : 1756408316152284612,
      "q" : "24.3",
      "p" : "0.9757",
      "s" : "sell",
      "i" : "RARI_USDT",
      "m" : "4611686018431852633"
    }, {
      "d" : "1756408310487348783",
      "t" : 1756408310487,
      "tn" : 1756408310487348783,
      "q" : "24.1",
      "p" : "0.9770",
      "s" : "sell",
      "i" : "RARI_USDT",
      "m" : "4611686018431852632"
    }, {
      "d" : "1756408310481829522",
      "t" : 1756408310481,
      "tn" : 1756408310481829522,
      "q" : "23.8",
      "p" : "0.9770",
      "s" : "sell",
      "i" : "RARI_USDT",
      "m" : "4611686018431852631"
    }, {
      "d" : "1756406571327156511",
      "t" : 1756406571327,
      "tn" : 1756406571327156511,
      "q" : "24.7",
      "p" : "0.9776",
      "s" : "sell",
      "i" : "RARI_USDT",
      "m" : "4611686018431852630"
    }, {
      "d" : "1756406566526903364",
      "t" : 1756406566526,
      "tn" : 1756406566526903364,
      "q" : "24.2",
      "p" : "0.9776",
      "s" : "sell",
      "i" : "RARI_USDT",
      "m" : "4611686018431852629"
    }, {
      "d" : "1756406381057523433",
      "t" : 1756406381057,
      "tn" : 1756406381057523433,
      "q" : "24.4",
      "p" : "0.9788",
      "s" : "sell",
      "i" : "RARI_USDT",
      "m" : "4611686018431852628"
    }, {
      "d" : "1756405880417853982",
      "t" : 1756405880417,
      "tn" : 1756405880417853982,
      "q" : "23.8",
      "p" : "0.9769",
      "s" : "sell",
      "i" : "RARI_USDT",
      "m" : "4611686018431852627"
    }, {
      "d" : "1756405740838889314",
      "t" : 1756405740838,
      "tn" : 1756405740838889314,
      "q" : "24.2",
      "p" : "0.9759",
      "s" : "sell",
      "i" : "RARI_USDT",
      "m" : "4611686018431852626"
    }, {
      "d" : "1756405219256027904",
      "t" : 1756405219256,
      "tn" : 1756405219256027904,
      "q" : "24.2",
      "p" : "0.9766",
      "s" : "sell",
      "i" : "RARI_USDT",
      "m" : "4611686018431852625"
    }, {
      "d" : "1756404752478407200",
      "t" : 1756404752478,
      "tn" : 1756404752478407200,
      "q" : "23.7",
      "p" : "0.9749",
      "s" : "sell",
      "i" : "RARI_USDT",
      "m" : "4611686018431852624"
    }, {
      "d" : "1756404051428700861",
      "t" : 1756404051428,
      "tn" : 1756404051428700861,
      "q" : "24.2",
      "p" : "0.9735",
      "s" : "buy",
      "i" : "RARI_USDT",
      "m" : "4611686018431852623"
    }, {
      "d" : "1756404032528294706",
      "t" : 1756404032528,
      "tn" : 1756404032528294706,
      "q" : "24.7",
      "p" : "0.9741",
      "s" : "sell",
      "i" : "RARI_USDT",
      "m" : "4611686018431852622"
    }, {
      "d" : "1756403864479498576",
      "t" : 1756403864479,
      "tn" : 1756403864479498576,
      "q" : "24.1",
      "p" : "0.9736",
      "s" : "sell",
      "i" : "RARI_USDT",
      "m" : "4611686018431852621"
    } ]
  }
}