{
  "id" : -1,
  "method" : "public/get-trades",
  "code" : 0,
  "result" : {
    "data" : [ {
      "d" : "1756461775786623580",
      "t" : 1756461775786,
      "tn" : 1756461775786623580,
      "q" : "51.4",
      "p" : "3.5980",
      "s" : "sell",
      "i" : "RAY_USD",
      "m" : "4611686018427969532"
    }, {
      "d" : "1756461775786620447",
      "t" : 1756461775786,
      "tn" : 1756461775786620447,
      "q" : "49.2",
      "p" : "3.5981",
      "s" : "sell",
      "i" : "RAY_USD",
      "m" : "4611686018427969531"
    }, {
      "d" : "1756460958864900648",
      "t" : 1756460958864,
      "tn" : 1756460958864900648,
      "q" : "100.9",
      "p" : "3.6044",
      "s" : "buy",
      "i" : "RAY_USD",
      "m" : "4611686018427969530"
    }, {
      "d" : "1756460442035642136",
      "t" : 1756460442035,
      "tn" : 1756460442035642136,
      "q" : "56.0",
      "p" : "3.5726",
      "s" : "buy",
      "i" : "RAY_USD",
      "m" : "4611686018427969529"
    }, {
      "d" : "1756460441988660285",
      "t" : 1756460441988,
      "tn" : 1756460441988660285,
      "q" : "56.1",
      "p" : "3.5727",
      "s" : "buy",
      "i" : "RAY_USD",
      "m" : "4611686018427969528"
    }, {
      "d" : "1756460441983992415",
      "t" : 1756460441983,
      "tn" : 1756460441983992415,
      "q" : "322.7",
      "p" : "3.5670",
      "s" : "buy",
      "i" : "RAY_USD",
      "m" : "4611686018427969527"
    }, {
      "d" : "1756460441983990706",
      "t" : 1756460441983,
      "tn" : 1756460441983990706,
      "q" : "342.2",
      "p" : "3.5665",
      "s" : "buy",
      "i" : "RAY_USD",
      "m" : "4611686018427969526"
    }, {
      "d" : "1756460441983988371",
      "t" : 1756460441983,
      "tn" : 1756460441983988371,
      "q" : "68.3",
      "p" : "3.5661",
      "s" : "buy",
      "i" : "RAY_USD",
      "m" : "4611686018427969525"
    }, {
      "d" : "1756460441983986773",
      "t" : 1756460441983,
      "tn" : 1756460441983986773,
      "q" : "314.0",
      "p" : "3.5630",
      "s" : "buy",
      "i" : "RAY_USD",
      "m" : "4611686018427969524"
    }, {
      "d" : "1756460441983984688",
      "t" : 1756460441983,
      "tn" : 1756460441983984688,
      "q" : "368.6",
      "p" : "3.5618",
      "s" : "buy",
      "i" : "RAY_USD",
      "m" : "4611686018427969523"
    }, {
      "d" : "1756460441983983223",
      "t" : 1756460441983,
      "tn" : 1756460441983983223,
      "q" : "399.8",
      "p" : "3.5595",
      "s" : "buy",
      "i" : "RAY_USD",
      "m" : "4611686018427969522"
    }, {
      "d" : "1756460441983979567",
      "t" : 1756460441983,
      "tn" : 1756460441983979567,
      "q" : "183.8",
      "p" : "3.5574",
      "s" : "buy",
      "i" : "RAY_USD",
      "m" : "4611686018427969521"
    }, {
      "d" : "1756460413197822756",
      "t" : 1756460413197,
      "tn" : 1756460413197822756,
      "q" : "14.0",
      "p" : "3.5452",
      "s" : "sell",
      "i" : "RAY_USD",
      "m" : "4611686018427969520"
    }, {
      "d" : "1756460413196975779",
      "t" : 1756460413196,
      "tn" : 1756460413196975779,
      "q" : "14.0",
      "p" : "3.5452",
      "s" : "sell",
      "i" : "RAY_USD",
      "m" : "4611686018427969519"
    }, {
      "d" : "1756459974039977638",
      "t" : 1756459974039,
      "tn" : 1756459974039977638,
      "q" : "34.1",
      "p" : "3.5571",
      "s" : "sell",
      "i" : "RAY_USD",
      "m" : "4611686018427969518"
    }, {
      "d" : "1756459974039975345",
      "t" : 1756459974039,
      "tn" : 1756459974039975345,
      "q" : "68.3",
      "p" : "3.5582",
      "s" : "sell",
      "i" : "RAY_USD",
      "m" : "4611686018427969517"
    }, {
      "d" : "1756459193188287548",
      "t" : 1756459193188,
      "tn" : 1756459193188287548,
      "q" : "102.6",
      "p" : "3.5710",
      "s" : "buy",
      "i" : "RAY_USD",
      "m" : "4611686018427969516"
    }, {
      "d" : "1756459115218931661",
      "t" : 1756459115218,
      "tn" : 1756459115218931661,
      "q" : "56.1",
      "p" : "3.5664",
      "s" : "buy",
      "i" : "RAY_USD",
      "m" : "4611686018427969515"
    }, {
      "d" : "1756459084355747714",
      "t" : 1756459084355,
      "tn" : 1756459084355747714,
      "q" : "192.2",
      "p" : "3.5595",
      "s" : "buy",
      "i" : "RAY_USD",
      "m" : "4611686018427969514"
    }, {
      "d" : "1756459084355746033",
      "t" : 1756459084355,
      "tn" : 1756459084355746033,
      "q" : "183.8",
      "p" : "3.5564",
      "s" : "buy",
      "i" : "RAY_USD",
      "m" : "4611686018427969513"
    }, {
      "d" : "1756458306888352370",
      "t" : 1756458306888,
      "tn" : 1756458306888352370,
      "q" : "56.4",
      "p" : "3.5513",
      "s" : "buy",
      "i" : "RAY_USD",
      "m" : "4611686018427969512"
    }, {
      "d" : "1756457582275993525",
      "t" : 1756457582275,
      "tn" : 1756457582275993525,
      "q" : "19.1",
      "p" : "3.5698",
      "s" : "sell",
      "i" : "RAY_USD",
      "m" : "4611686018427969511"
    }, {
      "d" : "1756457577334763009",
      "t" : 1756457577334,
      "tn" : 1756457577334763009,
      "q" : "10.4",
      "p" : "3.5698",
      "s" : "sell",
      "i" : "RAY_USD",
      "m" : "4611686018427969510"
    }, {
      "d" : "1756456908724587991",
      "t" : 1756456908724,
      "tn" : 1756456908724587991,
      "q" : "55.7",
      "p" : "3.5885",
      "s" : "buy",
      "i" : "RAY_USD",
      "m" : "4611686018427969509"
    }, {
      "d" : "1756456572320521215",
      "t" : 1756456572320,
      "tn" : 1756456572320521215,
      "q" : "55.7",
      "p" : "3.5895",
      "s" : "buy",
      "i" : "RAY_USD",
      "m" : "4611686018427969508"
    }, {
      "d" : "1756456457140853495",
      "t" : 1756456457140,
      "tn" : 1756456457140853495,
      "q" : "7.7",
      "p" : "3.6035",
      "s" : "buy",
      "i" : "RAY_USD",
      "m" : "4611686018427969507"
    }, {
      "d" : "1756456457137845208",
      "t" : 1756456457137,
      "tn" : 1756456457137845208,
      "q" : "22.5",
      "p" : "3.6035",
      "s" : "buy",
      "i" : "RAY_USD",
      "m" : "4611686018427969506"
    }, {
      "d" : "1756456457137843314",
      "t" : 1756456457137,
      "tn" : 1756456457137843314,
      "q" : "26.4",
      "p" : "3.6010",
      "s" : "buy",
      "i" : "RAY_USD",
      "m" : "4611686018427969505"
    }, {
      "d" : "1756456330376742276",
      "t" : 1756456330376,
      "tn" : 1756456330376742276,
      "q" : "41.9",
      "p" : "3.6010",
      "s" : "buy",
      "i" : "RAY_USD",
      "m" : "4611686018427969504"
    }, {
      "d" : "1756456330376740041",
      "t" : 1756456330376,
      "tn" : 1756456330376740041,
      "q" : "12.7",
      "p" : "3.5978",
      "s" : "buy",
      "i" : "RAY_USD",
      "m" : "4611686018427969503"
    }, {
      "d" : "1756456330196270098",
      "t" : 1756456330196,
      "tn" : 1756456330196270098,
      "q" : "55.6",
      "p" : "3.5978",
      "s" : "buy",
      "i" : "RAY_USD",
      "m" : "4611686018427969502"
    }, {
      "d" : "1756455965553147688",
      "t" : 1756455965553,
      "tn" : 1756455965553147688,
      "q" : "55.7",
      "p" : "3.5978",
      "s" : "buy",
      "i" : "RAY_USD",
      "m" : "4611686018427969501"
    }, {
      "d" : "1756455482076928741",
      "t" : 1756455482076,
      "tn" : 1756455482076928741,
      "q" : "55.5",
      "p" : "3.6084",
      "s" : "buy",
      "i" : "RAY_USD",
      "m" : "4611686018427969500"
    }, {
      "d" : "1756454897397318407",
      "t" : 1756454897397,
      "tn" : 1756454897397318407,
      "q" : "33.8",
      "p" : "3.5963",
      "s" : "sell",
      "i" : "RAY_USD",
      "m" : "4611686018427969499"
    }, {
      "d" : "1756454897397316410",
      "t" : 1756454897397,
      "tn" : 1756454897397316410,
      "q" : "68.3",
      "p" : "3.5995",
      "s" : "sell",
      "i" : "RAY_USD",
      "m" : "4611686018427969498"
    }, {
      "d" : "1756454718755539638",
      "t" : 1756454718755,
      "tn" : 1756454718755539638,
      "q" : "102.4",
      "p" : "3.6138",
      "s" : "buy",
      "i" : "RAY_USD",
      "m" : "4611686018427969497"
    }, {
      "d" : "1756454450448334248",
      "t" : 1756454450448,
      "tn" : 1756454450448334248,
      "q" : "55.1",
      "p" : "3.6326",
      "s" : "buy",
      "i" : "RAY_USD",
      "m" : "4611686018427969496"
    }, {
      "d" : "1756454354030073556",
      "t" : 1756454354030,
      "tn" : 1756454354030073556,
      "q" : "6.3",
      "p" : "3.6189",
      "s" : "buy",
      "i" : "RAY_USD",
      "m" : "4611686018427969495"
    }, {
      "d" : "1756454354030070918",
      "t" : 1756454354030,
      "tn" : 1756454354030070918,
      "q" : "49.0",
      "p" : "3.6188",
      "s" : "buy",
      "i" : "RAY_USD",
      "m" : "4611686018427969494"
    }, {
      "d" : "1756454316223394229",
      "t" : 1756454316223,
      "tn" : 1756454316223394229,
      "q" : "53.8",
      "p" : "3.6035",
      "s" : "sell",
      "i" : "RAY_USD",
      "m" : "4611686018427969493"
    }, {
      "d" : "1756454316223391657",
      "t" : 1756454316223,
      "tn" : 1756454316223391657,
      "q" : "49.2",
      "p" : "3.6036",
      "s" : "sell",
      "i" : "RAY_USD",
      "m" : "4611686018427969492"
    }, {
      "d" : "1756452337545130521",
      "t" : 1756452337545,
      "tn" : 1756452337545130521,
      "q" : "67.6",
      "p" : "3.6269",
      "s" : "buy",
      "i" : "RAY_USD",
      "m" : "4611686018427969491"
    }, {
      "d" : "1756452337545127904",
      "t" : 1756452337545,
      "tn" : 1756452337545127904,
      "q" : "35.6",
      "p" : "3.6268",
      "s" : "buy",
      "i" : "RAY_USD",
      "m" : "4611686018427969490"
    }, {
      "d" : "1756451406292424806",
      "t" : 1756451406292,
      "tn" : 1756451406292424806,
      "q" : "54.9",
      "p" : "3.6430",
      "s" : "buy",
      "i" : "RAY_USD",
      "m" : "4611686018427969489"
    }, {
      "d" : "1756451405781160682",
      "t" : 1756451405781,
      "tn" : 1756451405781160682,
      "q" : "54.9",
      "p" : "3.6430",
      "s" : "buy",
      "i" : "RAY_USD",
      "m" : "4611686018427969488"
    }, {
      "d" : "1756450952006979753",
      "t" : 1756450952006,
      "tn" : 1756450952006979753,
      "q" : "6.2",
      "p" : "3.6541",
      "s" : "sell",
      "i" : "RAY_USD",
      "m" : "4611686018427969487"
    }, {
      "d" : "1756450951947928871",
      "t" : 1756450951947,
      "tn" : 1756450951947928870,
      "q" : "22.4",
      "p" : "3.6541",
      "s" : "sell",
      "i" : "RAY_USD",
      "m" : "4611686018427969486"
    }, {
      "d" : "1756450951947928870",
      "t" : 1756450951947,
      "tn" : 1756450951947928870,
      "q" : "3.6",
      "p" : "3.6541",
      "s" : "sell",
      "i" : "RAY_USD",
      "m" : "4611686018427969486"
    }, {
      "d" : "1756450947401787874",
      "t" : 1756450947401,
      "tn" : 1756450947401787874,
      "q" : "27.0",
      "p" : "3.6541",
      "s" : "sell",
      "i" : "RAY_USD",
      "m" : "4611686018427969485"
    }, {
      "d" : "1756448230055489566",
      "t" : 1756448230055,
      "tn" : 1756448230055489566,
      "q" : "6.1",
      "p" : "3.6836",
      "s" : "buy",
      "i" : "RAY_USD",
      "m" : "4611686018427969484"
    }, {
      "d" : "1756448230055487280",
      "t" : 1756448230055,
      "tn" : 1756448230055487280,
      "q" : "48.2",
      "p" : "3.6835",
      "s" : "buy",
      "i" : "RAY_USD",
      "m" : "4611686018427969483"
    }, {
      "d" : "1756448076041765874",
      "t" : 1756448076041,
      "tn" : 1756448076041765874,
      "q" : "26.9",
      "p" : "3.6821",
      "s" : "sell",
      "i" : "RAY_USD",
      "m" : "4611686018427969482"
    }, {
      "d" : "1756448076037367316",
      "t" : 1756448076037,
      "tn" : 1756448076037367316,
      "q" : "26.0",
      "p" : "3.6858",
      "s" : "sell",
      "i" : "RAY_USD",
      "m" : "4611686018427969481"
    }, {
      "d" : "1756448076032890685",
      "t" : 1756448076032,
      "tn" : 1756448076032890685,
      "q" : "4.7",
      "p" : "3.6920",
      "s" : "sell",
      "i" : "RAY_USD",
      "m" : "4611686018427969480"
    }, {
      "d" : "1756445963568223859",
      "t" : 1756445963568,
      "tn" : 1756445963568223859,
      "q" : "53.5",
      "p" : "3.7388",
      "s" : "buy",
      "i" : "RAY_USD",
      "m" : "4611686018427969479"
    }, {
      "d" : "1756444775626777386",
      "t" : 1756444775626,
      "tn" : 1756444775626777386,
      "q" : "53.5",
      "p" : "3.7379",
      "s" : "buy",
      "i" : "RAY_USD",
      "m" : "4611686018427969478"
    }, {
      "d" : "1756444595132776883",
      "t" : 1756444595132,
      "tn" : 1756444595132776883,
      "q" : "100.5",
      "p" : "3.7312",
      "s" : "sell",
      "i" : "RAY_USD",
      "m" : "4611686018427969477"
    }, {
      "d" : "1756444525631375645",
      "t" : 1756444525631,
      "tn" : 1756444525631375645,
      "q" : "100.8",
      "p" : "3.7447",
      "s" : "buy",
      "i" : "RAY_USD",
      "m" : "4611686018427969476"
    }, {
      "d" : "1756443193028821430",
      "t" : 1756443193028,
      "tn" : 1756443193028821430,
      "q" : "47.1",
      "p" : "3.7650",
      "s" : "sell",
      "i" : "RAY_USD",
      "m" : "4611686018427969475"
    }, {
      "d" : "1756442426142777456",
      "t" : 1756442426142,
      "tn" : 1756442426142777456,
      "q" : "100.4",
      "p" : "3.7698",
      "s" : "sell",
      "i" : "RAY_USD",
      "m" : "4611686018427969474"
    }, {
      "d" : "1756441664799800588",
      "t" : 1756441664799,
      "tn" : 1756441664799800588,
      "q" : "46.6",
      "p" : "3.7847",
      "s" : "buy",
      "i" : "RAY_USD",
      "m" : "4611686018427969473"
    }, {
      "d" : "1756441510906111188",
      "t" : 1756441510906,
      "tn" : 1756441510906111188,
      "q" : "100.6",
      "p" : "3.7761",
      "s" : "buy",
      "i" : "RAY_USD",
      "m" : "4611686018427969472"
    }, {
      "d" : "1756440491630472725",
      "t" : 1756440491630,
      "tn" : 1756440491630472725,
      "q" : "36.7",
      "p" : "3.7508",
      "s" : "sell",
      "i" : "RAY_USD",
      "m" : "4611686018427969471"
    }, {
      "d" : "1756440491630470444",
      "t" : 1756440491630,
      "tn" : 1756440491630470444,
      "q" : "64.8",
      "p" : "3.7515",
      "s" : "sell",
      "i" : "RAY_USD",
      "m" : "4611686018427969470"
    }, {
      "d" : "1756438994665883806",
      "t" : 1756438994665,
      "tn" : 1756438994665883806,
      "q" : "67.8",
      "p" : "3.7868",
      "s" : "buy",
      "i" : "RAY_USD",
      "m" : "4611686018427969469"
    }, {
      "d" : "1756438994665881109",
      "t" : 1756438994665,
      "tn" : 1756438994665881109,
      "q" : "34.0",
      "p" : "3.7867",
      "s" : "buy",
      "i" : "RAY_USD",
      "m" : "4611686018427969468"
    }, {
      "d" : "1756438835338002073",
      "t" : 1756438835338,
      "tn" : 1756438835338002073,
      "q" : "13.0",
      "p" : "3.7763",
      "s" : "buy",
      "i" : "RAY_USD",
      "m" : "4611686018427969467"
    }, {
      "d" : "1756438835331069811",
      "t" : 1756438835331,
      "tn" : 1756438835331069811,
      "q" : "183.8",
      "p" : "3.7742",
      "s" : "buy",
      "i" : "RAY_USD",
      "m" : "4611686018427969466"
    }, {
      "d" : "1756438673777635239",
      "t" : 1756438673777,
      "tn" : 1756438673777635239,
      "q" : "49.3",
      "p" : "3.7614",
      "s" : "buy",
      "i" : "RAY_USD",
      "m" : "4611686018427969465"
    }, {
      "d" : "1756438673163889626",
      "t" : 1756438673163,
      "tn" : 1756438673163889626,
      "q" : "4.0",
      "p" : "3.7614",
      "s" : "buy",
      "i" : "RAY_USD",
      "m" : "4611686018427969464"
    }, {
      "d" : "1756435422992066325",
      "t" : 1756435422992,
      "tn" : 1756435422992066325,
      "q" : "55.8",
      "p" : "3.7521",
      "s" : "sell",
      "i" : "RAY_USD",
      "m" : "4611686018427969463"
    }, {
      "d" : "1756435422992064806",
      "t" : 1756435422992,
      "tn" : 1756435422992064806,
      "q" : "47.2",
      "p" : "3.7522",
      "s" : "sell",
      "i" : "RAY_USD",
      "m" : "4611686018427969462"
    }, {
      "d" : "1756435130354814698",
      "t" : 1756435130354,
      "tn" : 1756435130354814698,
      "q" : "94.2",
      "p" : "3.7491",
      "s" : "buy",
      "i" : "RAY_USD",
      "m" : "4611686018427969461"
    }, {
      "d" : "1756435130354811374",
      "t" : 1756435130354,
      "tn" : 1756435130354811374,
      "q" : "9.0",
      "p" : "3.7490",
      "s" : "buy",
      "i" : "RAY_USD",
      "m" : "4611686018427969460"
    }, {
      "d" : "1756434273768716786",
      "t" : 1756434273768,
      "tn" : 1756434273768716786,
      "q" : "52.9",
      "p" : "3.7869",
      "s" : "buy",
      "i" : "RAY_USD",
      "m" : "4611686018427969459"
    }, {
      "d" : "1756433663986769554",
      "t" : 1756433663986,
      "tn" : 1756433663986769554,
      "q" : "53.1",
      "p" : "3.7711",
      "s" : "buy",
      "i" : "RAY_USD",
      "m" : "4611686018427969458"
    }, {
      "d" : "1756433607263796349",
      "t" : 1756433607263,
      "tn" : 1756433607263796349,
      "q" : "26.5",
      "p" : "3.7499",
      "s" : "buy",
      "i" : "RAY_USD",
      "m" : "4611686018427969457"
    }, {
      "d" : "1756433607252856325",
      "t" : 1756433607252,
      "tn" : 1756433607252856325,
      "q" : "49.8",
      "p" : "3.7468",
      "s" : "buy",
      "i" : "RAY_USD",
      "m" : "4611686018427969456"
    }, {
      "d" : "1756433607252247954",
      "t" : 1756433607252,
      "tn" : 1756433607252247954,
      "q" : "3.6",
      "p" : "3.7468",
      "s" : "buy",
      "i" : "RAY_USD",
      "m" : "4611686018427969455"
    }, {
      "d" : "1756433606631054147",
      "t" : 1756433606631,
      "tn" : 1756433606631054147,
      "q" : "5.9",
      "p" : "3.7449",
      "s" : "buy",
      "i" : "RAY_USD",
      "m" : "4611686018427969454"
    }, {
      "d" : "1756433606631052348",
      "t" : 1756433606631,
      "tn" : 1756433606631052348,
      "q" : "47.4",
      "p" : "3.7448",
      "s" : "buy",
      "i" : "RAY_USD",
      "m" : "4611686018427969453"
    }, {
      "d" : "1756432794865916971",
      "t" : 1756432794865,
      "tn" : 1756432794865916970,
      "q" : "3.7",
      "p" : "3.7105",
      "s" : "sell",
      "i" : "RAY_USD",
      "m" : "4611686018427969452"
    }, {
      "d" : "1756432794865916970",
      "t" : 1756432794865,
      "tn" : 1756432794865916970,
      "q" : "64.8",
      "p" : "3.7105",
      "s" : "sell",
      "i" : "RAY_USD",
      "m" : "4611686018427969452"
    }, {
      "d" : "1756432794865912543",
      "t" : 1756432794865,
      "tn" : 1756432794865912543,
      "q" : "36.1",
      "p" : "3.7106",
      "s" : "sell",
      "i" : "RAY_USD",
      "m" : "4611686018427969451"
    }, {
      "d" : "1756431197745258141",
      "t" : 1756431197745,
      "tn" : 1756431197745258141,
      "q" : "104.9",
      "p" : "3.7387",
      "s" : "buy",
      "i" : "RAY_USD",
      "m" : "4611686018427969450"
    }, {
      "d" : "1756431014433261170",
      "t" : 1756431014433,
      "tn" : 1756431014433261170,
      "q" : "47.1",
      "p" : "3.7286",
      "s" : "buy",
      "i" : "RAY_USD",
      "m" : "4611686018427969449"
    }, {
      "d" : "1756430601978973074",
      "t" : 1756430601978,
      "tn" : 1756430601978973073,
      "q" : "28.1",
      "p" : "3.7190",
      "s" : "sell",
      "i" : "RAY_USD",
      "m" : "4611686018427969448"
    }, {
      "d" : "1756430601978973073",
      "t" : 1756430601978,
      "tn" : 1756430601978973073,
      "q" : "29.3",
      "p" : "3.7190",
      "s" : "sell",
      "i" : "RAY_USD",
      "m" : "4611686018427969448"
    }, {
      "d" : "1756430227255425405",
      "t" : 1756430227255,
      "tn" : 1756430227255425405,
      "q" : "17.4",
      "p" : "3.7499",
      "s" : "sell",
      "i" : "RAY_USD",
      "m" : "4611686018427969447"
    }, {
      "d" : "1756430134487549243",
      "t" : 1756430134487,
      "tn" : 1756430134487549243,
      "q" : "9.0",
      "p" : "3.7499",
      "s" : "sell",
      "i" : "RAY_USD",
      "m" : "4611686018427969446"
    }, {
      "d" : "1756430134449037799",
      "t" : 1756430134449,
      "tn" : 1756430134449037798,
      "q" : "3.3",
      "p" : "3.7499",
      "s" : "sell",
      "i" : "RAY_USD",
      "m" : "4611686018427969445"
    }, {
      "d" : "1756430134449037798",
      "t" : 1756430134449,
      "tn" : 1756430134449037798,
      "q" : "14.1",
      "p" : "3.7499",
      "s" : "sell",
      "i" : "RAY_USD",
      "m" : "4611686018427969445"
    }, {
      "d" : "1756430134447109270",
      "t" : 1756430134447,
      "tn" : 1756430134447109270,
      "q" : "13.2",
      "p" : "3.7499",
      "s" : "sell",
      "i" : "RAY_USD",
      "m" : "4611686018427969444"
    }, {
      "d" : "1756429709993174301",
      "t" : 1756429709993,
      "tn" : 1756429709993174301,
      "q" : "60.4",
      "p" : "3.7500",
      "s" : "sell",
      "i" : "RAY_USD",
      "m" : "4611686018427969443"
    }, {
      "d" : "1756429547731303884",
      "t" : 1756429547731,
      "tn" : 1756429547731303884,
      "q" : "39.6",
      "p" : "3.7500",
      "s" : "sell",
      "i" : "RAY_USD",
      "m" : "4611686018427969442"
    }, {
      "d" : "1756427607405686652",
      "t" : 1756427607405,
      "tn" : 1756427607405686652,
      "q" : "56.4",
      "p" : "3.8213",
      "s" : "sell",
      "i" : "RAY_USD",
      "m" : "4611686018427969441"
    }, {
      "d" : "1756427607405684186",
      "t" : 1756427607405,
      "tn" : 1756427607405684186,
      "q" : "46.4",
      "p" : "3.8214",
      "s" : "sell",
      "i" : "RAY_USD",
      "m" : "4611686018427969440"
    }, {
      "d" : "1756427526110025071",
      "t" : 1756427526110,
      "tn" : 1756427526110025071,
      "q" : "165.5",
      "p" : "3.8506",
      "s" : "buy",
      "i" : "RAY_USD",
      "m" : "4611686018427969439"
    }, {
      "d" : "1756427525782949942",
      "t" : 1756427525782,
      "tn" : 1756427525782949942,
      "q" : "12.0",
      "p" : "3.8506",
      "s" : "buy",
      "i" : "RAY_USD",
      "m" : "4611686018427969438"
    }, {
      "d" : "1756427525769140183",
      "t" : 1756427525769,
      "tn" : 1756427525769140183,
      "q" : "75.7",
      "p" : "3.8506",
      "s" : "buy",
      "i" : "RAY_USD",
      "m" : "4611686018427969437"
    }, {
      "d" : "1756427525724743908",
      "t" : 1756427525724,
      "tn" : 1756427525724743908,
      "q" : "177.5",
      "p" : "3.8506",
      "s" : "buy",
      "i" : "RAY_USD",
      "m" : "4611686018427969436"
    }, {
      "d" : "1756427521364764379",
      "t" : 1756427521364,
      "tn" : 1756427521364764379,
      "q" : "12.0",
      "p" : "3.8453",
      "s" : "buy",
      "i" : "RAY_USD",
      "m" : "4611686018427969435"
    }, {
      "d" : "1756427521362706649",
      "t" : 1756427521362,
      "tn" : 1756427521362706649,
      "q" : "23.8",
      "p" : "3.8453",
      "s" : "buy",
      "i" : "RAY_USD",
      "m" : "4611686018427969434"
    }, {
      "d" : "1756427517734550817",
      "t" : 1756427517734,
      "tn" : 1756427517734550817,
      "q" : "38.3",
      "p" : "3.8406",
      "s" : "buy",
      "i" : "RAY_USD",
      "m" : "4611686018427969433"
    }, {
      "d" : "1756427517734548155",
      "t" : 1756427517734,
      "tn" : 1756427517734548155,
      "q" : "64.8",
      "p" : "3.8390",
      "s" : "buy",
      "i" : "RAY_USD",
      "m" : "4611686018427969432"
    }, {
      "d" : "1756427458926085913",
      "t" : 1756427458926,
      "tn" : 1756427458926085913,
      "q" : "46.0",
      "p" : "3.8393",
      "s" : "buy",
      "i" : "RAY_USD",
      "m" : "4611686018427969431"
    }, {
      "d" : "1756427410896508965",
      "t" : 1756427410896,
      "tn" : 1756427410896508965,
      "q" : "57.3",
      "p" : "3.8396",
      "s" : "sell",
      "i" : "RAY_USD",
      "m" : "4611686018427969430"
    }, {
      "d" : "1756427410896506540",
      "t" : 1756427410896,
      "tn" : 1756427410896506540,
      "q" : "46.1",
      "p" : "3.8397",
      "s" : "sell",
      "i" : "RAY_USD",
      "m" : "4611686018427969429"
    }, {
      "d" : "1756427372736512425",
      "t" : 1756427372736,
      "tn" : 1756427372736512425,
      "q" : "13.9",
      "p" : "3.8547",
      "s" : "buy",
      "i" : "RAY_USD",
      "m" : "4611686018427969428"
    }, {
      "d" : "1756427372734978056",
      "t" : 1756427372734,
      "tn" : 1756427372734978056,
      "q" : "12.0",
      "p" : "3.8547",
      "s" : "buy",
      "i" : "RAY_USD",
      "m" : "4611686018427969427"
    }, {
      "d" : "1756427371363762726",
      "t" : 1756427371363,
      "tn" : 1756427371363762724,
      "q" : "1.2",
      "p" : "3.8547",
      "s" : "buy",
      "i" : "RAY_USD",
      "m" : "4611686018427969426"
    }, {
      "d" : "1756427371363762725",
      "t" : 1756427371363,
      "tn" : 1756427371363762724,
      "q" : "27.1",
      "p" : "3.8547",
      "s" : "buy",
      "i" : "RAY_USD",
      "m" : "4611686018427969426"
    }, {
      "d" : "1756427371363762724",
      "t" : 1756427371363,
      "tn" : 1756427371363762724,
      "q" : "3.0",
      "p" : "3.8547",
      "s" : "buy",
      "i" : "RAY_USD",
      "m" : "4611686018427969426"
    }, {
      "d" : "1756427370373729925",
      "t" : 1756427370373,
      "tn" : 1756427370373729925,
      "q" : "25.9",
      "p" : "3.8547",
      "s" : "buy",
      "i" : "RAY_USD",
      "m" : "4611686018427969425"
    }, {
      "d" : "1756426451304319792",
      "t" : 1756426451304,
      "tn" : 1756426451304319792,
      "q" : "103.6",
      "p" : "3.8277",
      "s" : "buy",
      "i" : "RAY_USD",
      "m" : "4611686018427969424"
    }, {
      "d" : "1756426138672600436",
      "t" : 1756426138672,
      "tn" : 1756426138672600436,
      "q" : "15.5",
      "p" : "3.7788",
      "s" : "sell",
      "i" : "RAY_USD",
      "m" : "4611686018427969423"
    }, {
      "d" : "1756426135241523679",
      "t" : 1756426135241,
      "tn" : 1756426135241523679,
      "q" : "26.0",
      "p" : "3.7788",
      "s" : "sell",
      "i" : "RAY_USD",
      "m" : "4611686018427969422"
    }, {
      "d" : "1756426128773254190",
      "t" : 1756426128773,
      "tn" : 1756426128773254190,
      "q" : "26.0",
      "p" : "3.7788",
      "s" : "sell",
      "i" : "RAY_USD",
      "m" : "4611686018427969421"
    }, {
      "d" : "1756426125894125956",
      "t" : 1756426125894,
      "tn" : 1756426125894125956,
      "q" : "26.0",
      "p" : "3.7788",
      "s" : "sell",
      "i" : "RAY_USD",
      "m" : "4611686018427969420"
    }, {
      "d" : "1756425760689724268",
      "t" : 1756425760689,
      "tn" : 1756425760689724268,
      "q" : "25.9",
      "p" : "3.7871",
      "s" : "sell",
      "i" : "RAY_USD",
      "m" : "4611686018427969419"
    }, {
      "d" : "1756424690903778244",
      "t" : 1756424690903,
      "tn" : 1756424690903778244,
      "q" : "76.4",
      "p" : "3.8016",
      "s" : "sell",
      "i" : "RAY_USD",
      "m" : "4611686018427969418"
    }, {
      "d" : "1756423421256168925",
      "t" : 1756423421256,
      "tn" : 1756423421256168925,
      "q" : "39.2",
      "p" : "3.8226",
      "s" : "sell",
      "i" : "RAY_USD",
      "m" : "4611686018427969417"
    }, {
      "d" : "1756423421256166592",
      "t" : 1756423421256,
      "tn" : 1756423421256166592,
      "q" : "64.8",
      "p" : "3.8227",
      "s" : "sell",
      "i" : "RAY_USD",
      "m" : "4611686018427969416"
    }, {
      "d" : "1756422662313360538",
      "t" : 1756422662313,
      "tn" : 1756422662313360538,
      "q" : "63.9",
      "p" : "3.8468",
      "s" : "buy",
      "i" : "RAY_USD",
      "m" : "4611686018427969415"
    }, {
      "d" : "1756422662313357662",
      "t" : 1756422662313,
      "tn" : 1756422662313357662,
      "q" : "40.4",
      "p" : "3.8467",
      "s" : "buy",
      "i" : "RAY_USD",
      "m" : "4611686018427969414"
    }, {
      "d" : "1756420708520755879",
      "t" : 1756420708520,
      "tn" : 1756420708520755879,
      "q" : "40.6",
      "p" : "3.8150",
      "s" : "sell",
      "i" : "RAY_USD",
      "m" : "4611686018427969413"
    }, {
      "d" : "1756420708520753212",
      "t" : 1756420708520,
      "tn" : 1756420708520753212,
      "q" : "64.8",
      "p" : "3.8183",
      "s" : "sell",
      "i" : "RAY_USD",
      "m" : "4611686018427969412"
    }, {
      "d" : "1756420489410504412",
      "t" : 1756420489410,
      "tn" : 1756420489410504412,
      "q" : "105.7",
      "p" : "3.8430",
      "s" : "buy",
      "i" : "RAY_USD",
      "m" : "4611686018427969411"
    }, {
      "d" : "1756420259609960972",
      "t" : 1756420259609,
      "tn" : 1756420259609960970,
      "q" : "29.1",
      "p" : "3.8326",
      "s" : "buy",
      "i" : "RAY_USD",
      "m" : "4611686018427969410"
    }, {
      "d" : "1756420259609960971",
      "t" : 1756420259609,
      "tn" : 1756420259609960970,
      "q" : "28.4",
      "p" : "3.8326",
      "s" : "buy",
      "i" : "RAY_USD",
      "m" : "4611686018427969410"
    }, {
      "d" : "1756420259609960970",
      "t" : 1756420259609,
      "tn" : 1756420259609960970,
      "q" : "26.7",
      "p" : "3.8326",
      "s" : "buy",
      "i" : "RAY_USD",
      "m" : "4611686018427969410"
    }, {
      "d" : "1756419906831876068",
      "t" : 1756419906831,
      "tn" : 1756419906831876068,
      "q" : "41.8",
      "p" : "3.8169",
      "s" : "sell",
      "i" : "RAY_USD",
      "m" : "4611686018427969409"
    }, {
      "d" : "1756419906831874104",
      "t" : 1756419906831,
      "tn" : 1756419906831874104,
      "q" : "64.8",
      "p" : "3.8187",
      "s" : "sell",
      "i" : "RAY_USD",
      "m" : "4611686018427969408"
    }, {
      "d" : "1756418831860996965",
      "t" : 1756418831860,
      "tn" : 1756418831860996965,
      "q" : "106.8",
      "p" : "3.8136",
      "s" : "buy",
      "i" : "RAY_USD",
      "m" : "4611686018427969407"
    }, {
      "d" : "1756418756783397608",
      "t" : 1756418756783,
      "tn" : 1756418756783397608,
      "q" : "107.8",
      "p" : "3.7896",
      "s" : "sell",
      "i" : "RAY_USD",
      "m" : "4611686018427969406"
    }, {
      "d" : "1756417295338146844",
      "t" : 1756417295338,
      "tn" : 1756417295338146844,
      "q" : "85.8",
      "p" : "3.7788",
      "s" : "buy",
      "i" : "RAY_USD",
      "m" : "4611686018427969405"
    }, {
      "d" : "1756417295338144342",
      "t" : 1756417295338,
      "tn" : 1756417295338144342,
      "q" : "22.3",
      "p" : "3.7787",
      "s" : "buy",
      "i" : "RAY_USD",
      "m" : "4611686018427969404"
    }, {
      "d" : "1756400559783362460",
      "t" : 1756400559783,
      "tn" : 1756400559783362460,
      "q" : "5.4",
      "p" : "3.7582",
      "s" : "buy",
      "i" : "RAY_USD",
      "m" : "4611686018427969403"
    }, {
      "d" : "1756400559783360389",
      "t" : 1756400559783,
      "tn" : 1756400559783360389,
      "q" : "47.2",
      "p" : "3.7567",
      "s" : "buy",
      "i" : "RAY_USD",
      "m" : "4611686018427969402"
    }, {
      "d" : "1756400391441856803",
      "t" : 1756400391441,
      "tn" : 1756400391441856803,
      "q" : "47.3",
      "p" : "3.7417",
      "s" : "sell",
      "i" : "RAY_USD",
      "m" : "4611686018427969401"
    }, {
      "d" : "1756400375344987057",
      "t" : 1756400375344,
      "tn" : 1756400375344987057,
      "q" : "2.0",
      "p" : "3.7550",
      "s" : "sell",
      "i" : "RAY_USD",
      "m" : "4611686018427969400"
    }, {
      "d" : "1756400373155673086",
      "t" : 1756400373155,
      "tn" : 1756400373155673086,
      "q" : "10.7",
      "p" : "3.7550",
      "s" : "sell",
      "i" : "RAY_USD",
      "m" : "4611686018427969399"
    }, {
      "d" : "1756400373139966125",
      "t" : 1756400373139,
      "tn" : 1756400373139966124,
      "q" : "14.2",
      "p" : "3.7550",
      "s" : "sell",
      "i" : "RAY_USD",
      "m" : "4611686018427969398"
    }, {
      "d" : "1756400373139966124",
      "t" : 1756400373139,
      "tn" : 1756400373139966124,
      "q" : "7.1",
      "p" : "3.7550",
      "s" : "sell",
      "i" : "RAY_USD",
      "m" : "4611686018427969398"
    }, {
      "d" : "1756400371154046522",
      "t" : 1756400371154,
      "tn" : 1756400371154046521,
      "q" : "20.0",
      "p" : "3.7550",
      "s" : "sell",
      "i" : "RAY_USD",
      "m" : "4611686018427969397"
    }, {
      "d" : "1756400371154046521",
      "t" : 1756400371154,
      "tn" : 1756400371154046521,
      "q" : "29.1",
      "p" : "3.7550",
      "s" : "sell",
      "i" : "RAY_USD",
      "m" : "4611686018427969397"
    }, {
      "d" : "1756400298697548043",
      "t" : 1756400298697,
      "tn" : 1756400298697548043,
      "q" : "26.5",
      "p" : "3.7821",
      "s" : "buy",
      "i" : "RAY_USD",
      "m" : "4611686018427969396"
    }, {
      "d" : "1756399679920105829",
      "t" : 1756399679920,
      "tn" : 1756399679920105829,
      "q" : "5.4",
      "p" : "3.7974",
      "s" : "sell",
      "i" : "RAY_USD",
      "m" : "4611686018427969395"
    }, {
      "d" : "1756399679920103800",
      "t" : 1756399679920,
      "tn" : 1756399679920103800,
      "q" : "46.6",
      "p" : "3.7975",
      "s" : "sell",
      "i" : "RAY_USD",
      "m" : "4611686018427969394"
    }, {
      "d" : "1756398032590160513",
      "t" : 1756398032590,
      "tn" : 1756398032590160513,
      "q" : "0.3",
      "p" : "3.8517",
      "s" : "sell",
      "i" : "RAY_USD",
      "m" : "4611686018427969393"
    } ]
  }
}