{
  "id" : -1,
  "method" : "public/get-trades",
  "code" : 0,
  "result" : {
    "data" : [ {
      "d" : "1756462280192843617",
      "t" : 1756462280192,
      "tn" : 1756462280192843617,
      "q" : "1",
      "p" : "3.6119",
      "s" : "sell",
      "i" : "RAYUSD-PERP",
      "m" : "4611686018428398567"
    }, {
      "d" : "1756462280074070505",
      "t" : 1756462280074,
      "tn" : 1756462280074070505,
      "q" : "1",
      "p" : "3.6128",
      "s" : "sell",
      "i" : "RAYUSD-PERP",
      "m" : "4611686018428398566"
    }, {
      "d" : "1756462275110197715",
      "t" : 1756462275110,
      "tn" : 1756462275110197715,
      "q" : "1",
      "p" : "3.6125",
      "s" : "buy",
      "i" : "RAYUSD-PERP",
      "m" : "4611686018428398565"
    }, {
      "d" : "1756462270330105545",
      "t" : 1756462270330,
      "tn" : 1756462270330105545,
      "q" : "1",
      "p" : "3.6121",
      "s" : "sell",
      "i" : "RAYUSD-PERP",
      "m" : "4611686018428398564"
    }, {
      "d" : "1756462270209743977",
      "t" : 1756462270209,
      "tn" : 1756462270209743977,
      "q" : "1",
      "p" : "3.6122",
      "s" : "sell",
      "i" : "RAYUSD-PERP",
      "m" : "4611686018428398563"
    }, {
      "d" : "1756462270091586221",
      "t" : 1756462270091,
      "tn" : 1756462270091586221,
      "q" : "1",
      "p" : "3.6129",
      "s" : "sell",
      "i" : "RAYUSD-PERP",
      "m" : "4611686018428398562"
    }, {
      "d" : "1756462269382712569",
      "t" : 1756462269382,
      "tn" : 1756462269382712569,
      "q" : "1",
      "p" : "3.6132",
      "s" : "sell",
      "i" : "RAYUSD-PERP",
      "m" : "4611686018428398561"
    }, {
      "d" : "1756462266830695570",
      "t" : 1756462266830,
      "tn" : 1756462266830695570,
      "q" : "1",
      "p" : "3.6136",
      "s" : "buy",
      "i" : "RAYUSD-PERP",
      "m" : "4611686018428398560"
    }, {
      "d" : "1756462266603434838",
      "t" : 1756462266603,
      "tn" : 1756462266603434838,
      "q" : "1",
      "p" : "3.6127",
      "s" : "buy",
      "i" : "RAYUSD-PERP",
      "m" : "4611686018428398559"
    }, {
      "d" : "1756462265818658164",
      "t" : 1756462265818,
      "tn" : 1756462265818658164,
      "q" : "1",
      "p" : "3.6128",
      "s" : "sell",
      "i" : "RAYUSD-PERP",
      "m" : "4611686018428398558"
    }, {
      "d" : "1756462265706940940",
      "t" : 1756462265706,
      "tn" : 1756462265706940940,
      "q" : "1",
      "p" : "3.6131",
      "s" : "sell",
      "i" : "RAYUSD-PERP",
      "m" : "4611686018428398557"
    }, {
      "d" : "1756462265594198073",
      "t" : 1756462265594,
      "tn" : 1756462265594198073,
      "q" : "1",
      "p" : "3.6138",
      "s" : "sell",
      "i" : "RAYUSD-PERP",
      "m" : "4611686018428398556"
    }, {
      "d" : "1756462265483866862",
      "t" : 1756462265483,
      "tn" : 1756462265483866862,
      "q" : "1",
      "p" : "3.6139",
      "s" : "sell",
      "i" : "RAYUSD-PERP",
      "m" : "4611686018428398555"
    }, {
      "d" : "1756462263793802981",
      "t" : 1756462263793,
      "tn" : 1756462263793802981,
      "q" : "1",
      "p" : "3.6116",
      "s" : "buy",
      "i" : "RAYUSD-PERP",
      "m" : "4611686018428398554"
    }, {
      "d" : "1756462263251780192",
      "t" : 1756462263251,
      "tn" : 1756462263251780192,
      "q" : "1",
      "p" : "3.6116",
      "s" : "buy",
      "i" : "RAYUSD-PERP",
      "m" : "4611686018428398553"
    }, {
      "d" : "1756462263251778315",
      "t" : 1756462263251,
      "tn" : 1756462263251778315,
      "q" : "1",
      "p" : "3.6113",
      "s" : "buy",
      "i" : "RAYUSD-PERP",
      "m" : "4611686018428398552"
    }, {
      "d" : "1756462263127913558",
      "t" : 1756462263127,
      "tn" : 1756462263127913558,
      "q" : "1",
      "p" : "3.6109",
      "s" : "buy",
      "i" : "RAYUSD-PERP",
      "m" : "4611686018428398551"
    }, {
      "d" : "1756462263117580492",
      "t" : 1756462263117,
      "tn" : 1756462263117580492,
      "q" : "1",
      "p" : "3.6112",
      "s" : "buy",
      "i" : "RAYUSD-PERP",
      "m" : "4611686018428398550"
    }, {
      "d" : "1756462263017215316",
      "t" : 1756462263017,
      "tn" : 1756462263017215316,
      "q" : "1",
      "p" : "3.6108",
      "s" : "buy",
      "i" : "RAYUSD-PERP",
      "m" : "4611686018428398549"
    }, {
      "d" : "1756462262898291791",
      "t" : 1756462262898,
      "tn" : 1756462262898291791,
      "q" : "1",
      "p" : "3.6106",
      "s" : "buy",
      "i" : "RAYUSD-PERP",
      "m" : "4611686018428398548"
    }, {
      "d" : "1756462261246756949",
      "t" : 1756462261246,
      "tn" : 1756462261246756949,
      "q" : "1",
      "p" : "3.6110",
      "s" : "sell",
      "i" : "RAYUSD-PERP",
      "m" : "4611686018428398547"
    }, {
      "d" : "1756462261037441593",
      "t" : 1756462261037,
      "tn" : 1756462261037441593,
      "q" : "1",
      "p" : "3.6112",
      "s" : "sell",
      "i" : "RAYUSD-PERP",
      "m" : "4611686018428398546"
    }, {
      "d" : "1756462260920806727",
      "t" : 1756462260920,
      "tn" : 1756462260920806727,
      "q" : "1",
      "p" : "3.6121",
      "s" : "sell",
      "i" : "RAYUSD-PERP",
      "m" : "4611686018428398545"
    }, {
      "d" : "1756462260771600464",
      "t" : 1756462260771,
      "tn" : 1756462260771600464,
      "q" : "1",
      "p" : "3.6128",
      "s" : "sell",
      "i" : "RAYUSD-PERP",
      "m" : "4611686018428398544"
    }, {
      "d" : "1756462260541708501",
      "t" : 1756462260541,
      "tn" : 1756462260541708501,
      "q" : "1",
      "p" : "3.6132",
      "s" : "buy",
      "i" : "RAYUSD-PERP",
      "m" : "4611686018428398543"
    }, {
      "d" : "1756462260536107891",
      "t" : 1756462260536,
      "tn" : 1756462260536107891,
      "q" : "1",
      "p" : "3.6124",
      "s" : "buy",
      "i" : "RAYUSD-PERP",
      "m" : "4611686018428398542"
    }, {
      "d" : "1756462259753294477",
      "t" : 1756462259753,
      "tn" : 1756462259753294477,
      "q" : "1",
      "p" : "3.6120",
      "s" : "buy",
      "i" : "RAYUSD-PERP",
      "m" : "4611686018428398541"
    }, {
      "d" : "1756462259692689448",
      "t" : 1756462259692,
      "tn" : 1756462259692689448,
      "q" : "1",
      "p" : "3.6113",
      "s" : "buy",
      "i" : "RAYUSD-PERP",
      "m" : "4611686018428398540"
    }, {
      "d" : "1756462257572255764",
      "t" : 1756462257572,
      "tn" : 1756462257572255764,
      "q" : "1",
      "p" : "3.6111",
      "s" : "sell",
      "i" : "RAYUSD-PERP",
      "m" : "4611686018428398539"
    }, {
      "d" : "1756462256587526735",
      "t" : 1756462256587,
      "tn" : 1756462256587526735,
      "q" : "1",
      "p" : "3.6111",
      "s" : "buy",
      "i" : "RAYUSD-PERP",
      "m" : "4611686018428398538"
    }, {
      "d" : "1756462256575873204",
      "t" : 1756462256575,
      "tn" : 1756462256575873204,
      "q" : "1",
      "p" : "3.6112",
      "s" : "buy",
      "i" : "RAYUSD-PERP",
      "m" : "4611686018428398537"
    }, {
      "d" : "1756462256476509669",
      "t" : 1756462256476,
      "tn" : 1756462256476509669,
      "q" : "1",
      "p" : "3.6107",
      "s" : "sell",
      "i" : "RAYUSD-PERP",
      "m" : "4611686018428398536"
    }, {
      "d" : "1756462255837055858",
      "t" : 1756462255837,
      "tn" : 1756462255837055858,
      "q" : "1",
      "p" : "3.6108",
      "s" : "buy",
      "i" : "RAYUSD-PERP",
      "m" : "4611686018428398535"
    }, {
      "d" : "1756462255837049934",
      "t" : 1756462255837,
      "tn" : 1756462255837049934,
      "q" : "1",
      "p" : "3.6106",
      "s" : "buy",
      "i" : "RAYUSD-PERP",
      "m" : "4611686018428398534"
    }, {
      "d" : "1756462252333039568",
      "t" : 1756462252333,
      "tn" : 1756462252333039568,
      "q" : "1",
      "p" : "3.6100",
      "s" : "buy",
      "i" : "RAYUSD-PERP",
      "m" : "4611686018428398533"
    }, {
      "d" : "1756462252333037750",
      "t" : 1756462252333,
      "tn" : 1756462252333037750,
      "q" : "1",
      "p" : "3.6096",
      "s" : "buy",
      "i" : "RAYUSD-PERP",
      "m" : "4611686018428398532"
    }, {
      "d" : "1756462250538965599",
      "t" : 1756462250538,
      "tn" : 1756462250538965599,
      "q" : "1",
      "p" : "3.6090",
      "s" : "buy",
      "i" : "RAYUSD-PERP",
      "m" : "4611686018428398531"
    }, {
      "d" : "1756462242034793420",
      "t" : 1756462242034,
      "tn" : 1756462242034793420,
      "q" : "1",
      "p" : "3.6096",
      "s" : "buy",
      "i" : "RAYUSD-PERP",
      "m" : "4611686018428398530"
    }, {
      "d" : "1756462242028974295",
      "t" : 1756462242028,
      "tn" : 1756462242028974295,
      "q" : "1",
      "p" : "3.6088",
      "s" : "buy",
      "i" : "RAYUSD-PERP",
      "m" : "4611686018428398529"
    }, {
      "d" : "1756462239567784090",
      "t" : 1756462239567,
      "tn" : 1756462239567784090,
      "q" : "1",
      "p" : "3.6087",
      "s" : "sell",
      "i" : "RAYUSD-PERP",
      "m" : "4611686018428398528"
    }, {
      "d" : "1756462238492188122",
      "t" : 1756462238492,
      "tn" : 1756462238492188122,
      "q" : "1",
      "p" : "3.6090",
      "s" : "sell",
      "i" : "RAYUSD-PERP",
      "m" : "4611686018428398527"
    }, {
      "d" : "1756462236459088241",
      "t" : 1756462236459,
      "tn" : 1756462236459088241,
      "q" : "1",
      "p" : "3.6092",
      "s" : "sell",
      "i" : "RAYUSD-PERP",
      "m" : "4611686018428398526"
    }, {
      "d" : "1756462236345973384",
      "t" : 1756462236345,
      "tn" : 1756462236345973384,
      "q" : "1",
      "p" : "3.6097",
      "s" : "sell",
      "i" : "RAYUSD-PERP",
      "m" : "4611686018428398525"
    }, {
      "d" : "1756462235895826833",
      "t" : 1756462235895,
      "tn" : 1756462235895826833,
      "q" : "1",
      "p" : "3.6097",
      "s" : "buy",
      "i" : "RAYUSD-PERP",
      "m" : "4611686018428398524"
    }, {
      "d" : "1756462234785138278",
      "t" : 1756462234785,
      "tn" : 1756462234785138278,
      "q" : "1",
      "p" : "3.6094",
      "s" : "buy",
      "i" : "RAYUSD-PERP",
      "m" : "4611686018428398523"
    }, {
      "d" : "1756462233329859460",
      "t" : 1756462233329,
      "tn" : 1756462233329859460,
      "q" : "1",
      "p" : "3.6091",
      "s" : "buy",
      "i" : "RAYUSD-PERP",
      "m" : "4611686018428398522"
    }, {
      "d" : "1756462231082080210",
      "t" : 1756462231082,
      "tn" : 1756462231082080210,
      "q" : "1",
      "p" : "3.6089",
      "s" : "buy",
      "i" : "RAYUSD-PERP",
      "m" : "4611686018428398521"
    }, {
      "d" : "1756462225370118953",
      "t" : 1756462225370,
      "tn" : 1756462225370118953,
      "q" : "1",
      "p" : "3.6093",
      "s" : "sell",
      "i" : "RAYUSD-PERP",
      "m" : "4611686018428398520"
    }, {
      "d" : "1756462221052783443",
      "t" : 1756462221052,
      "tn" : 1756462221052783443,
      "q" : "1",
      "p" : "3.6098",
      "s" : "sell",
      "i" : "RAYUSD-PERP",
      "m" : "4611686018428398519"
    }, {
      "d" : "1756462219407681475",
      "t" : 1756462219407,
      "tn" : 1756462219407681475,
      "q" : "1",
      "p" : "3.6092",
      "s" : "buy",
      "i" : "RAYUSD-PERP",
      "m" : "4611686018428398518"
    }, {
      "d" : "1756462219297798399",
      "t" : 1756462219297,
      "tn" : 1756462219297798399,
      "q" : "1",
      "p" : "3.6091",
      "s" : "buy",
      "i" : "RAYUSD-PERP",
      "m" : "4611686018428398517"
    }, {
      "d" : "1756462219187169124",
      "t" : 1756462219187,
      "tn" : 1756462219187169124,
      "q" : "1",
      "p" : "3.6089",
      "s" : "buy",
      "i" : "RAYUSD-PERP",
      "m" : "4611686018428398516"
    }, {
      "d" : "1756462209904703456",
      "t" : 1756462209904,
      "tn" : 1756462209904703456,
      "q" : "1",
      "p" : "3.6087",
      "s" : "sell",
      "i" : "RAYUSD-PERP",
      "m" : "4611686018428398515"
    }, {
      "d" : "1756462205717804653",
      "t" : 1756462205717,
      "tn" : 1756462205717804653,
      "q" : "1",
      "p" : "3.6088",
      "s" : "buy",
      "i" : "RAYUSD-PERP",
      "m" : "4611686018428398514"
    }, {
      "d" : "1756462204774187121",
      "t" : 1756462204774,
      "tn" : 1756462204774187121,
      "q" : "1",
      "p" : "3.6081",
      "s" : "buy",
      "i" : "RAYUSD-PERP",
      "m" : "4611686018428398513"
    }, {
      "d" : "1756462202406892617",
      "t" : 1756462202406,
      "tn" : 1756462202406892617,
      "q" : "1",
      "p" : "3.6099",
      "s" : "sell",
      "i" : "RAYUSD-PERP",
      "m" : "4611686018428398512"
    }, {
      "d" : "1756462201498952004",
      "t" : 1756462201498,
      "tn" : 1756462201498952004,
      "q" : "1",
      "p" : "3.6098",
      "s" : "buy",
      "i" : "RAYUSD-PERP",
      "m" : "4611686018428398511"
    }, {
      "d" : "1756462196978144580",
      "t" : 1756462196978,
      "tn" : 1756462196978144580,
      "q" : "1",
      "p" : "3.6098",
      "s" : "sell",
      "i" : "RAYUSD-PERP",
      "m" : "4611686018428398510"
    }, {
      "d" : "1756462196768318261",
      "t" : 1756462196768,
      "tn" : 1756462196768318261,
      "q" : "1",
      "p" : "3.6095",
      "s" : "buy",
      "i" : "RAYUSD-PERP",
      "m" : "4611686018428398509"
    }, {
      "d" : "1756462196443806168",
      "t" : 1756462196443,
      "tn" : 1756462196443806168,
      "q" : "1",
      "p" : "3.6100",
      "s" : "sell",
      "i" : "RAYUSD-PERP",
      "m" : "4611686018428398508"
    }, {
      "d" : "1756462190289001787",
      "t" : 1756462190289,
      "tn" : 1756462190289001787,
      "q" : "1",
      "p" : "3.6104",
      "s" : "buy",
      "i" : "RAYUSD-PERP",
      "m" : "4611686018428398507"
    }, {
      "d" : "1756462182341592865",
      "t" : 1756462182341,
      "tn" : 1756462182341592865,
      "q" : "1",
      "p" : "3.6112",
      "s" : "sell",
      "i" : "RAYUSD-PERP",
      "m" : "4611686018428398506"
    }, {
      "d" : "1756462180519031754",
      "t" : 1756462180519,
      "tn" : 1756462180519031754,
      "q" : "1",
      "p" : "3.6119",
      "s" : "sell",
      "i" : "RAYUSD-PERP",
      "m" : "4611686018428398505"
    }, {
      "d" : "1756462180404689878",
      "t" : 1756462180404,
      "tn" : 1756462180404689878,
      "q" : "1",
      "p" : "3.6121",
      "s" : "sell",
      "i" : "RAYUSD-PERP",
      "m" : "4611686018428398504"
    }, {
      "d" : "1756462180287117387",
      "t" : 1756462180287,
      "tn" : 1756462180287117387,
      "q" : "1",
      "p" : "3.6131",
      "s" : "sell",
      "i" : "RAYUSD-PERP",
      "m" : "4611686018428398503"
    }, {
      "d" : "1756462178691584039",
      "t" : 1756462178691,
      "tn" : 1756462178691584039,
      "q" : "1",
      "p" : "3.6132",
      "s" : "buy",
      "i" : "RAYUSD-PERP",
      "m" : "4611686018428398502"
    }, {
      "d" : "1756462178240832778",
      "t" : 1756462178240,
      "tn" : 1756462178240832778,
      "q" : "1",
      "p" : "3.6130",
      "s" : "buy",
      "i" : "RAYUSD-PERP",
      "m" : "4611686018428398501"
    }, {
      "d" : "1756462177691771268",
      "t" : 1756462177691,
      "tn" : 1756462177691771268,
      "q" : "1",
      "p" : "3.6123",
      "s" : "buy",
      "i" : "RAYUSD-PERP",
      "m" : "4611686018428398500"
    }, {
      "d" : "1756462177437666964",
      "t" : 1756462177437,
      "tn" : 1756462177437666964,
      "q" : "1",
      "p" : "3.6118",
      "s" : "buy",
      "i" : "RAYUSD-PERP",
      "m" : "4611686018428398499"
    }, {
      "d" : "1756462170342734437",
      "t" : 1756462170342,
      "tn" : 1756462170342734437,
      "q" : "1",
      "p" : "3.6124",
      "s" : "sell",
      "i" : "RAYUSD-PERP",
      "m" : "4611686018428398498"
    }, {
      "d" : "1756462169709843650",
      "t" : 1756462169709,
      "tn" : 1756462169709843650,
      "q" : "1",
      "p" : "3.6122",
      "s" : "buy",
      "i" : "RAYUSD-PERP",
      "m" : "4611686018428398497"
    }, {
      "d" : "1756462165364642559",
      "t" : 1756462165364,
      "tn" : 1756462165364642559,
      "q" : "1",
      "p" : "3.6112",
      "s" : "sell",
      "i" : "RAYUSD-PERP",
      "m" : "4611686018428398496"
    }, {
      "d" : "1756462163561750332",
      "t" : 1756462163561,
      "tn" : 1756462163561750332,
      "q" : "1",
      "p" : "3.6122",
      "s" : "sell",
      "i" : "RAYUSD-PERP",
      "m" : "4611686018428398495"
    }, {
      "d" : "1756462163327743131",
      "t" : 1756462163327,
      "tn" : 1756462163327743131,
      "q" : "1",
      "p" : "3.6125",
      "s" : "sell",
      "i" : "RAYUSD-PERP",
      "m" : "4611686018428398494"
    }, {
      "d" : "1756462162754086366",
      "t" : 1756462162754,
      "tn" : 1756462162754086366,
      "q" : "1",
      "p" : "3.6124",
      "s" : "sell",
      "i" : "RAYUSD-PERP",
      "m" : "4611686018428398493"
    }, {
      "d" : "1756462162539689889",
      "t" : 1756462162539,
      "tn" : 1756462162539689889,
      "q" : "1",
      "p" : "3.6126",
      "s" : "sell",
      "i" : "RAYUSD-PERP",
      "m" : "4611686018428398492"
    }, {
      "d" : "1756462161878763884",
      "t" : 1756462161878,
      "tn" : 1756462161878763884,
      "q" : "1",
      "p" : "3.6121",
      "s" : "buy",
      "i" : "RAYUSD-PERP",
      "m" : "4611686018428398491"
    }, {
      "d" : "1756462159501664798",
      "t" : 1756462159501,
      "tn" : 1756462159501664798,
      "q" : "1",
      "p" : "3.6119",
      "s" : "buy",
      "i" : "RAYUSD-PERP",
      "m" : "4611686018428398490"
    }, {
      "d" : "1756462159377667727",
      "t" : 1756462159377,
      "tn" : 1756462159377667727,
      "q" : "1",
      "p" : "3.6111",
      "s" : "buy",
      "i" : "RAYUSD-PERP",
      "m" : "4611686018428398489"
    }, {
      "d" : "1756462153110078573",
      "t" : 1756462153110,
      "tn" : 1756462153110078573,
      "q" : "1",
      "p" : "3.6133",
      "s" : "sell",
      "i" : "RAYUSD-PERP",
      "m" : "4611686018428398488"
    }, {
      "d" : "1756462151634385182",
      "t" : 1756462151634,
      "tn" : 1756462151634385182,
      "q" : "1",
      "p" : "3.6140",
      "s" : "sell",
      "i" : "RAYUSD-PERP",
      "m" : "4611686018428398487"
    }, {
      "d" : "1756462150715820619",
      "t" : 1756462150715,
      "tn" : 1756462150715820619,
      "q" : "1",
      "p" : "3.6142",
      "s" : "sell",
      "i" : "RAYUSD-PERP",
      "m" : "4611686018428398486"
    }, {
      "d" : "1756462148599563129",
      "t" : 1756462148599,
      "tn" : 1756462148599563129,
      "q" : "1",
      "p" : "3.6156",
      "s" : "buy",
      "i" : "RAYUSD-PERP",
      "m" : "4611686018428398485"
    }, {
      "d" : "1756462148593547364",
      "t" : 1756462148593,
      "tn" : 1756462148593547364,
      "q" : "1",
      "p" : "3.6148",
      "s" : "buy",
      "i" : "RAYUSD-PERP",
      "m" : "4611686018428398484"
    }, {
      "d" : "1756462147472900415",
      "t" : 1756462147472,
      "tn" : 1756462147472900415,
      "q" : "1",
      "p" : "3.6146",
      "s" : "sell",
      "i" : "RAYUSD-PERP",
      "m" : "4611686018428398483"
    }, {
      "d" : "1756462147312323851",
      "t" : 1756462147312,
      "tn" : 1756462147312323851,
      "q" : "1",
      "p" : "3.6148",
      "s" : "buy",
      "i" : "RAYUSD-PERP",
      "m" : "4611686018428398482"
    }, {
      "d" : "1756462147301822721",
      "t" : 1756462147301,
      "tn" : 1756462147301822721,
      "q" : "1",
      "p" : "3.6141",
      "s" : "buy",
      "i" : "RAYUSD-PERP",
      "m" : "4611686018428398481"
    }, {
      "d" : "1756462138657286616",
      "t" : 1756462138657,
      "tn" : 1756462138657286616,
      "q" : "1",
      "p" : "3.6169",
      "s" : "sell",
      "i" : "RAYUSD-PERP",
      "m" : "4611686018428398480"
    }, {
      "d" : "1756462134644425429",
      "t" : 1756462134644,
      "tn" : 1756462134644425429,
      "q" : "1",
      "p" : "3.6164",
      "s" : "buy",
      "i" : "RAYUSD-PERP",
      "m" : "4611686018428398479"
    }, {
      "d" : "1756462134638722360",
      "t" : 1756462134638,
      "tn" : 1756462134638722360,
      "q" : "1",
      "p" : "3.6158",
      "s" : "buy",
      "i" : "RAYUSD-PERP",
      "m" : "4611686018428398478"
    }, {
      "d" : "1756462134469828521",
      "t" : 1756462134469,
      "tn" : 1756462134469828521,
      "q" : "1",
      "p" : "3.6149",
      "s" : "buy",
      "i" : "RAYUSD-PERP",
      "m" : "4611686018428398477"
    }, {
      "d" : "1756462134356905763",
      "t" : 1756462134356,
      "tn" : 1756462134356905763,
      "q" : "1",
      "p" : "3.6148",
      "s" : "buy",
      "i" : "RAYUSD-PERP",
      "m" : "4611686018428398476"
    }, {
      "d" : "1756462134041961835",
      "t" : 1756462134041,
      "tn" : 1756462134041961835,
      "q" : "1",
      "p" : "3.6136",
      "s" : "buy",
      "i" : "RAYUSD-PERP",
      "m" : "4611686018428398475"
    }, {
      "d" : "1756462131606691180",
      "t" : 1756462131606,
      "tn" : 1756462131606691180,
      "q" : "1",
      "p" : "3.6147",
      "s" : "sell",
      "i" : "RAYUSD-PERP",
      "m" : "4611686018428398474"
    }, {
      "d" : "1756462131496108518",
      "t" : 1756462131496,
      "tn" : 1756462131496108518,
      "q" : "1",
      "p" : "3.6153",
      "s" : "sell",
      "i" : "RAYUSD-PERP",
      "m" : "4611686018428398473"
    }, {
      "d" : "1756462131384624463",
      "t" : 1756462131384,
      "tn" : 1756462131384624463,
      "q" : "1",
      "p" : "3.6166",
      "s" : "sell",
      "i" : "RAYUSD-PERP",
      "m" : "4611686018428398472"
    }, {
      "d" : "1756462131269318072",
      "t" : 1756462131269,
      "tn" : 1756462131269318072,
      "q" : "1",
      "p" : "3.6184",
      "s" : "sell",
      "i" : "RAYUSD-PERP",
      "m" : "4611686018428398471"
    }, {
      "d" : "1756462117754871255",
      "t" : 1756462117754,
      "tn" : 1756462117754871255,
      "q" : "1",
      "p" : "3.6196",
      "s" : "buy",
      "i" : "RAYUSD-PERP",
      "m" : "4611686018428398470"
    }, {
      "d" : "1756462117754869408",
      "t" : 1756462117754,
      "tn" : 1756462117754869408,
      "q" : "1",
      "p" : "3.6195",
      "s" : "buy",
      "i" : "RAYUSD-PERP",
      "m" : "4611686018428398469"
    }, {
      "d" : "1756462115335641389",
      "t" : 1756462115335,
      "tn" : 1756462115335641389,
      "q" : "1",
      "p" : "3.6192",
      "s" : "buy",
      "i" : "RAYUSD-PERP",
      "m" : "4611686018428398468"
    }, {
      "d" : "1756462112899019260",
      "t" : 1756462112899,
      "tn" : 1756462112899019260,
      "q" : "1",
      "p" : "3.6196",
      "s" : "buy",
      "i" : "RAYUSD-PERP",
      "m" : "4611686018428398467"
    }, {
      "d" : "1756462110376405542",
      "t" : 1756462110376,
      "tn" : 1756462110376405542,
      "q" : "1",
      "p" : "3.6180",
      "s" : "buy",
      "i" : "RAYUSD-PERP",
      "m" : "4611686018428398466"
    }, {
      "d" : "1756462100615558814",
      "t" : 1756462100615,
      "tn" : 1756462100615558814,
      "q" : "1",
      "p" : "3.6173",
      "s" : "buy",
      "i" : "RAYUSD-PERP",
      "m" : "4611686018428398465"
    }, {
      "d" : "1756462096003576970",
      "t" : 1756462096003,
      "tn" : 1756462096003576970,
      "q" : "13",
      "p" : "3.6183",
      "s" : "sell",
      "i" : "RAYUSD-PERP",
      "m" : "4611686018428398464"
    }, {
      "d" : "1756462094898612597",
      "t" : 1756462094898,
      "tn" : 1756462094898612597,
      "q" : "13",
      "p" : "3.6190",
      "s" : "sell",
      "i" : "RAYUSD-PERP",
      "m" : "4611686018428398463"
    }, {
      "d" : "1756462093320719048",
      "t" : 1756462093320,
      "tn" : 1756462093320719048,
      "q" : "1",
      "p" : "3.6195",
      "s" : "sell",
      "i" : "RAYUSD-PERP",
      "m" : "4611686018428398462"
    }, {
      "d" : "1756462092498242582",
      "t" : 1756462092498,
      "tn" : 1756462092498242582,
      "q" : "13",
      "p" : "3.6197",
      "s" : "sell",
      "i" : "RAYUSD-PERP",
      "m" : "4611686018428398461"
    }, {
      "d" : "1756462092492028071",
      "t" : 1756462092492,
      "tn" : 1756462092492028071,
      "q" : "1",
      "p" : "3.6199",
      "s" : "sell",
      "i" : "RAYUSD-PERP",
      "m" : "4611686018428398460"
    }, {
      "d" : "1756462089137268127",
      "t" : 1756462089137,
      "tn" : 1756462089137268127,
      "q" : "1",
      "p" : "3.6202",
      "s" : "buy",
      "i" : "RAYUSD-PERP",
      "m" : "4611686018428398459"
    }, {
      "d" : "1756462088583701345",
      "t" : 1756462088583,
      "tn" : 1756462088583701345,
      "q" : "1",
      "p" : "3.6197",
      "s" : "buy",
      "i" : "RAYUSD-PERP",
      "m" : "4611686018428398458"
    }, {
      "d" : "1756462088322930941",
      "t" : 1756462088322,
      "tn" : 1756462088322930941,
      "q" : "1",
      "p" : "3.6195",
      "s" : "buy",
      "i" : "RAYUSD-PERP",
      "m" : "4611686018428398457"
    }, {
      "d" : "1756462088200388768",
      "t" : 1756462088200,
      "tn" : 1756462088200388768,
      "q" : "1",
      "p" : "3.6194",
      "s" : "buy",
      "i" : "RAYUSD-PERP",
      "m" : "4611686018428398456"
    }, {
      "d" : "1756462087982049414",
      "t" : 1756462087982,
      "tn" : 1756462087982049414,
      "q" : "1",
      "p" : "3.6192",
      "s" : "buy",
      "i" : "RAYUSD-PERP",
      "m" : "4611686018428398455"
    }, {
      "d" : "1756462086118830142",
      "t" : 1756462086118,
      "tn" : 1756462086118830142,
      "q" : "1",
      "p" : "3.6190",
      "s" : "sell",
      "i" : "RAYUSD-PERP",
      "m" : "4611686018428398454"
    }, {
      "d" : "1756462084253869513",
      "t" : 1756462084253,
      "tn" : 1756462084253869513,
      "q" : "1",
      "p" : "3.6196",
      "s" : "sell",
      "i" : "RAYUSD-PERP",
      "m" : "4611686018428398453"
    }, {
      "d" : "1756462083739945169",
      "t" : 1756462083739,
      "tn" : 1756462083739945169,
      "q" : "1",
      "p" : "3.6206",
      "s" : "sell",
      "i" : "RAYUSD-PERP",
      "m" : "4611686018428398452"
    }, {
      "d" : "1756462083490741253",
      "t" : 1756462083490,
      "tn" : 1756462083490741253,
      "q" : "1",
      "p" : "3.6205",
      "s" : "buy",
      "i" : "RAYUSD-PERP",
      "m" : "4611686018428398451"
    }, {
      "d" : "1756462082918837560",
      "t" : 1756462082918,
      "tn" : 1756462082918837560,
      "q" : "1",
      "p" : "3.6204",
      "s" : "buy",
      "i" : "RAYUSD-PERP",
      "m" : "4611686018428398450"
    }, {
      "d" : "1756462078422802944",
      "t" : 1756462078422,
      "tn" : 1756462078422802944,
      "q" : "1",
      "p" : "3.6210",
      "s" : "sell",
      "i" : "RAYUSD-PERP",
      "m" : "4611686018428398449"
    }, {
      "d" : "1756462077898162627",
      "t" : 1756462077898,
      "tn" : 1756462077898162627,
      "q" : "1",
      "p" : "3.6209",
      "s" : "sell",
      "i" : "RAYUSD-PERP",
      "m" : "4611686018428398448"
    }, {
      "d" : "1756462075821190330",
      "t" : 1756462075821,
      "tn" : 1756462075821190330,
      "q" : "1",
      "p" : "3.6213",
      "s" : "sell",
      "i" : "RAYUSD-PERP",
      "m" : "4611686018428398447"
    }, {
      "d" : "1756462074307283085",
      "t" : 1756462074307,
      "tn" : 1756462074307283085,
      "q" : "1",
      "p" : "3.6216",
      "s" : "sell",
      "i" : "RAYUSD-PERP",
      "m" : "4611686018428398446"
    }, {
      "d" : "1756462073423188461",
      "t" : 1756462073423,
      "tn" : 1756462073423188461,
      "q" : "1",
      "p" : "3.6220",
      "s" : "sell",
      "i" : "RAYUSD-PERP",
      "m" : "4611686018428398445"
    }, {
      "d" : "1756462073176630729",
      "t" : 1756462073176,
      "tn" : 1756462073176630729,
      "q" : "1",
      "p" : "3.6216",
      "s" : "buy",
      "i" : "RAYUSD-PERP",
      "m" : "4611686018428398444"
    }, {
      "d" : "1756462072801166827",
      "t" : 1756462072801,
      "tn" : 1756462072801166827,
      "q" : "1",
      "p" : "3.6212",
      "s" : "buy",
      "i" : "RAYUSD-PERP",
      "m" : "4611686018428398443"
    }, {
      "d" : "1756462072043917631",
      "t" : 1756462072043,
      "tn" : 1756462072043917631,
      "q" : "1",
      "p" : "3.6201",
      "s" : "buy",
      "i" : "RAYUSD-PERP",
      "m" : "4611686018428398442"
    }, {
      "d" : "1756462070918852637",
      "t" : 1756462070918,
      "tn" : 1756462070918852637,
      "q" : "1",
      "p" : "3.6192",
      "s" : "buy",
      "i" : "RAYUSD-PERP",
      "m" : "4611686018428398441"
    }, {
      "d" : "1756462068889208104",
      "t" : 1756462068889,
      "tn" : 1756462068889208104,
      "q" : "1",
      "p" : "3.6189",
      "s" : "sell",
      "i" : "RAYUSD-PERP",
      "m" : "4611686018428398440"
    }, {
      "d" : "1756462067987023421",
      "t" : 1756462067987,
      "tn" : 1756462067987023421,
      "q" : "1",
      "p" : "3.6192",
      "s" : "sell",
      "i" : "RAYUSD-PERP",
      "m" : "4611686018428398439"
    }, {
      "d" : "1756462067868632928",
      "t" : 1756462067868,
      "tn" : 1756462067868632928,
      "q" : "1",
      "p" : "3.6194",
      "s" : "sell",
      "i" : "RAYUSD-PERP",
      "m" : "4611686018428398438"
    }, {
      "d" : "1756462067756706575",
      "t" : 1756462067756,
      "tn" : 1756462067756706575,
      "q" : "1",
      "p" : "3.6195",
      "s" : "sell",
      "i" : "RAYUSD-PERP",
      "m" : "4611686018428398437"
    }, {
      "d" : "1756462067638553000",
      "t" : 1756462067638,
      "tn" : 1756462067638553000,
      "q" : "1",
      "p" : "3.6211",
      "s" : "sell",
      "i" : "RAYUSD-PERP",
      "m" : "4611686018428398436"
    }, {
      "d" : "1756462067523522489",
      "t" : 1756462067523,
      "tn" : 1756462067523522489,
      "q" : "1",
      "p" : "3.6212",
      "s" : "sell",
      "i" : "RAYUSD-PERP",
      "m" : "4611686018428398435"
    }, {
      "d" : "1756462066215680489",
      "t" : 1756462066215,
      "tn" : 1756462066215680489,
      "q" : "1",
      "p" : "3.6218",
      "s" : "sell",
      "i" : "RAYUSD-PERP",
      "m" : "4611686018428398434"
    }, {
      "d" : "1756462063260599685",
      "t" : 1756462063260,
      "tn" : 1756462063260599685,
      "q" : "1",
      "p" : "3.6221",
      "s" : "sell",
      "i" : "RAYUSD-PERP",
      "m" : "4611686018428398433"
    }, {
      "d" : "1756462063030291737",
      "t" : 1756462063030,
      "tn" : 1756462063030291737,
      "q" : "1",
      "p" : "3.6224",
      "s" : "buy",
      "i" : "RAYUSD-PERP",
      "m" : "4611686018428398432"
    }, {
      "d" : "1756462063030289628",
      "t" : 1756462063030,
      "tn" : 1756462063030289628,
      "q" : "1",
      "p" : "3.6219",
      "s" : "buy",
      "i" : "RAYUSD-PERP",
      "m" : "4611686018428398431"
    }, {
      "d" : "1756462062041013223",
      "t" : 1756462062041,
      "tn" : 1756462062041013223,
      "q" : "1",
      "p" : "3.6227",
      "s" : "sell",
      "i" : "RAYUSD-PERP",
      "m" : "4611686018428398430"
    }, {
      "d" : "1756462060798312360",
      "t" : 1756462060798,
      "tn" : 1756462060798312360,
      "q" : "1",
      "p" : "3.6225",
      "s" : "buy",
      "i" : "RAYUSD-PERP",
      "m" : "4611686018428398429"
    }, {
      "d" : "1756462060798309763",
      "t" : 1756462060798,
      "tn" : 1756462060798309763,
      "q" : "1",
      "p" : "3.6224",
      "s" : "buy",
      "i" : "RAYUSD-PERP",
      "m" : "4611686018428398428"
    }, {
      "d" : "1756462058409971076",
      "t" : 1756462058409,
      "tn" : 1756462058409971076,
      "q" : "1",
      "p" : "3.6215",
      "s" : "sell",
      "i" : "RAYUSD-PERP",
      "m" : "4611686018428398427"
    }, {
      "d" : "1756462058071830913",
      "t" : 1756462058071,
      "tn" : 1756462058071830913,
      "q" : "1",
      "p" : "3.6212",
      "s" : "buy",
      "i" : "RAYUSD-PERP",
      "m" : "4611686018428398426"
    }, {
      "d" : "1756462058066285417",
      "t" : 1756462058066,
      "tn" : 1756462058066285417,
      "q" : "1",
      "p" : "3.6206",
      "s" : "buy",
      "i" : "RAYUSD-PERP",
      "m" : "4611686018428398425"
    }, {
      "d" : "1756462056326859733",
      "t" : 1756462056326,
      "tn" : 1756462056326859733,
      "q" : "1",
      "p" : "3.6197",
      "s" : "buy",
      "i" : "RAYUSD-PERP",
      "m" : "4611686018428398424"
    }, {
      "d" : "1756462055923806988",
      "t" : 1756462055923,
      "tn" : 1756462055923806988,
      "q" : "1",
      "p" : "3.6196",
      "s" : "buy",
      "i" : "RAYUSD-PERP",
      "m" : "4611686018428398423"
    }, {
      "d" : "1756462055923804787",
      "t" : 1756462055923,
      "tn" : 1756462055923804787,
      "q" : "1",
      "p" : "3.6195",
      "s" : "buy",
      "i" : "RAYUSD-PERP",
      "m" : "4611686018428398422"
    }, {
      "d" : "1756462050656944176",
      "t" : 1756462050656,
      "tn" : 1756462050656944176,
      "q" : "1",
      "p" : "3.6194",
      "s" : "sell",
      "i" : "RAYUSD-PERP",
      "m" : "4611686018428398421"
    }, {
      "d" : "1756462050542155228",
      "t" : 1756462050542,
      "tn" : 1756462050542155228,
      "q" : "1",
      "p" : "3.6195",
      "s" : "sell",
      "i" : "RAYUSD-PERP",
      "m" : "4611686018428398420"
    }, {
      "d" : "1756462049042794766",
      "t" : 1756462049042,
      "tn" : 1756462049042794766,
      "q" : "1",
      "p" : "3.6197",
      "s" : "sell",
      "i" : "RAYUSD-PERP",
      "m" : "4611686018428398419"
    }, {
      "d" : "1756462048891215730",
      "t" : 1756462048891,
      "tn" : 1756462048891215730,
      "q" : "1",
      "p" : "3.6199",
      "s" : "sell",
      "i" : "RAYUSD-PERP",
      "m" : "4611686018428398418"
    } ]
  }
}