{
  "id" : -1,
  "method" : "public/get-trades",
  "code" : 0,
  "result" : {
    "data" : [ {
      "d" : "1756461588398436894",
      "t" : 1756461588398,
      "tn" : 1756461588398436894,
      "q" : "230",
      "p" : "0.07900",
      "s" : "sell",
      "i" : "REACT_USD",
      "m" : "4611686018427461303"
    }, {
      "d" : "1756461588390074631",
      "t" : 1756461588390,
      "tn" : 1756461588390074631,
      "q" : "230",
      "p" : "0.07900",
      "s" : "sell",
      "i" : "REACT_USD",
      "m" : "4611686018427461302"
    }, {
      "d" : "1756461588364994430",
      "t" : 1756461588364,
      "tn" : 1756461588364994430,
      "q" : "410",
      "p" : "0.07900",
      "s" : "sell",
      "i" : "REACT_USD",
      "m" : "4611686018427461301"
    }, {
      "d" : "1756461587216649924",
      "t" : 1756461587216,
      "tn" : 1756461587216649924,
      "q" : "218",
      "p" : "0.07900",
      "s" : "sell",
      "i" : "REACT_USD",
      "m" : "4611686018427461300"
    }, {
      "d" : "1756461587214643779",
      "t" : 1756461587214,
      "tn" : 1756461587214643779,
      "q" : "392",
      "p" : "0.07900",
      "s" : "sell",
      "i" : "REACT_USD",
      "m" : "4611686018427461299"
    }, {
      "d" : "1756461587204945010",
      "t" : 1756461587204,
      "tn" : 1756461587204945010,
      "q" : "390",
      "p" : "0.07900",
      "s" : "sell",
      "i" : "REACT_USD",
      "m" : "4611686018427461298"
    }, {
      "d" : "1756461385166502932",
      "t" : 1756461385166,
      "tn" : 1756461385166502932,
      "q" : "114",
      "p" : "0.07900",
      "s" : "sell",
      "i" : "REACT_USD",
      "m" : "4611686018427461297"
    }, {
      "d" : "1756461385166455841",
      "t" : 1756461385166,
      "tn" : 1756461385166455841,
      "q" : "195",
      "p" : "0.07900",
      "s" : "sell",
      "i" : "REACT_USD",
      "m" : "4611686018427461296"
    }, {
      "d" : "1756461385163058748",
      "t" : 1756461385163,
      "tn" : 1756461385163058748,
      "q" : "190",
      "p" : "0.07900",
      "s" : "sell",
      "i" : "REACT_USD",
      "m" : "4611686018427461295"
    }, {
      "d" : "1756461249146483034",
      "t" : 1756461249146,
      "tn" : 1756461249146483034,
      "q" : "501",
      "p" : "0.07900",
      "s" : "buy",
      "i" : "REACT_USD",
      "m" : "4611686018427461294"
    }, {
      "d" : "1756461248736879040",
      "t" : 1756461248736,
      "tn" : 1756461248736879040,
      "q" : "619",
      "p" : "0.07900",
      "s" : "sell",
      "i" : "REACT_USD",
      "m" : "4611686018427461293"
    }, {
      "d" : "1756461243719693697",
      "t" : 1756461243719,
      "tn" : 1756461243719693697,
      "q" : "381",
      "p" : "0.07900",
      "s" : "sell",
      "i" : "REACT_USD",
      "m" : "4611686018427461292"
    }, {
      "d" : "1756461242938823596",
      "t" : 1756461242938,
      "tn" : 1756461242938823596,
      "q" : "304",
      "p" : "0.07900",
      "s" : "sell",
      "i" : "REACT_USD",
      "m" : "4611686018427461291"
    }, {
      "d" : "1756461242930562310",
      "t" : 1756461242930,
      "tn" : 1756461242930562310,
      "q" : "190",
      "p" : "0.07900",
      "s" : "sell",
      "i" : "REACT_USD",
      "m" : "4611686018427461290"
    }, {
      "d" : "1756461242904991434",
      "t" : 1756461242904,
      "tn" : 1756461242904991434,
      "q" : "506",
      "p" : "0.07900",
      "s" : "sell",
      "i" : "REACT_USD",
      "m" : "4611686018427461289"
    }, {
      "d" : "1756461241472552372",
      "t" : 1756461241472,
      "tn" : 1756461241472552372,
      "q" : "154",
      "p" : "0.07900",
      "s" : "sell",
      "i" : "REACT_USD",
      "m" : "4611686018427461288"
    }, {
      "d" : "1756461241460162338",
      "t" : 1756461241460,
      "tn" : 1756461241460162338,
      "q" : "340",
      "p" : "0.07900",
      "s" : "sell",
      "i" : "REACT_USD",
      "m" : "4611686018427461287"
    }, {
      "d" : "1756461241447076108",
      "t" : 1756461241447,
      "tn" : 1756461241447076108,
      "q" : "506",
      "p" : "0.07900",
      "s" : "sell",
      "i" : "REACT_USD",
      "m" : "4611686018427461286"
    }, {
      "d" : "1756461240649465173",
      "t" : 1756461240649,
      "tn" : 1756461240649465173,
      "q" : "50",
      "p" : "0.07900",
      "s" : "sell",
      "i" : "REACT_USD",
      "m" : "4611686018427461285"
    }, {
      "d" : "1756461240641878414",
      "t" : 1756461240641,
      "tn" : 1756461240641878414,
      "q" : "450",
      "p" : "0.07900",
      "s" : "sell",
      "i" : "REACT_USD",
      "m" : "4611686018427461284"
    }, {
      "d" : "1756461240627484342",
      "t" : 1756461240627,
      "tn" : 1756461240627484342,
      "q" : "500",
      "p" : "0.07900",
      "s" : "sell",
      "i" : "REACT_USD",
      "m" : "4611686018427461283"
    }, {
      "d" : "1756461239814564210",
      "t" : 1756461239814,
      "tn" : 1756461239814564210,
      "q" : "54",
      "p" : "0.07900",
      "s" : "sell",
      "i" : "REACT_USD",
      "m" : "4611686018427461282"
    }, {
      "d" : "1756461239802336191",
      "t" : 1756461239802,
      "tn" : 1756461239802336191,
      "q" : "220",
      "p" : "0.07900",
      "s" : "sell",
      "i" : "REACT_USD",
      "m" : "4611686018427461281"
    }, {
      "d" : "1756461239801942931",
      "t" : 1756461239801,
      "tn" : 1756461239801942931,
      "q" : "220",
      "p" : "0.07900",
      "s" : "sell",
      "i" : "REACT_USD",
      "m" : "4611686018427461280"
    }, {
      "d" : "1756461239782806251",
      "t" : 1756461239782,
      "tn" : 1756461239782806251,
      "q" : "506",
      "p" : "0.07900",
      "s" : "sell",
      "i" : "REACT_USD",
      "m" : "4611686018427461279"
    }, {
      "d" : "1756461238621923545",
      "t" : 1756461238621,
      "tn" : 1756461238621923545,
      "q" : "100",
      "p" : "0.07899",
      "s" : "sell",
      "i" : "REACT_USD",
      "m" : "4611686018427461278"
    }, {
      "d" : "1756461238616254217",
      "t" : 1756461238616,
      "tn" : 1756461238616254217,
      "q" : "506",
      "p" : "0.07899",
      "s" : "sell",
      "i" : "REACT_USD",
      "m" : "4611686018427461277"
    }, {
      "d" : "1756461238606940847",
      "t" : 1756461238606,
      "tn" : 1756461238606940847,
      "q" : "394",
      "p" : "0.07899",
      "s" : "buy",
      "i" : "REACT_USD",
      "m" : "4611686018427461276"
    }, {
      "d" : "1756461237589222500",
      "t" : 1756461237589,
      "tn" : 1756461237589222500,
      "q" : "44",
      "p" : "0.07900",
      "s" : "sell",
      "i" : "REACT_USD",
      "m" : "4611686018427461275"
    }, {
      "d" : "1756461237584490691",
      "t" : 1756461237584,
      "tn" : 1756461237584490691,
      "q" : "450",
      "p" : "0.07900",
      "s" : "sell",
      "i" : "REACT_USD",
      "m" : "4611686018427461274"
    }, {
      "d" : "1756461237576267189",
      "t" : 1756461237576,
      "tn" : 1756461237576267189,
      "q" : "506",
      "p" : "0.07900",
      "s" : "sell",
      "i" : "REACT_USD",
      "m" : "4611686018427461273"
    }, {
      "d" : "1756460814147115388",
      "t" : 1756460814147,
      "tn" : 1756460814147115388,
      "q" : "500",
      "p" : "0.07852",
      "s" : "buy",
      "i" : "REACT_USD",
      "m" : "4611686018427461272"
    }, {
      "d" : "1756460814130131669",
      "t" : 1756460814130,
      "tn" : 1756460814130131669,
      "q" : "800",
      "p" : "0.07852",
      "s" : "buy",
      "i" : "REACT_USD",
      "m" : "4611686018427461271"
    }, {
      "d" : "1756460814006170764",
      "t" : 1756460814006,
      "tn" : 1756460814006170764,
      "q" : "12",
      "p" : "0.07849",
      "s" : "buy",
      "i" : "REACT_USD",
      "m" : "4611686018427461270"
    }, {
      "d" : "1756460814006169274",
      "t" : 1756460814006,
      "tn" : 1756460814006169274,
      "q" : "178",
      "p" : "0.07848",
      "s" : "buy",
      "i" : "REACT_USD",
      "m" : "4611686018427461269"
    }, {
      "d" : "1756460813980979258",
      "t" : 1756460813980,
      "tn" : 1756460813980979258,
      "q" : "235",
      "p" : "0.07848",
      "s" : "buy",
      "i" : "REACT_USD",
      "m" : "4611686018427461268"
    }, {
      "d" : "1756460813941495859",
      "t" : 1756460813941,
      "tn" : 1756460813941495859,
      "q" : "349",
      "p" : "0.07849",
      "s" : "buy",
      "i" : "REACT_USD",
      "m" : "4611686018427461267"
    }, {
      "d" : "1756460813911243766",
      "t" : 1756460813911,
      "tn" : 1756460813911243766,
      "q" : "531",
      "p" : "0.07849",
      "s" : "buy",
      "i" : "REACT_USD",
      "m" : "4611686018427461266"
    }, {
      "d" : "1756460813888813738",
      "t" : 1756460813888,
      "tn" : 1756460813888813738,
      "q" : "807",
      "p" : "0.07849",
      "s" : "buy",
      "i" : "REACT_USD",
      "m" : "4611686018427461265"
    }, {
      "d" : "1756460813848546353",
      "t" : 1756460813848,
      "tn" : 1756460813848546353,
      "q" : "1800",
      "p" : "0.07850",
      "s" : "buy",
      "i" : "REACT_USD",
      "m" : "4611686018427461264"
    }, {
      "d" : "1756460813828093678",
      "t" : 1756460813828,
      "tn" : 1756460813828093678,
      "q" : "470",
      "p" : "0.07852",
      "s" : "buy",
      "i" : "REACT_USD",
      "m" : "4611686018427461263"
    }, {
      "d" : "1756460813828092136",
      "t" : 1756460813828,
      "tn" : 1756460813828092136,
      "q" : "230",
      "p" : "0.07851",
      "s" : "buy",
      "i" : "REACT_USD",
      "m" : "4611686018427461262"
    }, {
      "d" : "1756460813828087659",
      "t" : 1756460813828,
      "tn" : 1756460813828087659,
      "q" : "1100",
      "p" : "0.07851",
      "s" : "buy",
      "i" : "REACT_USD",
      "m" : "4611686018427461261"
    }, {
      "d" : "1756460813813594644",
      "t" : 1756460813813,
      "tn" : 1756460813813594644,
      "q" : "739",
      "p" : "0.07851",
      "s" : "buy",
      "i" : "REACT_USD",
      "m" : "4611686018427461260"
    }, {
      "d" : "1756460813790411133",
      "t" : 1756460813790,
      "tn" : 1756460813790411133,
      "q" : "1110",
      "p" : "0.07850",
      "s" : "buy",
      "i" : "REACT_USD",
      "m" : "4611686018427461259"
    }, {
      "d" : "1756460277923351042",
      "t" : 1756460277923,
      "tn" : 1756460277923351042,
      "q" : "277",
      "p" : "0.07800",
      "s" : "sell",
      "i" : "REACT_USD",
      "m" : "4611686018427461258"
    }, {
      "d" : "1756460277916181757",
      "t" : 1756460277916,
      "tn" : 1756460277916181757,
      "q" : "210",
      "p" : "0.07800",
      "s" : "sell",
      "i" : "REACT_USD",
      "m" : "4611686018427461257"
    }, {
      "d" : "1756460277902161723",
      "t" : 1756460277902,
      "tn" : 1756460277902161723,
      "q" : "513",
      "p" : "0.07800",
      "s" : "sell",
      "i" : "REACT_USD",
      "m" : "4611686018427461256"
    }, {
      "d" : "1756459279835805465",
      "t" : 1756459279835,
      "tn" : 1756459279835805465,
      "q" : "1163",
      "p" : "0.07737",
      "s" : "buy",
      "i" : "REACT_USD",
      "m" : "4611686018427461255"
    }, {
      "d" : "1756458290080763392",
      "t" : 1756458290080,
      "tn" : 1756458290080763392,
      "q" : "2039",
      "p" : "0.07546",
      "s" : "sell",
      "i" : "REACT_USD",
      "m" : "4611686018427461254"
    }, {
      "d" : "1756458290080760289",
      "t" : 1756458290080,
      "tn" : 1756458290080760289,
      "q" : "2301",
      "p" : "0.07576",
      "s" : "sell",
      "i" : "REACT_USD",
      "m" : "4611686018427461253"
    }, {
      "d" : "1756458290080758141",
      "t" : 1756458290080,
      "tn" : 1756458290080758139,
      "q" : "1087",
      "p" : "0.07578",
      "s" : "sell",
      "i" : "REACT_USD",
      "m" : "4611686018427461252"
    }, {
      "d" : "1756458290080758140",
      "t" : 1756458290080,
      "tn" : 1756458290080758139,
      "q" : "1009",
      "p" : "0.07578",
      "s" : "sell",
      "i" : "REACT_USD",
      "m" : "4611686018427461252"
    }, {
      "d" : "1756458290080758139",
      "t" : 1756458290080,
      "tn" : 1756458290080758139,
      "q" : "1289",
      "p" : "0.07578",
      "s" : "sell",
      "i" : "REACT_USD",
      "m" : "4611686018427461252"
    }, {
      "d" : "1756458290080753461",
      "t" : 1756458290080,
      "tn" : 1756458290080753459,
      "q" : "1308",
      "p" : "0.07614",
      "s" : "sell",
      "i" : "REACT_USD",
      "m" : "4611686018427461251"
    }, {
      "d" : "1756458290080753460",
      "t" : 1756458290080,
      "tn" : 1756458290080753459,
      "q" : "1188",
      "p" : "0.07614",
      "s" : "sell",
      "i" : "REACT_USD",
      "m" : "4611686018427461251"
    }, {
      "d" : "1756458290080753459",
      "t" : 1756458290080,
      "tn" : 1756458290080753459,
      "q" : "1409",
      "p" : "0.07614",
      "s" : "sell",
      "i" : "REACT_USD",
      "m" : "4611686018427461251"
    }, {
      "d" : "1756458290080748535",
      "t" : 1756458290080,
      "tn" : 1756458290080748535,
      "q" : "16225",
      "p" : "0.07640",
      "s" : "sell",
      "i" : "REACT_USD",
      "m" : "4611686018427461250"
    }, {
      "d" : "1756458290080745612",
      "t" : 1756458290080,
      "tn" : 1756458290080745612,
      "q" : "1590",
      "p" : "0.07644",
      "s" : "sell",
      "i" : "REACT_USD",
      "m" : "4611686018427461249"
    }, {
      "d" : "1756458290080742315",
      "t" : 1756458290080,
      "tn" : 1756458290080742315,
      "q" : "555",
      "p" : "0.07645",
      "s" : "sell",
      "i" : "REACT_USD",
      "m" : "4611686018427461248"
    }, {
      "d" : "1756458265258370654",
      "t" : 1756458265258,
      "tn" : 1756458265258370654,
      "q" : "100",
      "p" : "0.07639",
      "s" : "sell",
      "i" : "REACT_USD",
      "m" : "4611686018427461247"
    }, {
      "d" : "1756458161018975624",
      "t" : 1756458161018,
      "tn" : 1756458161018975624,
      "q" : "388",
      "p" : "0.07850",
      "s" : "buy",
      "i" : "REACT_USD",
      "m" : "4611686018427461246"
    }, {
      "d" : "1756458073287919769",
      "t" : 1756458073287,
      "tn" : 1756458073287919769,
      "q" : "902",
      "p" : "0.07761",
      "s" : "buy",
      "i" : "REACT_USD",
      "m" : "4611686018427461245"
    }, {
      "d" : "1756458073258113219",
      "t" : 1756458073258,
      "tn" : 1756458073258113219,
      "q" : "1003",
      "p" : "0.07764",
      "s" : "buy",
      "i" : "REACT_USD",
      "m" : "4611686018427461244"
    }, {
      "d" : "1756458073209740610",
      "t" : 1756458073209,
      "tn" : 1756458073209740610,
      "q" : "301",
      "p" : "0.07763",
      "s" : "buy",
      "i" : "REACT_USD",
      "m" : "4611686018427461243"
    }, {
      "d" : "1756457684034294727",
      "t" : 1756457684034,
      "tn" : 1756457684034294727,
      "q" : "41",
      "p" : "0.07615",
      "s" : "sell",
      "i" : "REACT_USD",
      "m" : "4611686018427461242"
    }, {
      "d" : "1756456850122158845",
      "t" : 1756456850122,
      "tn" : 1756456850122158845,
      "q" : "200",
      "p" : "0.07650",
      "s" : "buy",
      "i" : "REACT_USD",
      "m" : "4611686018427461241"
    }, {
      "d" : "1756456850026542150",
      "t" : 1756456850026,
      "tn" : 1756456850026542150,
      "q" : "200",
      "p" : "0.07650",
      "s" : "buy",
      "i" : "REACT_USD",
      "m" : "4611686018427461240"
    }, {
      "d" : "1756456849938503837",
      "t" : 1756456849938,
      "tn" : 1756456849938503837,
      "q" : "228",
      "p" : "0.07650",
      "s" : "buy",
      "i" : "REACT_USD",
      "m" : "4611686018427461239"
    }, {
      "d" : "1756456849932875212",
      "t" : 1756456849932,
      "tn" : 1756456849932875212,
      "q" : "304",
      "p" : "0.07650",
      "s" : "buy",
      "i" : "REACT_USD",
      "m" : "4611686018427461238"
    }, {
      "d" : "1756456849927503717",
      "t" : 1756456849927,
      "tn" : 1756456849927503717,
      "q" : "220",
      "p" : "0.07650",
      "s" : "buy",
      "i" : "REACT_USD",
      "m" : "4611686018427461237"
    }, {
      "d" : "1756456849923807814",
      "t" : 1756456849923,
      "tn" : 1756456849923807814,
      "q" : "2100",
      "p" : "0.07650",
      "s" : "buy",
      "i" : "REACT_USD",
      "m" : "4611686018427461236"
    }, {
      "d" : "1756456849923043382",
      "t" : 1756456849923,
      "tn" : 1756456849923043382,
      "q" : "240",
      "p" : "0.07650",
      "s" : "buy",
      "i" : "REACT_USD",
      "m" : "4611686018427461235"
    }, {
      "d" : "1756456849917945261",
      "t" : 1756456849917,
      "tn" : 1756456849917945261,
      "q" : "320",
      "p" : "0.07650",
      "s" : "buy",
      "i" : "REACT_USD",
      "m" : "4611686018427461234"
    }, {
      "d" : "1756456849916716745",
      "t" : 1756456849916,
      "tn" : 1756456849916716745,
      "q" : "467",
      "p" : "0.07650",
      "s" : "buy",
      "i" : "REACT_USD",
      "m" : "4611686018427461233"
    }, {
      "d" : "1756456849912896284",
      "t" : 1756456849912,
      "tn" : 1756456849912896284,
      "q" : "1176",
      "p" : "0.07650",
      "s" : "buy",
      "i" : "REACT_USD",
      "m" : "4611686018427461232"
    }, {
      "d" : "1756456849899668822",
      "t" : 1756456849899,
      "tn" : 1756456849899668822,
      "q" : "55",
      "p" : "0.07699",
      "s" : "sell",
      "i" : "REACT_USD",
      "m" : "4611686018427461231"
    }, {
      "d" : "1756456849899668237",
      "t" : 1756456849899,
      "tn" : 1756456849899668237,
      "q" : "3526",
      "p" : "0.07700",
      "s" : "sell",
      "i" : "REACT_USD",
      "m" : "4611686018427461230"
    }, {
      "d" : "1756456849899661157",
      "t" : 1756456849899,
      "tn" : 1756456849899661157,
      "q" : "161",
      "p" : "0.07727",
      "s" : "sell",
      "i" : "REACT_USD",
      "m" : "4611686018427461229"
    }, {
      "d" : "1756456849899658204",
      "t" : 1756456849899,
      "tn" : 1756456849899658204,
      "q" : "8287",
      "p" : "0.07728",
      "s" : "sell",
      "i" : "REACT_USD",
      "m" : "4611686018427461228"
    }, {
      "d" : "1756456849899656104",
      "t" : 1756456849899,
      "tn" : 1756456849899656104,
      "q" : "58",
      "p" : "0.07732",
      "s" : "sell",
      "i" : "REACT_USD",
      "m" : "4611686018427461227"
    }, {
      "d" : "1756456849899653651",
      "t" : 1756456849899,
      "tn" : 1756456849899653651,
      "q" : "707",
      "p" : "0.07743",
      "s" : "sell",
      "i" : "REACT_USD",
      "m" : "4611686018427461226"
    }, {
      "d" : "1756456849899651075",
      "t" : 1756456849899,
      "tn" : 1756456849899651075,
      "q" : "13044",
      "p" : "0.07744",
      "s" : "sell",
      "i" : "REACT_USD",
      "m" : "4611686018427461225"
    }, {
      "d" : "1756456849899648439",
      "t" : 1756456849899,
      "tn" : 1756456849899648439,
      "q" : "4486",
      "p" : "0.07747",
      "s" : "sell",
      "i" : "REACT_USD",
      "m" : "4611686018427461224"
    }, {
      "d" : "1756456849899645433",
      "t" : 1756456849899,
      "tn" : 1756456849899645433,
      "q" : "522",
      "p" : "0.07748",
      "s" : "sell",
      "i" : "REACT_USD",
      "m" : "4611686018427461223"
    }, {
      "d" : "1756456839800667924",
      "t" : 1756456839800,
      "tn" : 1756456839800667924,
      "q" : "1136",
      "p" : "0.07750",
      "s" : "buy",
      "i" : "REACT_USD",
      "m" : "4611686018427461222"
    }, {
      "d" : "1756456839791686315",
      "t" : 1756456839791,
      "tn" : 1756456839791686315,
      "q" : "450",
      "p" : "0.07750",
      "s" : "buy",
      "i" : "REACT_USD",
      "m" : "4611686018427461221"
    }, {
      "d" : "1756456839776273865",
      "t" : 1756456839776,
      "tn" : 1756456839776273865,
      "q" : "450",
      "p" : "0.07750",
      "s" : "buy",
      "i" : "REACT_USD",
      "m" : "4611686018427461220"
    }, {
      "d" : "1756456839770686583",
      "t" : 1756456839770,
      "tn" : 1756456839770686583,
      "q" : "1136",
      "p" : "0.07750",
      "s" : "buy",
      "i" : "REACT_USD",
      "m" : "4611686018427461219"
    }, {
      "d" : "1756456839767507948",
      "t" : 1756456839767,
      "tn" : 1756456839767507948,
      "q" : "450",
      "p" : "0.07750",
      "s" : "buy",
      "i" : "REACT_USD",
      "m" : "4611686018427461218"
    }, {
      "d" : "1756456839767187669",
      "t" : 1756456839767,
      "tn" : 1756456839767187669,
      "q" : "320",
      "p" : "0.07750",
      "s" : "buy",
      "i" : "REACT_USD",
      "m" : "4611686018427461217"
    }, {
      "d" : "1756456839764352449",
      "t" : 1756456839764,
      "tn" : 1756456839764352449,
      "q" : "390",
      "p" : "0.07750",
      "s" : "buy",
      "i" : "REACT_USD",
      "m" : "4611686018427461216"
    }, {
      "d" : "1756456839764349818",
      "t" : 1756456839764,
      "tn" : 1756456839764349818,
      "q" : "390",
      "p" : "0.07750",
      "s" : "buy",
      "i" : "REACT_USD",
      "m" : "4611686018427461215"
    }, {
      "d" : "1756456835180026595",
      "t" : 1756456835180,
      "tn" : 1756456835180026595,
      "q" : "309",
      "p" : "0.07750",
      "s" : "buy",
      "i" : "REACT_USD",
      "m" : "4611686018427461214"
    }, {
      "d" : "1756456835142310581",
      "t" : 1756456835142,
      "tn" : 1756456835142310581,
      "q" : "311",
      "p" : "0.07750",
      "s" : "buy",
      "i" : "REACT_USD",
      "m" : "4611686018427461213"
    }, {
      "d" : "1756456835142309105",
      "t" : 1756456835142,
      "tn" : 1756456835142309105,
      "q" : "820",
      "p" : "0.07749",
      "s" : "buy",
      "i" : "REACT_USD",
      "m" : "4611686018427461212"
    }, {
      "d" : "1756456835089431395",
      "t" : 1756456835089,
      "tn" : 1756456835089431395,
      "q" : "1161",
      "p" : "0.07750",
      "s" : "buy",
      "i" : "REACT_USD",
      "m" : "4611686018427461211"
    }, {
      "d" : "1756456835032531725",
      "t" : 1756456835032,
      "tn" : 1756456835032531725,
      "q" : "1161",
      "p" : "0.07749",
      "s" : "buy",
      "i" : "REACT_USD",
      "m" : "4611686018427461210"
    }, {
      "d" : "1756456834968666232",
      "t" : 1756456834968,
      "tn" : 1756456834968666232,
      "q" : "957",
      "p" : "0.07749",
      "s" : "buy",
      "i" : "REACT_USD",
      "m" : "4611686018427461209"
    }, {
      "d" : "1756456834945166752",
      "t" : 1756456834945,
      "tn" : 1756456834945166752,
      "q" : "957",
      "p" : "0.07750",
      "s" : "buy",
      "i" : "REACT_USD",
      "m" : "4611686018427461208"
    }, {
      "d" : "1756456834926331900",
      "t" : 1756456834926,
      "tn" : 1756456834926331900,
      "q" : "258",
      "p" : "0.07749",
      "s" : "buy",
      "i" : "REACT_USD",
      "m" : "4611686018427461207"
    }, {
      "d" : "1756456834263717789",
      "t" : 1756456834263,
      "tn" : 1756456834263717789,
      "q" : "400",
      "p" : "0.07749",
      "s" : "buy",
      "i" : "REACT_USD",
      "m" : "4611686018427461206"
    }, {
      "d" : "1756456834263663119",
      "t" : 1756456834263,
      "tn" : 1756456834263663119,
      "q" : "470",
      "p" : "0.07749",
      "s" : "buy",
      "i" : "REACT_USD",
      "m" : "4611686018427461205"
    }, {
      "d" : "1756456834263654249",
      "t" : 1756456834263,
      "tn" : 1756456834263654249,
      "q" : "420",
      "p" : "0.07749",
      "s" : "buy",
      "i" : "REACT_USD",
      "m" : "4611686018427461204"
    }, {
      "d" : "1756456834219340742",
      "t" : 1756456834219,
      "tn" : 1756456834219340742,
      "q" : "500",
      "p" : "0.07750",
      "s" : "buy",
      "i" : "REACT_USD",
      "m" : "4611686018427461203"
    }, {
      "d" : "1756456834216402490",
      "t" : 1756456834216,
      "tn" : 1756456834216402490,
      "q" : "226",
      "p" : "0.07750",
      "s" : "buy",
      "i" : "REACT_USD",
      "m" : "4611686018427461202"
    }, {
      "d" : "1756456834213132600",
      "t" : 1756456834213,
      "tn" : 1756456834213132600,
      "q" : "1161",
      "p" : "0.07750",
      "s" : "buy",
      "i" : "REACT_USD",
      "m" : "4611686018427461201"
    }, {
      "d" : "1756456811433244284",
      "t" : 1756456811433,
      "tn" : 1756456811433244284,
      "q" : "905",
      "p" : "0.07805",
      "s" : "sell",
      "i" : "REACT_USD",
      "m" : "4611686018427461200"
    }, {
      "d" : "1756456811433241964",
      "t" : 1756456811433,
      "tn" : 1756456811433241964,
      "q" : "6252",
      "p" : "0.07808",
      "s" : "sell",
      "i" : "REACT_USD",
      "m" : "4611686018427461199"
    }, {
      "d" : "1756456811433239166",
      "t" : 1756456811433,
      "tn" : 1756456811433239166,
      "q" : "3888",
      "p" : "0.07810",
      "s" : "sell",
      "i" : "REACT_USD",
      "m" : "4611686018427461198"
    }, {
      "d" : "1756456811433235895",
      "t" : 1756456811433,
      "tn" : 1756456811433235895,
      "q" : "960",
      "p" : "0.07811",
      "s" : "sell",
      "i" : "REACT_USD",
      "m" : "4611686018427461197"
    }, {
      "d" : "1756456794288424918",
      "t" : 1756456794288,
      "tn" : 1756456794288424918,
      "q" : "274",
      "p" : "0.07811",
      "s" : "sell",
      "i" : "REACT_USD",
      "m" : "4611686018427461196"
    }, {
      "d" : "1756456794288422077",
      "t" : 1756456794288,
      "tn" : 1756456794288422077,
      "q" : "1120",
      "p" : "0.07822",
      "s" : "sell",
      "i" : "REACT_USD",
      "m" : "4611686018427461195"
    }, {
      "d" : "1756456794288419435",
      "t" : 1756456794288,
      "tn" : 1756456794288419434,
      "q" : "631",
      "p" : "0.07899",
      "s" : "sell",
      "i" : "REACT_USD",
      "m" : "4611686018427461194"
    }, {
      "d" : "1756456794288419434",
      "t" : 1756456794288,
      "tn" : 1756456794288419434,
      "q" : "291",
      "p" : "0.07899",
      "s" : "sell",
      "i" : "REACT_USD",
      "m" : "4611686018427461194"
    }, {
      "d" : "1756456794288415571",
      "t" : 1756456794288,
      "tn" : 1756456794288415571,
      "q" : "54",
      "p" : "0.07943",
      "s" : "sell",
      "i" : "REACT_USD",
      "m" : "4611686018427461193"
    }, {
      "d" : "1756456794288412720",
      "t" : 1756456794288,
      "tn" : 1756456794288412720,
      "q" : "56",
      "p" : "0.08007",
      "s" : "sell",
      "i" : "REACT_USD",
      "m" : "4611686018427461192"
    }, {
      "d" : "1756456794288409189",
      "t" : 1756456794288,
      "tn" : 1756456794288409189,
      "q" : "72",
      "p" : "0.08015",
      "s" : "sell",
      "i" : "REACT_USD",
      "m" : "4611686018427461191"
    }, {
      "d" : "1756456607421032745",
      "t" : 1756456607421,
      "tn" : 1756456607421032745,
      "q" : "83",
      "p" : "0.08015",
      "s" : "sell",
      "i" : "REACT_USD",
      "m" : "4611686018427461190"
    }, {
      "d" : "1756455904052738883",
      "t" : 1756455904052,
      "tn" : 1756455904052738883,
      "q" : "548",
      "p" : "0.08027",
      "s" : "sell",
      "i" : "REACT_USD",
      "m" : "4611686018427461189"
    }, {
      "d" : "1756455903906225214",
      "t" : 1756455903906,
      "tn" : 1756455903906225214,
      "q" : "488",
      "p" : "0.08027",
      "s" : "sell",
      "i" : "REACT_USD",
      "m" : "4611686018427461188"
    }, {
      "d" : "1756455903906223078",
      "t" : 1756455903906,
      "tn" : 1756455903906223078,
      "q" : "2004",
      "p" : "0.08028",
      "s" : "sell",
      "i" : "REACT_USD",
      "m" : "4611686018427461187"
    }, {
      "d" : "1756455887391574706",
      "t" : 1756455887391,
      "tn" : 1756455887391574706,
      "q" : "500",
      "p" : "0.08022",
      "s" : "sell",
      "i" : "REACT_USD",
      "m" : "4611686018427461186"
    }, {
      "d" : "1756455887391572639",
      "t" : 1756455887391,
      "tn" : 1756455887391572639,
      "q" : "4486",
      "p" : "0.08023",
      "s" : "sell",
      "i" : "REACT_USD",
      "m" : "4611686018427461185"
    }, {
      "d" : "1756455864298159752",
      "t" : 1756455864298,
      "tn" : 1756455864298159752,
      "q" : "287",
      "p" : "0.08326",
      "s" : "buy",
      "i" : "REACT_USD",
      "m" : "4611686018427461184"
    }, {
      "d" : "1756455864298155947",
      "t" : 1756455864298,
      "tn" : 1756455864298155947,
      "q" : "10486",
      "p" : "0.08320",
      "s" : "buy",
      "i" : "REACT_USD",
      "m" : "4611686018427461183"
    }, {
      "d" : "1756455864298153243",
      "t" : 1756455864298,
      "tn" : 1756455864298153243,
      "q" : "4486",
      "p" : "0.08317",
      "s" : "buy",
      "i" : "REACT_USD",
      "m" : "4611686018427461182"
    }, {
      "d" : "1756455864298150471",
      "t" : 1756455864298,
      "tn" : 1756455864298150471,
      "q" : "878",
      "p" : "0.08316",
      "s" : "buy",
      "i" : "REACT_USD",
      "m" : "4611686018427461181"
    }, {
      "d" : "1756455864298148339",
      "t" : 1756455864298,
      "tn" : 1756455864298148339,
      "q" : "155",
      "p" : "0.08304",
      "s" : "buy",
      "i" : "REACT_USD",
      "m" : "4611686018427461180"
    }, {
      "d" : "1756455864298146341",
      "t" : 1756455864298,
      "tn" : 1756455864298146341,
      "q" : "56",
      "p" : "0.08284",
      "s" : "buy",
      "i" : "REACT_USD",
      "m" : "4611686018427461179"
    }, {
      "d" : "1756455864298143750",
      "t" : 1756455864298,
      "tn" : 1756455864298143750,
      "q" : "54",
      "p" : "0.08187",
      "s" : "buy",
      "i" : "REACT_USD",
      "m" : "4611686018427461178"
    }, {
      "d" : "1756455864298140957",
      "t" : 1756455864298,
      "tn" : 1756455864298140957,
      "q" : "626",
      "p" : "0.08154",
      "s" : "buy",
      "i" : "REACT_USD",
      "m" : "4611686018427461177"
    }, {
      "d" : "1756455854305124077",
      "t" : 1756455854305,
      "tn" : 1756455854305124077,
      "q" : "4085",
      "p" : "0.08100",
      "s" : "sell",
      "i" : "REACT_USD",
      "m" : "4611686018427461176"
    }, {
      "d" : "1756455852341777651",
      "t" : 1756455852341,
      "tn" : 1756455852341777651,
      "q" : "1300",
      "p" : "0.08100",
      "s" : "sell",
      "i" : "REACT_USD",
      "m" : "4611686018427461175"
    }, {
      "d" : "1756455852340052124",
      "t" : 1756455852340,
      "tn" : 1756455852340052124,
      "q" : "230",
      "p" : "0.08100",
      "s" : "sell",
      "i" : "REACT_USD",
      "m" : "4611686018427461174"
    }, {
      "d" : "1756455852326704820",
      "t" : 1756455852326,
      "tn" : 1756455852326704820,
      "q" : "3420",
      "p" : "0.08100",
      "s" : "sell",
      "i" : "REACT_USD",
      "m" : "4611686018427461173"
    }, {
      "d" : "1756455852320366192",
      "t" : 1756455852320,
      "tn" : 1756455852320366190,
      "q" : "1006",
      "p" : "0.08057",
      "s" : "buy",
      "i" : "REACT_USD",
      "m" : "4611686018427461172"
    }, {
      "d" : "1756455852320366191",
      "t" : 1756455852320,
      "tn" : 1756455852320366190,
      "q" : "1022",
      "p" : "0.08057",
      "s" : "buy",
      "i" : "REACT_USD",
      "m" : "4611686018427461172"
    }, {
      "d" : "1756455852320366190",
      "t" : 1756455852320,
      "tn" : 1756455852320366190,
      "q" : "1236",
      "p" : "0.08057",
      "s" : "buy",
      "i" : "REACT_USD",
      "m" : "4611686018427461172"
    }, {
      "d" : "1756455839669272763",
      "t" : 1756455839669,
      "tn" : 1756455839669272763,
      "q" : "501",
      "p" : "0.08050",
      "s" : "sell",
      "i" : "REACT_USD",
      "m" : "4611686018427461171"
    }, {
      "d" : "1756455839598481280",
      "t" : 1756455839598,
      "tn" : 1756455839598481280,
      "q" : "467",
      "p" : "0.08050",
      "s" : "sell",
      "i" : "REACT_USD",
      "m" : "4611686018427461170"
    }, {
      "d" : "1756455839598479157",
      "t" : 1756455839598,
      "tn" : 1756455839598479157,
      "q" : "925",
      "p" : "0.08051",
      "s" : "sell",
      "i" : "REACT_USD",
      "m" : "4611686018427461169"
    }, {
      "d" : "1756455839557470876",
      "t" : 1756455839557,
      "tn" : 1756455839557470876,
      "q" : "2790",
      "p" : "0.08051",
      "s" : "sell",
      "i" : "REACT_USD",
      "m" : "4611686018427461168"
    }, {
      "d" : "1756455839557468594",
      "t" : 1756455839557,
      "tn" : 1756455839557468594,
      "q" : "936",
      "p" : "0.08052",
      "s" : "sell",
      "i" : "REACT_USD",
      "m" : "4611686018427461167"
    }, {
      "d" : "1756455837033698290",
      "t" : 1756455837033,
      "tn" : 1756455837033698290,
      "q" : "190",
      "p" : "0.08051",
      "s" : "sell",
      "i" : "REACT_USD",
      "m" : "4611686018427461166"
    }, {
      "d" : "1756455837020100321",
      "t" : 1756455837020,
      "tn" : 1756455837020100321,
      "q" : "220",
      "p" : "0.08051",
      "s" : "sell",
      "i" : "REACT_USD",
      "m" : "4611686018427461165"
    }, {
      "d" : "1756455837014266081",
      "t" : 1756455837014,
      "tn" : 1756455837014266081,
      "q" : "220",
      "p" : "0.08051",
      "s" : "sell",
      "i" : "REACT_USD",
      "m" : "4611686018427461164"
    }, {
      "d" : "1756455837014258194",
      "t" : 1756455837014,
      "tn" : 1756455837014258194,
      "q" : "190",
      "p" : "0.08051",
      "s" : "sell",
      "i" : "REACT_USD",
      "m" : "4611686018427461163"
    }, {
      "d" : "1756455837006910752",
      "t" : 1756455837006,
      "tn" : 1756455837006910752,
      "q" : "224",
      "p" : "0.08051",
      "s" : "sell",
      "i" : "REACT_USD",
      "m" : "4611686018427461162"
    }, {
      "d" : "1756455837002679214",
      "t" : 1756455837002,
      "tn" : 1756455837002679214,
      "q" : "497",
      "p" : "0.08051",
      "s" : "sell",
      "i" : "REACT_USD",
      "m" : "4611686018427461161"
    } ]
  }
}