{
  "id" : -1,
  "method" : "public/get-trades",
  "code" : 0,
  "result" : {
    "data" : [ {
      "d" : "1756461761002950221",
      "t" : 1756461761002,
      "tn" : 1756461761002950221,
      "q" : "5.0",
      "p" : "0.4143",
      "s" : "buy",
      "i" : "RED_USD",
      "m" : "4611686018427405056"
    }, {
      "d" : "1756461743114518491",
      "t" : 1756461743114,
      "tn" : 1756461743114518491,
      "q" : "217.3",
      "p" : "0.4142",
      "s" : "buy",
      "i" : "RED_USD",
      "m" : "4611686018427405055"
    }, {
      "d" : "1756461275602319282",
      "t" : 1756461275602,
      "tn" : 1756461275602319282,
      "q" : "72.4",
      "p" : "0.4142",
      "s" : "buy",
      "i" : "RED_USD",
      "m" : "4611686018427405054"
    }, {
      "d" : "1756461275371011774",
      "t" : 1756461275371,
      "tn" : 1756461275371011774,
      "q" : "13.6",
      "p" : "0.4142",
      "s" : "buy",
      "i" : "RED_USD",
      "m" : "4611686018427405053"
    }, {
      "d" : "1756461137663942754",
      "t" : 1756461137663,
      "tn" : 1756461137663942754,
      "q" : "16.0",
      "p" : "0.4142",
      "s" : "buy",
      "i" : "RED_USD",
      "m" : "4611686018427405052"
    }, {
      "d" : "1756461137661959768",
      "t" : 1756461137661,
      "tn" : 1756461137661959768,
      "q" : "16.0",
      "p" : "0.4142",
      "s" : "buy",
      "i" : "RED_USD",
      "m" : "4611686018427405051"
    }, {
      "d" : "1756461137605987934",
      "t" : 1756461137605,
      "tn" : 1756461137605987934,
      "q" : "14.0",
      "p" : "0.4142",
      "s" : "buy",
      "i" : "RED_USD",
      "m" : "4611686018427405050"
    }, {
      "d" : "1756456355974992887",
      "t" : 1756456355974,
      "tn" : 1756456355974992887,
      "q" : "5.7",
      "p" : "0.4143",
      "s" : "sell",
      "i" : "RED_USD",
      "m" : "4611686018427405049"
    }, {
      "d" : "1756456349603000105",
      "t" : 1756456349603,
      "tn" : 1756456349603000105,
      "q" : "14.8",
      "p" : "0.4143",
      "s" : "sell",
      "i" : "RED_USD",
      "m" : "4611686018427405048"
    }, {
      "d" : "1756456343093122704",
      "t" : 1756456343093,
      "tn" : 1756456343093122704,
      "q" : "28.8",
      "p" : "0.4143",
      "s" : "sell",
      "i" : "RED_USD",
      "m" : "4611686018427405047"
    }, {
      "d" : "1756455058704101401",
      "t" : 1756455058704,
      "tn" : 1756455058704101401,
      "q" : "10.1",
      "p" : "0.4137",
      "s" : "sell",
      "i" : "RED_USD",
      "m" : "4611686018427405046"
    }, {
      "d" : "1756451929304728510",
      "t" : 1756451929304,
      "tn" : 1756451929304728510,
      "q" : "4.9",
      "p" : "0.4216",
      "s" : "sell",
      "i" : "RED_USD",
      "m" : "4611686018427405045"
    }, {
      "d" : "1756450773466657167",
      "t" : 1756450773466,
      "tn" : 1756450773466657167,
      "q" : "4.9",
      "p" : "0.4280",
      "s" : "buy",
      "i" : "RED_USD",
      "m" : "4611686018427405044"
    }, {
      "d" : "1756450744701983431",
      "t" : 1756450744701,
      "tn" : 1756450744701983431,
      "q" : "10.0",
      "p" : "0.4267",
      "s" : "buy",
      "i" : "RED_USD",
      "m" : "4611686018427405043"
    }, {
      "d" : "1756450744701981732",
      "t" : 1756450744701,
      "tn" : 1756450744701981732,
      "q" : "200.9",
      "p" : "0.4266",
      "s" : "buy",
      "i" : "RED_USD",
      "m" : "4611686018427405042"
    }, {
      "d" : "1756450744680146285",
      "t" : 1756450744680,
      "tn" : 1756450744680146285,
      "q" : "211.0",
      "p" : "0.4266",
      "s" : "buy",
      "i" : "RED_USD",
      "m" : "4611686018427405041"
    }, {
      "d" : "1756450744602008610",
      "t" : 1756450744602,
      "tn" : 1756450744602008610,
      "q" : "211.0",
      "p" : "0.4266",
      "s" : "buy",
      "i" : "RED_USD",
      "m" : "4611686018427405040"
    }, {
      "d" : "1756450744420700028",
      "t" : 1756450744420,
      "tn" : 1756450744420700028,
      "q" : "113.7",
      "p" : "0.4266",
      "s" : "buy",
      "i" : "RED_USD",
      "m" : "4611686018427405039"
    }, {
      "d" : "1756450744420698290",
      "t" : 1756450744420,
      "tn" : 1756450744420698290,
      "q" : "97.3",
      "p" : "0.4265",
      "s" : "buy",
      "i" : "RED_USD",
      "m" : "4611686018427405038"
    }, {
      "d" : "1756450744402012407",
      "t" : 1756450744402,
      "tn" : 1756450744402012407,
      "q" : "211.0",
      "p" : "0.4265",
      "s" : "buy",
      "i" : "RED_USD",
      "m" : "4611686018427405037"
    }, {
      "d" : "1756450744302354027",
      "t" : 1756450744302,
      "tn" : 1756450744302354027,
      "q" : "211.0",
      "p" : "0.4265",
      "s" : "buy",
      "i" : "RED_USD",
      "m" : "4611686018427405036"
    }, {
      "d" : "1756450744220252748",
      "t" : 1756450744220,
      "tn" : 1756450744220252748,
      "q" : "211.0",
      "p" : "0.4265",
      "s" : "buy",
      "i" : "RED_USD",
      "m" : "4611686018427405035"
    }, {
      "d" : "1756450744202509860",
      "t" : 1756450744202,
      "tn" : 1756450744202509860,
      "q" : "211.0",
      "p" : "0.4265",
      "s" : "buy",
      "i" : "RED_USD",
      "m" : "4611686018427405034"
    }, {
      "d" : "1756450744119136040",
      "t" : 1756450744119,
      "tn" : 1756450744119136040,
      "q" : "211.0",
      "p" : "0.4265",
      "s" : "buy",
      "i" : "RED_USD",
      "m" : "4611686018427405033"
    }, {
      "d" : "1756450744102072398",
      "t" : 1756450744102,
      "tn" : 1756450744102072398,
      "q" : "211.0",
      "p" : "0.4265",
      "s" : "buy",
      "i" : "RED_USD",
      "m" : "4611686018427405032"
    }, {
      "d" : "1756450744049823873",
      "t" : 1756450744049,
      "tn" : 1756450744049823873,
      "q" : "193.8",
      "p" : "0.4265",
      "s" : "buy",
      "i" : "RED_USD",
      "m" : "4611686018427405031"
    }, {
      "d" : "1756450744030066818",
      "t" : 1756450744030,
      "tn" : 1756450744030066818,
      "q" : "119.4",
      "p" : "0.4265",
      "s" : "buy",
      "i" : "RED_USD",
      "m" : "4611686018427405030"
    }, {
      "d" : "1756450744013672840",
      "t" : 1756450744013,
      "tn" : 1756450744013672840,
      "q" : "15.7",
      "p" : "0.4265",
      "s" : "buy",
      "i" : "RED_USD",
      "m" : "4611686018427405029"
    }, {
      "d" : "1756450743843738642",
      "t" : 1756450743843,
      "tn" : 1756450743843738642,
      "q" : "15.5",
      "p" : "0.4265",
      "s" : "buy",
      "i" : "RED_USD",
      "m" : "4611686018427405028"
    }, {
      "d" : "1756450742653999200",
      "t" : 1756450742653,
      "tn" : 1756450742653999200,
      "q" : "15.5",
      "p" : "0.4265",
      "s" : "buy",
      "i" : "RED_USD",
      "m" : "4611686018427405027"
    }, {
      "d" : "1756450742646996892",
      "t" : 1756450742646,
      "tn" : 1756450742646996892,
      "q" : "12.7",
      "p" : "0.4265",
      "s" : "buy",
      "i" : "RED_USD",
      "m" : "4611686018427405026"
    }, {
      "d" : "1756450198585114021",
      "t" : 1756450198585,
      "tn" : 1756450198585114021,
      "q" : "96.5",
      "p" : "0.4145",
      "s" : "sell",
      "i" : "RED_USD",
      "m" : "4611686018427405025"
    }, {
      "d" : "1756450198565655868",
      "t" : 1756450198565,
      "tn" : 1756450198565655867,
      "q" : "21.5",
      "p" : "0.4145",
      "s" : "sell",
      "i" : "RED_USD",
      "m" : "4611686018427405024"
    }, {
      "d" : "1756450198565655867",
      "t" : 1756450198565,
      "tn" : 1756450198565655867,
      "q" : "10.1",
      "p" : "0.4145",
      "s" : "sell",
      "i" : "RED_USD",
      "m" : "4611686018427405024"
    }, {
      "d" : "1756450198565652973",
      "t" : 1756450198565,
      "tn" : 1756450198565652973,
      "q" : "161.4",
      "p" : "0.4146",
      "s" : "sell",
      "i" : "RED_USD",
      "m" : "4611686018427405023"
    }, {
      "d" : "1756450198539331857",
      "t" : 1756450198539,
      "tn" : 1756450198539331857,
      "q" : "482.4",
      "p" : "0.4146",
      "s" : "sell",
      "i" : "RED_USD",
      "m" : "4611686018427405022"
    }, {
      "d" : "1756450198518504293",
      "t" : 1756450198518,
      "tn" : 1756450198518504293,
      "q" : "1206.0",
      "p" : "0.4146",
      "s" : "sell",
      "i" : "RED_USD",
      "m" : "4611686018427405021"
    }, {
      "d" : "1756450197605089117",
      "t" : 1756450197605,
      "tn" : 1756450197605089117,
      "q" : "5.6",
      "p" : "0.4145",
      "s" : "sell",
      "i" : "RED_USD",
      "m" : "4611686018427405020"
    }, {
      "d" : "1756450180122822463",
      "t" : 1756450180122,
      "tn" : 1756450180122822463,
      "q" : "14.7",
      "p" : "0.4158",
      "s" : "sell",
      "i" : "RED_USD",
      "m" : "4611686018427405019"
    }, {
      "d" : "1756450178111001992",
      "t" : 1756450178111,
      "tn" : 1756450178111001992,
      "q" : "21.2",
      "p" : "0.4158",
      "s" : "sell",
      "i" : "RED_USD",
      "m" : "4611686018427405018"
    }, {
      "d" : "1756450178095241250",
      "t" : 1756450178095,
      "tn" : 1756450178095241250,
      "q" : "8.5",
      "p" : "0.4158",
      "s" : "sell",
      "i" : "RED_USD",
      "m" : "4611686018427405017"
    }, {
      "d" : "1756450011604032603",
      "t" : 1756450011604,
      "tn" : 1756450011604032603,
      "q" : "13.4",
      "p" : "0.4182",
      "s" : "sell",
      "i" : "RED_USD",
      "m" : "4611686018427405016"
    }, {
      "d" : "1756447137690874552",
      "t" : 1756447137690,
      "tn" : 1756447137690874552,
      "q" : "135.7",
      "p" : "0.4268",
      "s" : "sell",
      "i" : "RED_USD",
      "m" : "4611686018427405015"
    }, {
      "d" : "1756447137690872822",
      "t" : 1756447137690,
      "tn" : 1756447137690872822,
      "q" : "37.3",
      "p" : "0.4276",
      "s" : "sell",
      "i" : "RED_USD",
      "m" : "4611686018427405014"
    }, {
      "d" : "1756447137687071670",
      "t" : 1756447137687,
      "tn" : 1756447137687071670,
      "q" : "59.2",
      "p" : "0.4276",
      "s" : "sell",
      "i" : "RED_USD",
      "m" : "4611686018427405013"
    }, {
      "d" : "1756445574259206281",
      "t" : 1756445574259,
      "tn" : 1756445574259206281,
      "q" : "4.9",
      "p" : "0.4310",
      "s" : "buy",
      "i" : "RED_USD",
      "m" : "4611686018427405012"
    }, {
      "d" : "1756445553702304658",
      "t" : 1756445553702,
      "tn" : 1756445553702304658,
      "q" : "185.6",
      "p" : "0.4310",
      "s" : "buy",
      "i" : "RED_USD",
      "m" : "4611686018427405011"
    }, {
      "d" : "1756445553602052358",
      "t" : 1756445553602,
      "tn" : 1756445553602052358,
      "q" : "208.8",
      "p" : "0.4310",
      "s" : "buy",
      "i" : "RED_USD",
      "m" : "4611686018427405010"
    }, {
      "d" : "1756445553502481184",
      "t" : 1756445553502,
      "tn" : 1756445553502481184,
      "q" : "208.8",
      "p" : "0.4310",
      "s" : "buy",
      "i" : "RED_USD",
      "m" : "4611686018427405009"
    }, {
      "d" : "1756445553402141517",
      "t" : 1756445553402,
      "tn" : 1756445553402141517,
      "q" : "208.8",
      "p" : "0.4310",
      "s" : "buy",
      "i" : "RED_USD",
      "m" : "4611686018427405008"
    }, {
      "d" : "1756445553321274886",
      "t" : 1756445553321,
      "tn" : 1756445553321274886,
      "q" : "208.8",
      "p" : "0.4310",
      "s" : "buy",
      "i" : "RED_USD",
      "m" : "4611686018427405007"
    }, {
      "d" : "1756445553302410685",
      "t" : 1756445553302,
      "tn" : 1756445553302410685,
      "q" : "208.8",
      "p" : "0.4310",
      "s" : "buy",
      "i" : "RED_USD",
      "m" : "4611686018427405006"
    }, {
      "d" : "1756445553202358167",
      "t" : 1756445553202,
      "tn" : 1756445553202358167,
      "q" : "208.8",
      "p" : "0.4310",
      "s" : "buy",
      "i" : "RED_USD",
      "m" : "4611686018427405005"
    }, {
      "d" : "1756445553141790109",
      "t" : 1756445553141,
      "tn" : 1756445553141790109,
      "q" : "208.8",
      "p" : "0.4310",
      "s" : "buy",
      "i" : "RED_USD",
      "m" : "4611686018427405004"
    }, {
      "d" : "1756445551639348748",
      "t" : 1756445551639,
      "tn" : 1756445551639348748,
      "q" : "13.2",
      "p" : "0.4311",
      "s" : "buy",
      "i" : "RED_USD",
      "m" : "4611686018427405003"
    }, {
      "d" : "1756445551639346985",
      "t" : 1756445551639,
      "tn" : 1756445551639346985,
      "q" : "172.4",
      "p" : "0.4310",
      "s" : "buy",
      "i" : "RED_USD",
      "m" : "4611686018427405002"
    }, {
      "d" : "1756445551621252515",
      "t" : 1756445551621,
      "tn" : 1756445551621252515,
      "q" : "208.8",
      "p" : "0.4310",
      "s" : "buy",
      "i" : "RED_USD",
      "m" : "4611686018427405001"
    }, {
      "d" : "1756444133598268527",
      "t" : 1756444133598,
      "tn" : 1756444133598268527,
      "q" : "97.6",
      "p" : "0.4310",
      "s" : "buy",
      "i" : "RED_USD",
      "m" : "4611686018427405000"
    }, {
      "d" : "1756443766375284034",
      "t" : 1756443766375,
      "tn" : 1756443766375284034,
      "q" : "103.7",
      "p" : "0.4306",
      "s" : "buy",
      "i" : "RED_USD",
      "m" : "4611686018427404999"
    }, {
      "d" : "1756443766356361294",
      "t" : 1756443766356,
      "tn" : 1756443766356361294,
      "q" : "209.0",
      "p" : "0.4306",
      "s" : "buy",
      "i" : "RED_USD",
      "m" : "4611686018427404998"
    }, {
      "d" : "1756443765231696717",
      "t" : 1756443765231,
      "tn" : 1756443765231696717,
      "q" : "14.8",
      "p" : "0.4306",
      "s" : "buy",
      "i" : "RED_USD",
      "m" : "4611686018427404997"
    }, {
      "d" : "1756441571094223898",
      "t" : 1756441571094,
      "tn" : 1756441571094223898,
      "q" : "15.5",
      "p" : "0.4267",
      "s" : "buy",
      "i" : "RED_USD",
      "m" : "4611686018427404996"
    }, {
      "d" : "1756441539731792409",
      "t" : 1756441539731,
      "tn" : 1756441539731792409,
      "q" : "15.5",
      "p" : "0.4266",
      "s" : "buy",
      "i" : "RED_USD",
      "m" : "4611686018427404995"
    }, {
      "d" : "1756441510513154888",
      "t" : 1756441510513,
      "tn" : 1756441510513154888,
      "q" : "8.4",
      "p" : "0.4266",
      "s" : "buy",
      "i" : "RED_USD",
      "m" : "4611686018427404994"
    }, {
      "d" : "1756441510469185776",
      "t" : 1756441510469,
      "tn" : 1756441510469185776,
      "q" : "7.0",
      "p" : "0.4266",
      "s" : "buy",
      "i" : "RED_USD",
      "m" : "4611686018427404993"
    }, {
      "d" : "1756431154504050311",
      "t" : 1756431154504,
      "tn" : 1756431154504050311,
      "q" : "5.5",
      "p" : "0.4159",
      "s" : "sell",
      "i" : "RED_USD",
      "m" : "4611686018427404992"
    }, {
      "d" : "1756430453022012423",
      "t" : 1756430453022,
      "tn" : 1756430453022012423,
      "q" : "7.2",
      "p" : "0.4159",
      "s" : "sell",
      "i" : "RED_USD",
      "m" : "4611686018427404991"
    }, {
      "d" : "1756429434363017632",
      "t" : 1756429434363,
      "tn" : 1756429434363017632,
      "q" : "10.5",
      "p" : "0.4190",
      "s" : "sell",
      "i" : "RED_USD",
      "m" : "4611686018427404990"
    }, {
      "d" : "1756428154741422479",
      "t" : 1756428154741,
      "tn" : 1756428154741422479,
      "q" : "7.4",
      "p" : "0.4190",
      "s" : "sell",
      "i" : "RED_USD",
      "m" : "4611686018427404989"
    }, {
      "d" : "1756425320826113157",
      "t" : 1756425320826,
      "tn" : 1756425320826113157,
      "q" : "15.3",
      "p" : "0.4227",
      "s" : "buy",
      "i" : "RED_USD",
      "m" : "4611686018427404988"
    }, {
      "d" : "1756425119205921196",
      "t" : 1756425119205,
      "tn" : 1756425119205921196,
      "q" : "12.7",
      "p" : "0.4223",
      "s" : "buy",
      "i" : "RED_USD",
      "m" : "4611686018427404987"
    }, {
      "d" : "1756409110270934171",
      "t" : 1756409110270,
      "tn" : 1756409110270934171,
      "q" : "5.5",
      "p" : "0.4169",
      "s" : "sell",
      "i" : "RED_USD",
      "m" : "4611686018427404986"
    }, {
      "d" : "1756408711281934807",
      "t" : 1756408711281,
      "tn" : 1756408711281934807,
      "q" : "14.3",
      "p" : "0.4170",
      "s" : "sell",
      "i" : "RED_USD",
      "m" : "4611686018427404985"
    }, {
      "d" : "1756408711278942998",
      "t" : 1756408711278,
      "tn" : 1756408711278942998,
      "q" : "20.8",
      "p" : "0.4170",
      "s" : "sell",
      "i" : "RED_USD",
      "m" : "4611686018427404984"
    }, {
      "d" : "1756408711051016793",
      "t" : 1756408711051,
      "tn" : 1756408711051016793,
      "q" : "17.6",
      "p" : "0.4170",
      "s" : "sell",
      "i" : "RED_USD",
      "m" : "4611686018427404983"
    }, {
      "d" : "1756402520637032431",
      "t" : 1756402520637,
      "tn" : 1756402520637032431,
      "q" : "212.7",
      "p" : "0.4231",
      "s" : "buy",
      "i" : "RED_USD",
      "m" : "4611686018427404982"
    }, {
      "d" : "1756402504897516338",
      "t" : 1756402504897,
      "tn" : 1756402504897516338,
      "q" : "212.7",
      "p" : "0.4231",
      "s" : "buy",
      "i" : "RED_USD",
      "m" : "4611686018427404981"
    }, {
      "d" : "1756402504880549939",
      "t" : 1756402504880,
      "tn" : 1756402504880549939,
      "q" : "106.9",
      "p" : "0.4231",
      "s" : "buy",
      "i" : "RED_USD",
      "m" : "4611686018427404980"
    }, {
      "d" : "1756402504863429076",
      "t" : 1756402504863,
      "tn" : 1756402504863429076,
      "q" : "53.6",
      "p" : "0.4231",
      "s" : "buy",
      "i" : "RED_USD",
      "m" : "4611686018427404979"
    }, {
      "d" : "1756402504845703230",
      "t" : 1756402504845,
      "tn" : 1756402504845703230,
      "q" : "160.4",
      "p" : "0.4231",
      "s" : "buy",
      "i" : "RED_USD",
      "m" : "4611686018427404978"
    }, {
      "d" : "1756402504828572193",
      "t" : 1756402504828,
      "tn" : 1756402504828572193,
      "q" : "53.6",
      "p" : "0.4231",
      "s" : "buy",
      "i" : "RED_USD",
      "m" : "4611686018427404977"
    }, {
      "d" : "1756402504811131405",
      "t" : 1756402504811,
      "tn" : 1756402504811131405,
      "q" : "160.7",
      "p" : "0.4231",
      "s" : "buy",
      "i" : "RED_USD",
      "m" : "4611686018427404976"
    }, {
      "d" : "1756402504808039896",
      "t" : 1756402504808,
      "tn" : 1756402504808039896,
      "q" : "15.0",
      "p" : "0.4231",
      "s" : "buy",
      "i" : "RED_USD",
      "m" : "4611686018427404975"
    }, {
      "d" : "1756402503586919520",
      "t" : 1756402503586,
      "tn" : 1756402503586919520,
      "q" : "15.4",
      "p" : "0.4231",
      "s" : "buy",
      "i" : "RED_USD",
      "m" : "4611686018427404974"
    }, {
      "d" : "1756402503504033242",
      "t" : 1756402503504,
      "tn" : 1756402503504033242,
      "q" : "15.3",
      "p" : "0.4231",
      "s" : "buy",
      "i" : "RED_USD",
      "m" : "4611686018427404973"
    }, {
      "d" : "1756402502556554282",
      "t" : 1756402502556,
      "tn" : 1756402502556554282,
      "q" : "8.3",
      "p" : "0.4231",
      "s" : "buy",
      "i" : "RED_USD",
      "m" : "4611686018427404972"
    }, {
      "d" : "1756402502543092354",
      "t" : 1756402502543,
      "tn" : 1756402502543092354,
      "q" : "6.9",
      "p" : "0.4232",
      "s" : "buy",
      "i" : "RED_USD",
      "m" : "4611686018427404971"
    }, {
      "d" : "1756396484658400011",
      "t" : 1756396484658,
      "tn" : 1756396484658400011,
      "q" : "8.3",
      "p" : "0.4225",
      "s" : "sell",
      "i" : "RED_USD",
      "m" : "4611686018427404970"
    }, {
      "d" : "1756396484658398379",
      "t" : 1756396484658,
      "tn" : 1756396484658398379,
      "q" : "12.8",
      "p" : "0.4226",
      "s" : "sell",
      "i" : "RED_USD",
      "m" : "4611686018427404969"
    }, {
      "d" : "1756396484658395738",
      "t" : 1756396484658,
      "tn" : 1756396484658395738,
      "q" : "32.0",
      "p" : "0.4227",
      "s" : "sell",
      "i" : "RED_USD",
      "m" : "4611686018427404968"
    }, {
      "d" : "1756396480766483243",
      "t" : 1756396480766,
      "tn" : 1756396480766483243,
      "q" : "59.1",
      "p" : "0.4227",
      "s" : "sell",
      "i" : "RED_USD",
      "m" : "4611686018427404967"
    }, {
      "d" : "1756396480748167221",
      "t" : 1756396480748,
      "tn" : 1756396480748167221,
      "q" : "94.6",
      "p" : "0.4227",
      "s" : "sell",
      "i" : "RED_USD",
      "m" : "4611686018427404966"
    }, {
      "d" : "1756390617519780096",
      "t" : 1756390617519,
      "tn" : 1756390617519780096,
      "q" : "58.1",
      "p" : "0.4300",
      "s" : "sell",
      "i" : "RED_USD",
      "m" : "4611686018427404965"
    }, {
      "d" : "1756390617402222300",
      "t" : 1756390617402,
      "tn" : 1756390617402222300,
      "q" : "323.5",
      "p" : "0.4300",
      "s" : "sell",
      "i" : "RED_USD",
      "m" : "4611686018427404964"
    }, {
      "d" : "1756390617402220103",
      "t" : 1756390617402,
      "tn" : 1756390617402220103,
      "q" : "7.6",
      "p" : "0.4302",
      "s" : "sell",
      "i" : "RED_USD",
      "m" : "4611686018427404963"
    }, {
      "d" : "1756390617402217000",
      "t" : 1756390617402,
      "tn" : 1756390617402217000,
      "q" : "17.7",
      "p" : "0.4303",
      "s" : "sell",
      "i" : "RED_USD",
      "m" : "4611686018427404962"
    }, {
      "d" : "1756390617337781786",
      "t" : 1756390617337,
      "tn" : 1756390617337781786,
      "q" : "929.6",
      "p" : "0.4303",
      "s" : "sell",
      "i" : "RED_USD",
      "m" : "4611686018427404961"
    }, {
      "d" : "1756390614321724179",
      "t" : 1756390614321,
      "tn" : 1756390614321724179,
      "q" : "46.5",
      "p" : "0.4302",
      "s" : "sell",
      "i" : "RED_USD",
      "m" : "4611686018427404960"
    }, {
      "d" : "1756390614289599995",
      "t" : 1756390614289,
      "tn" : 1756390614289599995,
      "q" : "93.0",
      "p" : "0.4302",
      "s" : "sell",
      "i" : "RED_USD",
      "m" : "4611686018427404959"
    }, {
      "d" : "1756390614271376373",
      "t" : 1756390614271,
      "tn" : 1756390614271376372,
      "q" : "181.3",
      "p" : "0.4302",
      "s" : "sell",
      "i" : "RED_USD",
      "m" : "4611686018427404958"
    }, {
      "d" : "1756390614271376372",
      "t" : 1756390614271,
      "tn" : 1756390614271376372,
      "q" : "748.5",
      "p" : "0.4302",
      "s" : "sell",
      "i" : "RED_USD",
      "m" : "4611686018427404958"
    }, {
      "d" : "1756390614212492772",
      "t" : 1756390614212,
      "tn" : 1756390614212492772,
      "q" : "337.5",
      "p" : "0.4302",
      "s" : "sell",
      "i" : "RED_USD",
      "m" : "4611686018427404957"
    }, {
      "d" : "1756390614035579913",
      "t" : 1756390614035,
      "tn" : 1756390614035579913,
      "q" : "23.7",
      "p" : "0.4302",
      "s" : "sell",
      "i" : "RED_USD",
      "m" : "4611686018427404956"
    }, {
      "d" : "1756390613914987213",
      "t" : 1756390613914,
      "tn" : 1756390613914987213,
      "q" : "20.1",
      "p" : "0.4302",
      "s" : "sell",
      "i" : "RED_USD",
      "m" : "4611686018427404955"
    }, {
      "d" : "1756390613887283825",
      "t" : 1756390613887,
      "tn" : 1756390613887283825,
      "q" : "405.0",
      "p" : "0.4302",
      "s" : "sell",
      "i" : "RED_USD",
      "m" : "4611686018427404954"
    }, {
      "d" : "1756390613886082593",
      "t" : 1756390613886,
      "tn" : 1756390613886082593,
      "q" : "114.0",
      "p" : "0.4302",
      "s" : "sell",
      "i" : "RED_USD",
      "m" : "4611686018427404953"
    }, {
      "d" : "1756390613885273010",
      "t" : 1756390613885,
      "tn" : 1756390613885273010,
      "q" : "170.0",
      "p" : "0.4302",
      "s" : "sell",
      "i" : "RED_USD",
      "m" : "4611686018427404952"
    }, {
      "d" : "1756390613881995731",
      "t" : 1756390613881,
      "tn" : 1756390613881995731,
      "q" : "23.0",
      "p" : "0.4302",
      "s" : "sell",
      "i" : "RED_USD",
      "m" : "4611686018427404951"
    }, {
      "d" : "1756390584594635909",
      "t" : 1756390584594,
      "tn" : 1756390584594635909,
      "q" : "12.7",
      "p" : "0.4330",
      "s" : "buy",
      "i" : "RED_USD",
      "m" : "4611686018427404950"
    }, {
      "d" : "1756390584594634170",
      "t" : 1756390584594,
      "tn" : 1756390584594634170,
      "q" : "39.4",
      "p" : "0.4329",
      "s" : "buy",
      "i" : "RED_USD",
      "m" : "4611686018427404949"
    }, {
      "d" : "1756390584321980603",
      "t" : 1756390584321,
      "tn" : 1756390584321980603,
      "q" : "207.9",
      "p" : "0.4329",
      "s" : "buy",
      "i" : "RED_USD",
      "m" : "4611686018427404948"
    }, {
      "d" : "1756390584302548591",
      "t" : 1756390584302,
      "tn" : 1756390584302548591,
      "q" : "207.9",
      "p" : "0.4329",
      "s" : "buy",
      "i" : "RED_USD",
      "m" : "4611686018427404947"
    }, {
      "d" : "1756390584077434163",
      "t" : 1756390584077,
      "tn" : 1756390584077434163,
      "q" : "207.9",
      "p" : "0.4329",
      "s" : "buy",
      "i" : "RED_USD",
      "m" : "4611686018427404946"
    }, {
      "d" : "1756390584059668437",
      "t" : 1756390584059,
      "tn" : 1756390584059668437,
      "q" : "207.9",
      "p" : "0.4329",
      "s" : "buy",
      "i" : "RED_USD",
      "m" : "4611686018427404945"
    }, {
      "d" : "1756390583984770290",
      "t" : 1756390583984,
      "tn" : 1756390583984770290,
      "q" : "194.0",
      "p" : "0.4329",
      "s" : "buy",
      "i" : "RED_USD",
      "m" : "4611686018427404944"
    }, {
      "d" : "1756390009600534511",
      "t" : 1756390009600,
      "tn" : 1756390009600534511,
      "q" : "207.9",
      "p" : "0.4329",
      "s" : "buy",
      "i" : "RED_USD",
      "m" : "4611686018427404943"
    }, {
      "d" : "1756390000722348897",
      "t" : 1756390000722,
      "tn" : 1756390000722348897,
      "q" : "75.5",
      "p" : "0.4329",
      "s" : "buy",
      "i" : "RED_USD",
      "m" : "4611686018427404942"
    }, {
      "d" : "1756390000722346950",
      "t" : 1756390000722,
      "tn" : 1756390000722346950,
      "q" : "8.8",
      "p" : "0.4317",
      "s" : "buy",
      "i" : "RED_USD",
      "m" : "4611686018427404941"
    }, {
      "d" : "1756390000695781466",
      "t" : 1756390000695,
      "tn" : 1756390000695781466,
      "q" : "19.7",
      "p" : "0.4317",
      "s" : "buy",
      "i" : "RED_USD",
      "m" : "4611686018427404940"
    }, {
      "d" : "1756390000695779801",
      "t" : 1756390000695,
      "tn" : 1756390000695779801,
      "q" : "119.3",
      "p" : "0.4316",
      "s" : "buy",
      "i" : "RED_USD",
      "m" : "4611686018427404939"
    }, {
      "d" : "1756390000690354303",
      "t" : 1756390000690,
      "tn" : 1756390000690354303,
      "q" : "103.1",
      "p" : "0.4316",
      "s" : "buy",
      "i" : "RED_USD",
      "m" : "4611686018427404938"
    }, {
      "d" : "1756390000689085649",
      "t" : 1756390000689,
      "tn" : 1756390000689085649,
      "q" : "7.2",
      "p" : "0.4316",
      "s" : "buy",
      "i" : "RED_USD",
      "m" : "4611686018427404937"
    }, {
      "d" : "1756389993612027740",
      "t" : 1756389993612,
      "tn" : 1756389993612027740,
      "q" : "15.0",
      "p" : "0.4316",
      "s" : "buy",
      "i" : "RED_USD",
      "m" : "4611686018427404936"
    }, {
      "d" : "1756389993609019808",
      "t" : 1756389993609,
      "tn" : 1756389993609019808,
      "q" : "15.0",
      "p" : "0.4316",
      "s" : "buy",
      "i" : "RED_USD",
      "m" : "4611686018427404935"
    }, {
      "d" : "1756389863488971204",
      "t" : 1756389863488,
      "tn" : 1756389863488971204,
      "q" : "15.0",
      "p" : "0.4316",
      "s" : "buy",
      "i" : "RED_USD",
      "m" : "4611686018427404934"
    }, {
      "d" : "1756389863483162113",
      "t" : 1756389863483,
      "tn" : 1756389863483162113,
      "q" : "16.0",
      "p" : "0.4316",
      "s" : "buy",
      "i" : "RED_USD",
      "m" : "4611686018427404933"
    }, {
      "d" : "1756388753354022655",
      "t" : 1756388753354,
      "tn" : 1756388753354022655,
      "q" : "83.0",
      "p" : "0.4191",
      "s" : "sell",
      "i" : "RED_USD",
      "m" : "4611686018427404932"
    }, {
      "d" : "1756388753354021126",
      "t" : 1756388753354,
      "tn" : 1756388753354021126,
      "q" : "12.4",
      "p" : "0.4202",
      "s" : "sell",
      "i" : "RED_USD",
      "m" : "4611686018427404931"
    }, {
      "d" : "1756388668702180591",
      "t" : 1756388668702,
      "tn" : 1756388668702180591,
      "q" : "59.5",
      "p" : "0.4203",
      "s" : "sell",
      "i" : "RED_USD",
      "m" : "4611686018427404930"
    }, {
      "d" : "1756388668608492821",
      "t" : 1756388668608,
      "tn" : 1756388668608492821,
      "q" : "73.8",
      "p" : "0.4203",
      "s" : "sell",
      "i" : "RED_USD",
      "m" : "4611686018427404929"
    }, {
      "d" : "1756388668608490778",
      "t" : 1756388668608,
      "tn" : 1756388668608490778,
      "q" : "21.4",
      "p" : "0.4214",
      "s" : "sell",
      "i" : "RED_USD",
      "m" : "4611686018427404928"
    }, {
      "d" : "1756388346111548915",
      "t" : 1756388346111,
      "tn" : 1756388346111548915,
      "q" : "1.8",
      "p" : "0.4214",
      "s" : "sell",
      "i" : "RED_USD",
      "m" : "4611686018427404927"
    }, {
      "d" : "1756388346111547143",
      "t" : 1756388346111,
      "tn" : 1756388346111547143,
      "q" : "93.1",
      "p" : "0.4215",
      "s" : "sell",
      "i" : "RED_USD",
      "m" : "4611686018427404926"
    }, {
      "d" : "1756388294674925663",
      "t" : 1756388294674,
      "tn" : 1756388294674925662,
      "q" : "91.3",
      "p" : "0.4215",
      "s" : "sell",
      "i" : "RED_USD",
      "m" : "4611686018427404925"
    }, {
      "d" : "1756388294674925662",
      "t" : 1756388294674,
      "tn" : 1756388294674925662,
      "q" : "3.6",
      "p" : "0.4215",
      "s" : "sell",
      "i" : "RED_USD",
      "m" : "4611686018427404925"
    }, {
      "d" : "1756388294655553106",
      "t" : 1756388294655,
      "tn" : 1756388294655553106,
      "q" : "59.3",
      "p" : "0.4215",
      "s" : "sell",
      "i" : "RED_USD",
      "m" : "4611686018427404924"
    }, {
      "d" : "1756388294635725191",
      "t" : 1756388294635,
      "tn" : 1756388294635725191,
      "q" : "94.9",
      "p" : "0.4215",
      "s" : "sell",
      "i" : "RED_USD",
      "m" : "4611686018427404923"
    }, {
      "d" : "1756388294431910274",
      "t" : 1756388294431,
      "tn" : 1756388294431910274,
      "q" : "47.4",
      "p" : "0.4215",
      "s" : "sell",
      "i" : "RED_USD",
      "m" : "4611686018427404922"
    }, {
      "d" : "1756388147232040579",
      "t" : 1756388147232,
      "tn" : 1756388147232040579,
      "q" : "4.7",
      "p" : "0.4214",
      "s" : "sell",
      "i" : "RED_USD",
      "m" : "4611686018427404921"
    }, {
      "d" : "1756388081694812751",
      "t" : 1756388081694,
      "tn" : 1756388081694812751,
      "q" : "59.3",
      "p" : "0.4215",
      "s" : "sell",
      "i" : "RED_USD",
      "m" : "4611686018427404920"
    }, {
      "d" : "1756388076988526841",
      "t" : 1756388076988,
      "tn" : 1756388076988526841,
      "q" : "141.3",
      "p" : "0.4215",
      "s" : "sell",
      "i" : "RED_USD",
      "m" : "4611686018427404919"
    }, {
      "d" : "1756385073108014597",
      "t" : 1756385073108,
      "tn" : 1756385073108014597,
      "q" : "4.9",
      "p" : "0.4261",
      "s" : "buy",
      "i" : "RED_USD",
      "m" : "4611686018427404918"
    } ]
  }
}