{
  "id" : -1,
  "method" : "public/get-trades",
  "code" : 0,
  "result" : {
    "data" : [ {
      "d" : "1756457702987042772",
      "t" : 1756457702987,
      "tn" : 1756457702987042772,
      "q" : "122",
      "p" : "0.4075",
      "s" : "sell",
      "i" : "REDUSD-PERP",
      "m" : "4611686018427420406"
    }, {
      "d" : "1756454000417147428",
      "t" : 1756454000417,
      "tn" : 1756454000417147428,
      "q" : "117",
      "p" : "0.4182",
      "s" : "buy",
      "i" : "REDUSD-PERP",
      "m" : "4611686018427420405"
    }, {
      "d" : "1756454000417145699",
      "t" : 1756454000417,
      "tn" : 1756454000417145699,
      "q" : "1",
      "p" : "0.4180",
      "s" : "buy",
      "i" : "REDUSD-PERP",
      "m" : "4611686018427420404"
    }, {
      "d" : "1756454000417143336",
      "t" : 1756454000417,
      "tn" : 1756454000417143336,
      "q" : "1",
      "p" : "0.4179",
      "s" : "buy",
      "i" : "REDUSD-PERP",
      "m" : "4611686018427420403"
    }, {
      "d" : "1756452350837193331",
      "t" : 1756452350837,
      "tn" : 1756452350837193331,
      "q" : "1",
      "p" : "0.4240",
      "s" : "sell",
      "i" : "REDUSD-PERP",
      "m" : "4611686018427420402"
    }, {
      "d" : "1756452350837191220",
      "t" : 1756452350837,
      "tn" : 1756452350837191220,
      "q" : "1",
      "p" : "0.4243",
      "s" : "sell",
      "i" : "REDUSD-PERP",
      "m" : "4611686018427420401"
    }, {
      "d" : "1756452350835804498",
      "t" : 1756452350835,
      "tn" : 1756452350835804498,
      "q" : "117",
      "p" : "0.4244",
      "s" : "sell",
      "i" : "REDUSD-PERP",
      "m" : "4611686018427420400"
    }, {
      "d" : "1756451977926630470",
      "t" : 1756451977926,
      "tn" : 1756451977926630470,
      "q" : "110",
      "p" : "0.4260",
      "s" : "buy",
      "i" : "REDUSD-PERP",
      "m" : "4611686018427420399"
    }, {
      "d" : "1756451977926629233",
      "t" : 1756451977926,
      "tn" : 1756451977926629233,
      "q" : "117",
      "p" : "0.4259",
      "s" : "buy",
      "i" : "REDUSD-PERP",
      "m" : "4611686018427420398"
    }, {
      "d" : "1756451977926626546",
      "t" : 1756451977926,
      "tn" : 1756451977926626546,
      "q" : "234",
      "p" : "0.4254",
      "s" : "buy",
      "i" : "REDUSD-PERP",
      "m" : "4611686018427420397"
    }, {
      "d" : "1756451977926624182",
      "t" : 1756451977926,
      "tn" : 1756451977926624182,
      "q" : "1",
      "p" : "0.4252",
      "s" : "buy",
      "i" : "REDUSD-PERP",
      "m" : "4611686018427420396"
    }, {
      "d" : "1756451977926620673",
      "t" : 1756451977926,
      "tn" : 1756451977926620673,
      "q" : "1",
      "p" : "0.4251",
      "s" : "buy",
      "i" : "REDUSD-PERP",
      "m" : "4611686018427420395"
    }, {
      "d" : "1756451966811796289",
      "t" : 1756451966811,
      "tn" : 1756451966811796289,
      "q" : "234",
      "p" : "0.4258",
      "s" : "buy",
      "i" : "REDUSD-PERP",
      "m" : "4611686018427420394"
    }, {
      "d" : "1756451966811794225",
      "t" : 1756451966811,
      "tn" : 1756451966811794225,
      "q" : "1",
      "p" : "0.4256",
      "s" : "buy",
      "i" : "REDUSD-PERP",
      "m" : "4611686018427420393"
    }, {
      "d" : "1756451966811791543",
      "t" : 1756451966811,
      "tn" : 1756451966811791543,
      "q" : "1",
      "p" : "0.4255",
      "s" : "buy",
      "i" : "REDUSD-PERP",
      "m" : "4611686018427420392"
    }, {
      "d" : "1756447137684878905",
      "t" : 1756447137684,
      "tn" : 1756447137684878905,
      "q" : "233",
      "p" : "0.4290",
      "s" : "sell",
      "i" : "REDUSD-PERP",
      "m" : "4611686018427420391"
    }, {
      "d" : "1756447137682933547",
      "t" : 1756447137682,
      "tn" : 1756447137682933547,
      "q" : "115",
      "p" : "0.4290",
      "s" : "sell",
      "i" : "REDUSD-PERP",
      "m" : "4611686018427420390"
    }, {
      "d" : "1756447137681717866",
      "t" : 1756447137681,
      "tn" : 1756447137681717866,
      "q" : "348",
      "p" : "0.4290",
      "s" : "sell",
      "i" : "REDUSD-PERP",
      "m" : "4611686018427420389"
    }, {
      "d" : "1756447137673758719",
      "t" : 1756447137673,
      "tn" : 1756447137673758719,
      "q" : "116",
      "p" : "0.4306",
      "s" : "sell",
      "i" : "REDUSD-PERP",
      "m" : "4611686018427420388"
    }, {
      "d" : "1756447137673757319",
      "t" : 1756447137673,
      "tn" : 1756447137673757319,
      "q" : "116",
      "p" : "0.4307",
      "s" : "sell",
      "i" : "REDUSD-PERP",
      "m" : "4611686018427420387"
    }, {
      "d" : "1756447137673754680",
      "t" : 1756447137673,
      "tn" : 1756447137673754680,
      "q" : "116",
      "p" : "0.4308",
      "s" : "sell",
      "i" : "REDUSD-PERP",
      "m" : "4611686018427420386"
    }, {
      "d" : "1756447137673752378",
      "t" : 1756447137673,
      "tn" : 1756447137673752378,
      "q" : "116",
      "p" : "0.4309",
      "s" : "sell",
      "i" : "REDUSD-PERP",
      "m" : "4611686018427420385"
    }, {
      "d" : "1756447137673749879",
      "t" : 1756447137673,
      "tn" : 1756447137673749879,
      "q" : "1",
      "p" : "0.4311",
      "s" : "sell",
      "i" : "REDUSD-PERP",
      "m" : "4611686018427420384"
    }, {
      "d" : "1756447137673747256",
      "t" : 1756447137673,
      "tn" : 1756447137673747256,
      "q" : "1",
      "p" : "0.4314",
      "s" : "sell",
      "i" : "REDUSD-PERP",
      "m" : "4611686018427420383"
    }, {
      "d" : "1756438988099889605",
      "t" : 1756438988099,
      "tn" : 1756438988099889605,
      "q" : "2",
      "p" : "0.4241",
      "s" : "buy",
      "i" : "REDUSD-PERP",
      "m" : "4611686018427420382"
    }, {
      "d" : "1756438988099887546",
      "t" : 1756438988099,
      "tn" : 1756438988099887545,
      "q" : "1",
      "p" : "0.4237",
      "s" : "buy",
      "i" : "REDUSD-PERP",
      "m" : "4611686018427420381"
    }, {
      "d" : "1756438988099887545",
      "t" : 1756438988099,
      "tn" : 1756438988099887545,
      "q" : "235",
      "p" : "0.4237",
      "s" : "buy",
      "i" : "REDUSD-PERP",
      "m" : "4611686018427420381"
    }, {
      "d" : "1756438988099883852",
      "t" : 1756438988099,
      "tn" : 1756438988099883852,
      "q" : "1",
      "p" : "0.4236",
      "s" : "buy",
      "i" : "REDUSD-PERP",
      "m" : "4611686018427420380"
    }, {
      "d" : "1756438968074862011",
      "t" : 1756438968074,
      "tn" : 1756438968074862011,
      "q" : "236",
      "p" : "0.4236",
      "s" : "buy",
      "i" : "REDUSD-PERP",
      "m" : "4611686018427420379"
    }, {
      "d" : "1756438968068127415",
      "t" : 1756438968068,
      "tn" : 1756438968068127415,
      "q" : "118",
      "p" : "0.4235",
      "s" : "buy",
      "i" : "REDUSD-PERP",
      "m" : "4611686018427420378"
    }, {
      "d" : "1756438968068124953",
      "t" : 1756438968068,
      "tn" : 1756438968068124953,
      "q" : "118",
      "p" : "0.4234",
      "s" : "buy",
      "i" : "REDUSD-PERP",
      "m" : "4611686018427420377"
    }, {
      "d" : "1756438968068122699",
      "t" : 1756438968068,
      "tn" : 1756438968068122699,
      "q" : "118",
      "p" : "0.4233",
      "s" : "buy",
      "i" : "REDUSD-PERP",
      "m" : "4611686018427420376"
    }, {
      "d" : "1756438968068120693",
      "t" : 1756438968068,
      "tn" : 1756438968068120693,
      "q" : "118",
      "p" : "0.4232",
      "s" : "buy",
      "i" : "REDUSD-PERP",
      "m" : "4611686018427420375"
    }, {
      "d" : "1756438968068118204",
      "t" : 1756438968068,
      "tn" : 1756438968068118204,
      "q" : "1",
      "p" : "0.4229",
      "s" : "buy",
      "i" : "REDUSD-PERP",
      "m" : "4611686018427420374"
    }, {
      "d" : "1756438968068115850",
      "t" : 1756438968068,
      "tn" : 1756438968068115849,
      "q" : "1",
      "p" : "0.4228",
      "s" : "buy",
      "i" : "REDUSD-PERP",
      "m" : "4611686018427420373"
    }, {
      "d" : "1756438968068115849",
      "t" : 1756438968068,
      "tn" : 1756438968068115849,
      "q" : "236",
      "p" : "0.4228",
      "s" : "buy",
      "i" : "REDUSD-PERP",
      "m" : "4611686018427420373"
    }, {
      "d" : "1756438845652691794",
      "t" : 1756438845652,
      "tn" : 1756438845652691794,
      "q" : "118",
      "p" : "0.4223",
      "s" : "sell",
      "i" : "REDUSD-PERP",
      "m" : "4611686018427420372"
    }, {
      "d" : "1756438845652689686",
      "t" : 1756438845652,
      "tn" : 1756438845652689686,
      "q" : "118",
      "p" : "0.4224",
      "s" : "sell",
      "i" : "REDUSD-PERP",
      "m" : "4611686018427420371"
    }, {
      "d" : "1756438845652687132",
      "t" : 1756438845652,
      "tn" : 1756438845652687132,
      "q" : "1",
      "p" : "0.4225",
      "s" : "sell",
      "i" : "REDUSD-PERP",
      "m" : "4611686018427420370"
    }, {
      "d" : "1756438845652684398",
      "t" : 1756438845652,
      "tn" : 1756438845652684398,
      "q" : "1",
      "p" : "0.4228",
      "s" : "sell",
      "i" : "REDUSD-PERP",
      "m" : "4611686018427420369"
    }, {
      "d" : "1756438734593774440",
      "t" : 1756438734593,
      "tn" : 1756438734593774440,
      "q" : "1",
      "p" : "0.4236",
      "s" : "sell",
      "i" : "REDUSD-PERP",
      "m" : "4611686018427420368"
    }, {
      "d" : "1756438734593771885",
      "t" : 1756438734593,
      "tn" : 1756438734593771885,
      "q" : "1",
      "p" : "0.4239",
      "s" : "sell",
      "i" : "REDUSD-PERP",
      "m" : "4611686018427420367"
    }, {
      "d" : "1756436974854716835",
      "t" : 1756436974854,
      "tn" : 1756436974854716833,
      "q" : "1",
      "p" : "0.4194",
      "s" : "buy",
      "i" : "REDUSD-PERP",
      "m" : "4611686018427420366"
    }, {
      "d" : "1756436974854716834",
      "t" : 1756436974854,
      "tn" : 1756436974854716833,
      "q" : "1137",
      "p" : "0.4194",
      "s" : "buy",
      "i" : "REDUSD-PERP",
      "m" : "4611686018427420366"
    }, {
      "d" : "1756436974854716833",
      "t" : 1756436974854,
      "tn" : 1756436974854716833,
      "q" : "1",
      "p" : "0.4194",
      "s" : "buy",
      "i" : "REDUSD-PERP",
      "m" : "4611686018427420366"
    }, {
      "d" : "1756436970626981461",
      "t" : 1756436970626,
      "tn" : 1756436970626981461,
      "q" : "1137",
      "p" : "0.4207",
      "s" : "sell",
      "i" : "REDUSD-PERP",
      "m" : "4611686018427420365"
    }, {
      "d" : "1756436970596084556",
      "t" : 1756436970596,
      "tn" : 1756436970596084556,
      "q" : "237",
      "p" : "0.4214",
      "s" : "sell",
      "i" : "REDUSD-PERP",
      "m" : "4611686018427420364"
    }, {
      "d" : "1756436970596082815",
      "t" : 1756436970596,
      "tn" : 1756436970596082815,
      "q" : "118",
      "p" : "0.4225",
      "s" : "sell",
      "i" : "REDUSD-PERP",
      "m" : "4611686018427420363"
    }, {
      "d" : "1756436970596080994",
      "t" : 1756436970596,
      "tn" : 1756436970596080994,
      "q" : "118",
      "p" : "0.4227",
      "s" : "sell",
      "i" : "REDUSD-PERP",
      "m" : "4611686018427420362"
    }, {
      "d" : "1756436970596078344",
      "t" : 1756436970596,
      "tn" : 1756436970596078344,
      "q" : "118",
      "p" : "0.4228",
      "s" : "sell",
      "i" : "REDUSD-PERP",
      "m" : "4611686018427420361"
    }, {
      "d" : "1756436970596075952",
      "t" : 1756436970596,
      "tn" : 1756436970596075951,
      "q" : "1",
      "p" : "0.4229",
      "s" : "sell",
      "i" : "REDUSD-PERP",
      "m" : "4611686018427420360"
    }, {
      "d" : "1756436970596075951",
      "t" : 1756436970596,
      "tn" : 1756436970596075951,
      "q" : "118",
      "p" : "0.4229",
      "s" : "sell",
      "i" : "REDUSD-PERP",
      "m" : "4611686018427420360"
    }, {
      "d" : "1756436970596072774",
      "t" : 1756436970596,
      "tn" : 1756436970596072774,
      "q" : "1",
      "p" : "0.4232",
      "s" : "sell",
      "i" : "REDUSD-PERP",
      "m" : "4611686018427420359"
    }, {
      "d" : "1756436327558869732",
      "t" : 1756436327558,
      "tn" : 1756436327558869730,
      "q" : "1",
      "p" : "0.4219",
      "s" : "buy",
      "i" : "REDUSD-PERP",
      "m" : "4611686018427420358"
    }, {
      "d" : "1756436327558869731",
      "t" : 1756436327558,
      "tn" : 1756436327558869730,
      "q" : "235",
      "p" : "0.4219",
      "s" : "buy",
      "i" : "REDUSD-PERP",
      "m" : "4611686018427420358"
    }, {
      "d" : "1756436327558869730",
      "t" : 1756436327558,
      "tn" : 1756436327558869730,
      "q" : "1",
      "p" : "0.4219",
      "s" : "buy",
      "i" : "REDUSD-PERP",
      "m" : "4611686018427420358"
    }, {
      "d" : "1756436327551329551",
      "t" : 1756436327551,
      "tn" : 1756436327551329551,
      "q" : "237",
      "p" : "0.4196",
      "s" : "buy",
      "i" : "REDUSD-PERP",
      "m" : "4611686018427420357"
    }, {
      "d" : "1756436217522935635",
      "t" : 1756436217522,
      "tn" : 1756436217522935635,
      "q" : "72",
      "p" : "0.4172",
      "s" : "buy",
      "i" : "REDUSD-PERP",
      "m" : "4611686018427420356"
    }, {
      "d" : "1756436217522934198",
      "t" : 1756436217522,
      "tn" : 1756436217522934198,
      "q" : "119",
      "p" : "0.4171",
      "s" : "buy",
      "i" : "REDUSD-PERP",
      "m" : "4611686018427420355"
    }, {
      "d" : "1756436217522932395",
      "t" : 1756436217522,
      "tn" : 1756436217522932395,
      "q" : "119",
      "p" : "0.4170",
      "s" : "buy",
      "i" : "REDUSD-PERP",
      "m" : "4611686018427420354"
    }, {
      "d" : "1756436217522928657",
      "t" : 1756436217522,
      "tn" : 1756436217522928657,
      "q" : "236",
      "p" : "0.4167",
      "s" : "buy",
      "i" : "REDUSD-PERP",
      "m" : "4611686018427420353"
    }, {
      "d" : "1756436217522926278",
      "t" : 1756436217522,
      "tn" : 1756436217522926278,
      "q" : "1",
      "p" : "0.4166",
      "s" : "buy",
      "i" : "REDUSD-PERP",
      "m" : "4611686018427420352"
    }, {
      "d" : "1756436217522922721",
      "t" : 1756436217522,
      "tn" : 1756436217522922721,
      "q" : "1",
      "p" : "0.4165",
      "s" : "buy",
      "i" : "REDUSD-PERP",
      "m" : "4611686018427420351"
    }, {
      "d" : "1756434065727547875",
      "t" : 1756434065727,
      "tn" : 1756434065727547875,
      "q" : "1",
      "p" : "0.4154",
      "s" : "sell",
      "i" : "REDUSD-PERP",
      "m" : "4611686018427420350"
    }, {
      "d" : "1756432271325836917",
      "t" : 1756432271325,
      "tn" : 1756432271325836917,
      "q" : "235",
      "p" : "0.4224",
      "s" : "buy",
      "i" : "REDUSD-PERP",
      "m" : "4611686018427420349"
    }, {
      "d" : "1756432271324697807",
      "t" : 1756432271324,
      "tn" : 1756432271324697807,
      "q" : "237",
      "p" : "0.4217",
      "s" : "buy",
      "i" : "REDUSD-PERP",
      "m" : "4611686018427420348"
    }, {
      "d" : "1756432271324695172",
      "t" : 1756432271324,
      "tn" : 1756432271324695172,
      "q" : "1",
      "p" : "0.4216",
      "s" : "buy",
      "i" : "REDUSD-PERP",
      "m" : "4611686018427420347"
    }, {
      "d" : "1756432039954684600",
      "t" : 1756432039954,
      "tn" : 1756432039954684599,
      "q" : "235",
      "p" : "0.4237",
      "s" : "buy",
      "i" : "REDUSD-PERP",
      "m" : "4611686018427420346"
    }, {
      "d" : "1756432039954684599",
      "t" : 1756432039954,
      "tn" : 1756432039954684599,
      "q" : "1",
      "p" : "0.4237",
      "s" : "buy",
      "i" : "REDUSD-PERP",
      "m" : "4611686018427420346"
    }, {
      "d" : "1756432039954681462",
      "t" : 1756432039954,
      "tn" : 1756432039954681462,
      "q" : "1",
      "p" : "0.4236",
      "s" : "buy",
      "i" : "REDUSD-PERP",
      "m" : "4611686018427420345"
    }, {
      "d" : "1756432026932790590",
      "t" : 1756432026932,
      "tn" : 1756432026932790590,
      "q" : "235",
      "p" : "0.4241",
      "s" : "buy",
      "i" : "REDUSD-PERP",
      "m" : "4611686018427420344"
    }, {
      "d" : "1756432026928963972",
      "t" : 1756432026928,
      "tn" : 1756432026928963972,
      "q" : "1",
      "p" : "0.4233",
      "s" : "buy",
      "i" : "REDUSD-PERP",
      "m" : "4611686018427420343"
    }, {
      "d" : "1756432013992019658",
      "t" : 1756432013992,
      "tn" : 1756432013992019658,
      "q" : "236",
      "p" : "0.4217",
      "s" : "buy",
      "i" : "REDUSD-PERP",
      "m" : "4611686018427420342"
    }, {
      "d" : "1756432013986755706",
      "t" : 1756432013986,
      "tn" : 1756432013986755706,
      "q" : "1",
      "p" : "0.4204",
      "s" : "buy",
      "i" : "REDUSD-PERP",
      "m" : "4611686018427420341"
    }, {
      "d" : "1756432000527319255",
      "t" : 1756432000527,
      "tn" : 1756432000527319255,
      "q" : "1",
      "p" : "0.4187",
      "s" : "buy",
      "i" : "REDUSD-PERP",
      "m" : "4611686018427420340"
    }, {
      "d" : "1756431901693708829",
      "t" : 1756431901693,
      "tn" : 1756431901693708829,
      "q" : "237",
      "p" : "0.4179",
      "s" : "buy",
      "i" : "REDUSD-PERP",
      "m" : "4611686018427420339"
    }, {
      "d" : "1756431901693707463",
      "t" : 1756431901693,
      "tn" : 1756431901693707463,
      "q" : "1",
      "p" : "0.4173",
      "s" : "buy",
      "i" : "REDUSD-PERP",
      "m" : "4611686018427420338"
    }, {
      "d" : "1756431885546240695",
      "t" : 1756431885546,
      "tn" : 1756431885546240695,
      "q" : "120",
      "p" : "0.4166",
      "s" : "buy",
      "i" : "REDUSD-PERP",
      "m" : "4611686018427420337"
    }, {
      "d" : "1756431885546238515",
      "t" : 1756431885546,
      "tn" : 1756431885546238515,
      "q" : "240",
      "p" : "0.4162",
      "s" : "buy",
      "i" : "REDUSD-PERP",
      "m" : "4611686018427420336"
    }, {
      "d" : "1756431885546236135",
      "t" : 1756431885546,
      "tn" : 1756431885546236135,
      "q" : "1",
      "p" : "0.4161",
      "s" : "buy",
      "i" : "REDUSD-PERP",
      "m" : "4611686018427420335"
    }, {
      "d" : "1756431885546233946",
      "t" : 1756431885546,
      "tn" : 1756431885546233946,
      "q" : "1",
      "p" : "0.4160",
      "s" : "buy",
      "i" : "REDUSD-PERP",
      "m" : "4611686018427420334"
    }, {
      "d" : "1756401865959062752",
      "t" : 1756401865959,
      "tn" : 1756401865959062752,
      "q" : "116",
      "p" : "0.4206",
      "s" : "sell",
      "i" : "REDUSD-PERP",
      "m" : "4611686018427420333"
    }, {
      "d" : "1756401865959062245",
      "t" : 1756401865959,
      "tn" : 1756401865959062245,
      "q" : "118",
      "p" : "0.4209",
      "s" : "sell",
      "i" : "REDUSD-PERP",
      "m" : "4611686018427420332"
    }, {
      "d" : "1756401865959058279",
      "t" : 1756401865959,
      "tn" : 1756401865959058279,
      "q" : "118",
      "p" : "0.4210",
      "s" : "sell",
      "i" : "REDUSD-PERP",
      "m" : "4611686018427420331"
    }, {
      "d" : "1756401865959055186",
      "t" : 1756401865959,
      "tn" : 1756401865959055186,
      "q" : "118",
      "p" : "0.4211",
      "s" : "sell",
      "i" : "REDUSD-PERP",
      "m" : "4611686018427420330"
    }, {
      "d" : "1756401865959052878",
      "t" : 1756401865959,
      "tn" : 1756401865959052878,
      "q" : "1",
      "p" : "0.4214",
      "s" : "sell",
      "i" : "REDUSD-PERP",
      "m" : "4611686018427420329"
    }, {
      "d" : "1756401865959050388",
      "t" : 1756401865959,
      "tn" : 1756401865959050388,
      "q" : "1",
      "p" : "0.4217",
      "s" : "sell",
      "i" : "REDUSD-PERP",
      "m" : "4611686018427420328"
    }, {
      "d" : "1756394719266088670",
      "t" : 1756394719266,
      "tn" : 1756394719266088670,
      "q" : "233",
      "p" : "0.4263",
      "s" : "buy",
      "i" : "REDUSD-PERP",
      "m" : "4611686018427420327"
    }, {
      "d" : "1756394719266086861",
      "t" : 1756394719266,
      "tn" : 1756394719266086861,
      "q" : "1",
      "p" : "0.4262",
      "s" : "buy",
      "i" : "REDUSD-PERP",
      "m" : "4611686018427420326"
    }, {
      "d" : "1756394719266084067",
      "t" : 1756394719266,
      "tn" : 1756394719266084067,
      "q" : "1",
      "p" : "0.4261",
      "s" : "buy",
      "i" : "REDUSD-PERP",
      "m" : "4611686018427420325"
    }, {
      "d" : "1756394210072076547",
      "t" : 1756394210072,
      "tn" : 1756394210072076546,
      "q" : "1",
      "p" : "0.4294",
      "s" : "buy",
      "i" : "REDUSD-PERP",
      "m" : "4611686018427420324"
    }, {
      "d" : "1756394210072076546",
      "t" : 1756394210072,
      "tn" : 1756394210072076546,
      "q" : "1",
      "p" : "0.4294",
      "s" : "buy",
      "i" : "REDUSD-PERP",
      "m" : "4611686018427420324"
    }, {
      "d" : "1756393896037125073",
      "t" : 1756393896037,
      "tn" : 1756393896037125073,
      "q" : "233",
      "p" : "0.4276",
      "s" : "buy",
      "i" : "REDUSD-PERP",
      "m" : "4611686018427420323"
    }, {
      "d" : "1756393896037122816",
      "t" : 1756393896037,
      "tn" : 1756393896037122816,
      "q" : "1",
      "p" : "0.4273",
      "s" : "buy",
      "i" : "REDUSD-PERP",
      "m" : "4611686018427420322"
    }, {
      "d" : "1756393896037120914",
      "t" : 1756393896037,
      "tn" : 1756393896037120914,
      "q" : "1",
      "p" : "0.4272",
      "s" : "buy",
      "i" : "REDUSD-PERP",
      "m" : "4611686018427420321"
    }, {
      "d" : "1756390613885356101",
      "t" : 1756390613885,
      "tn" : 1756390613885356101,
      "q" : "230",
      "p" : "0.4310",
      "s" : "sell",
      "i" : "REDUSD-PERP",
      "m" : "4611686018427420320"
    }, {
      "d" : "1756390613874992984",
      "t" : 1756390613874,
      "tn" : 1756390613874992984,
      "q" : "234",
      "p" : "0.4322",
      "s" : "sell",
      "i" : "REDUSD-PERP",
      "m" : "4611686018427420319"
    }, {
      "d" : "1756390613874991425",
      "t" : 1756390613874,
      "tn" : 1756390613874991425,
      "q" : "231",
      "p" : "0.4327",
      "s" : "sell",
      "i" : "REDUSD-PERP",
      "m" : "4611686018427420318"
    }, {
      "d" : "1756390613874989571",
      "t" : 1756390613874,
      "tn" : 1756390613874989571,
      "q" : "115",
      "p" : "0.4334",
      "s" : "sell",
      "i" : "REDUSD-PERP",
      "m" : "4611686018427420317"
    }, {
      "d" : "1756390613874987567",
      "t" : 1756390613874,
      "tn" : 1756390613874987567,
      "q" : "115",
      "p" : "0.4335",
      "s" : "sell",
      "i" : "REDUSD-PERP",
      "m" : "4611686018427420316"
    }, {
      "d" : "1756390613874985576",
      "t" : 1756390613874,
      "tn" : 1756390613874985576,
      "q" : "115",
      "p" : "0.4336",
      "s" : "sell",
      "i" : "REDUSD-PERP",
      "m" : "4611686018427420315"
    }, {
      "d" : "1756390613874983093",
      "t" : 1756390613874,
      "tn" : 1756390613874983093,
      "q" : "115",
      "p" : "0.4337",
      "s" : "sell",
      "i" : "REDUSD-PERP",
      "m" : "4611686018427420314"
    }, {
      "d" : "1756390613874980205",
      "t" : 1756390613874,
      "tn" : 1756390613874980205,
      "q" : "1",
      "p" : "0.4342",
      "s" : "sell",
      "i" : "REDUSD-PERP",
      "m" : "4611686018427420313"
    }, {
      "d" : "1756390613874978573",
      "t" : 1756390613874,
      "tn" : 1756390613874978573,
      "q" : "1",
      "p" : "0.4345",
      "s" : "sell",
      "i" : "REDUSD-PERP",
      "m" : "4611686018427420312"
    }, {
      "d" : "1756390564226069191",
      "t" : 1756390564226,
      "tn" : 1756390564226069191,
      "q" : "231",
      "p" : "0.4324",
      "s" : "buy",
      "i" : "REDUSD-PERP",
      "m" : "4611686018427420311"
    }, {
      "d" : "1756390564226067360",
      "t" : 1756390564226,
      "tn" : 1756390564226067360,
      "q" : "1",
      "p" : "0.4321",
      "s" : "buy",
      "i" : "REDUSD-PERP",
      "m" : "4611686018427420310"
    }, {
      "d" : "1756390564226064631",
      "t" : 1756390564226,
      "tn" : 1756390564226064631,
      "q" : "1",
      "p" : "0.4320",
      "s" : "buy",
      "i" : "REDUSD-PERP",
      "m" : "4611686018427420309"
    }, {
      "d" : "1756390263094940559",
      "t" : 1756390263094,
      "tn" : 1756390263094940559,
      "q" : "1",
      "p" : "0.4297",
      "s" : "sell",
      "i" : "REDUSD-PERP",
      "m" : "4611686018427420308"
    }, {
      "d" : "1756390263091997843",
      "t" : 1756390263091,
      "tn" : 1756390263091997843,
      "q" : "116",
      "p" : "0.4299",
      "s" : "sell",
      "i" : "REDUSD-PERP",
      "m" : "4611686018427420307"
    }, {
      "d" : "1756390263091995858",
      "t" : 1756390263091,
      "tn" : 1756390263091995857,
      "q" : "116",
      "p" : "0.4300",
      "s" : "sell",
      "i" : "REDUSD-PERP",
      "m" : "4611686018427420306"
    }, {
      "d" : "1756390263091995857",
      "t" : 1756390263091,
      "tn" : 1756390263091995857,
      "q" : "1",
      "p" : "0.4300",
      "s" : "sell",
      "i" : "REDUSD-PERP",
      "m" : "4611686018427420306"
    }, {
      "d" : "1756390000689065557",
      "t" : 1756390000689,
      "tn" : 1756390000689065557,
      "q" : "103",
      "p" : "0.4321",
      "s" : "buy",
      "i" : "REDUSD-PERP",
      "m" : "4611686018427420305"
    }, {
      "d" : "1756390000689063973",
      "t" : 1756390000689,
      "tn" : 1756390000689063973,
      "q" : "1",
      "p" : "0.4319",
      "s" : "buy",
      "i" : "REDUSD-PERP",
      "m" : "4611686018427420304"
    }, {
      "d" : "1756390000689061756",
      "t" : 1756390000689,
      "tn" : 1756390000689061756,
      "q" : "1",
      "p" : "0.4318",
      "s" : "buy",
      "i" : "REDUSD-PERP",
      "m" : "4611686018427420303"
    }, {
      "d" : "1756389766769975401",
      "t" : 1756389766769,
      "tn" : 1756389766769975401,
      "q" : "1",
      "p" : "0.4281",
      "s" : "sell",
      "i" : "REDUSD-PERP",
      "m" : "4611686018427420302"
    }, {
      "d" : "1756389630470885749",
      "t" : 1756389630470,
      "tn" : 1756389630470885749,
      "q" : "232",
      "p" : "0.4278",
      "s" : "buy",
      "i" : "REDUSD-PERP",
      "m" : "4611686018427420301"
    }, {
      "d" : "1756389630470884019",
      "t" : 1756389630470,
      "tn" : 1756389630470884019,
      "q" : "1",
      "p" : "0.4277",
      "s" : "buy",
      "i" : "REDUSD-PERP",
      "m" : "4611686018427420300"
    }, {
      "d" : "1756389630423542556",
      "t" : 1756389630423,
      "tn" : 1756389630423542556,
      "q" : "233",
      "p" : "0.4267",
      "s" : "buy",
      "i" : "REDUSD-PERP",
      "m" : "4611686018427420299"
    }, {
      "d" : "1756389630422069412",
      "t" : 1756389630422,
      "tn" : 1756389630422069412,
      "q" : "1",
      "p" : "0.4255",
      "s" : "buy",
      "i" : "REDUSD-PERP",
      "m" : "4611686018427420298"
    }, {
      "d" : "1756389602564033669",
      "t" : 1756389602564,
      "tn" : 1756389602564033669,
      "q" : "117",
      "p" : "0.4265",
      "s" : "buy",
      "i" : "REDUSD-PERP",
      "m" : "4611686018427420297"
    }, {
      "d" : "1756389602564031626",
      "t" : 1756389602564,
      "tn" : 1756389602564031625,
      "q" : "233",
      "p" : "0.4264",
      "s" : "buy",
      "i" : "REDUSD-PERP",
      "m" : "4611686018427420296"
    }, {
      "d" : "1756389602564031625",
      "t" : 1756389602564,
      "tn" : 1756389602564031625,
      "q" : "117",
      "p" : "0.4264",
      "s" : "buy",
      "i" : "REDUSD-PERP",
      "m" : "4611686018427420296"
    }, {
      "d" : "1756389602564028200",
      "t" : 1756389602564,
      "tn" : 1756389602564028200,
      "q" : "117",
      "p" : "0.4263",
      "s" : "buy",
      "i" : "REDUSD-PERP",
      "m" : "4611686018427420295"
    }, {
      "d" : "1756389602564026331",
      "t" : 1756389602564,
      "tn" : 1756389602564026331,
      "q" : "234",
      "p" : "0.4259",
      "s" : "buy",
      "i" : "REDUSD-PERP",
      "m" : "4611686018427420294"
    }, {
      "d" : "1756389602564023825",
      "t" : 1756389602564,
      "tn" : 1756389602564023825,
      "q" : "1",
      "p" : "0.4251",
      "s" : "buy",
      "i" : "REDUSD-PERP",
      "m" : "4611686018427420293"
    }, {
      "d" : "1756389602564021756",
      "t" : 1756389602564,
      "tn" : 1756389602564021756,
      "q" : "1",
      "p" : "0.4250",
      "s" : "buy",
      "i" : "REDUSD-PERP",
      "m" : "4611686018427420292"
    }, {
      "d" : "1756389301738709565",
      "t" : 1756389301738,
      "tn" : 1756389301738709565,
      "q" : "1",
      "p" : "0.4204",
      "s" : "buy",
      "i" : "REDUSD-PERP",
      "m" : "4611686018427420291"
    }, {
      "d" : "1756389301738069793",
      "t" : 1756389301738,
      "tn" : 1756389301738069793,
      "q" : "1",
      "p" : "0.4203",
      "s" : "buy",
      "i" : "REDUSD-PERP",
      "m" : "4611686018427420290"
    }, {
      "d" : "1756389301737178776",
      "t" : 1756389301737,
      "tn" : 1756389301737178776,
      "q" : "1",
      "p" : "0.4190",
      "s" : "buy",
      "i" : "REDUSD-PERP",
      "m" : "4611686018427420289"
    } ]
  }
}