{
  "id" : -1,
  "method" : "public/get-trades",
  "code" : 0,
  "result" : {
    "data" : [ {
      "d" : "1756458176801118921",
      "t" : 1756458176801,
      "tn" : 1756458176801118921,
      "q" : "2.00",
      "p" : "3.4499",
      "s" : "sell",
      "i" : "RENDER_USD",
      "m" : "4611686018427915292"
    }, {
      "d" : "1756457377955055788",
      "t" : 1756457377955,
      "tn" : 1756457377955055788,
      "q" : "57.00",
      "p" : "3.4758",
      "s" : "sell",
      "i" : "RENDER_USD",
      "m" : "4611686018427915291"
    }, {
      "d" : "1756457377954311012",
      "t" : 1756457377954,
      "tn" : 1756457377954311012,
      "q" : "123.39",
      "p" : "3.4800",
      "s" : "sell",
      "i" : "RENDER_USD",
      "m" : "4611686018427915290"
    }, {
      "d" : "1756457356436746492",
      "t" : 1756457356436,
      "tn" : 1756457356436746492,
      "q" : "57.00",
      "p" : "3.4800",
      "s" : "sell",
      "i" : "RENDER_USD",
      "m" : "4611686018427915289"
    }, {
      "d" : "1756457286936861803",
      "t" : 1756457286936,
      "tn" : 1756457286936861802,
      "q" : "106.96",
      "p" : "3.4800",
      "s" : "sell",
      "i" : "RENDER_USD",
      "m" : "4611686018427915288"
    }, {
      "d" : "1756457286936861802",
      "t" : 1756457286936,
      "tn" : 1756457286936861802,
      "q" : "38.13",
      "p" : "3.4800",
      "s" : "sell",
      "i" : "RENDER_USD",
      "m" : "4611686018427915288"
    }, {
      "d" : "1756457286632540423",
      "t" : 1756457286632,
      "tn" : 1756457286632540423,
      "q" : "13.00",
      "p" : "3.4800",
      "s" : "sell",
      "i" : "RENDER_USD",
      "m" : "4611686018427915287"
    }, {
      "d" : "1756457236334085382",
      "t" : 1756457236334,
      "tn" : 1756457236334085382,
      "q" : "192.49",
      "p" : "3.4800",
      "s" : "sell",
      "i" : "RENDER_USD",
      "m" : "4611686018427915286"
    }, {
      "d" : "1756457229196239272",
      "t" : 1756457229196,
      "tn" : 1756457229196239272,
      "q" : "203.46",
      "p" : "3.4800",
      "s" : "sell",
      "i" : "RENDER_USD",
      "m" : "4611686018427915285"
    }, {
      "d" : "1756457225274215871",
      "t" : 1756457225274,
      "tn" : 1756457225274215871,
      "q" : "15.53",
      "p" : "3.4800",
      "s" : "sell",
      "i" : "RENDER_USD",
      "m" : "4611686018427915284"
    }, {
      "d" : "1756457225272206687",
      "t" : 1756457225272,
      "tn" : 1756457225272206687,
      "q" : "70.24",
      "p" : "3.4800",
      "s" : "sell",
      "i" : "RENDER_USD",
      "m" : "4611686018427915283"
    }, {
      "d" : "1756457225271875913",
      "t" : 1756457225271,
      "tn" : 1756457225271875913,
      "q" : "1.72",
      "p" : "3.4806",
      "s" : "sell",
      "i" : "RENDER_USD",
      "m" : "4611686018427915282"
    }, {
      "d" : "1756456740636920030",
      "t" : 1756456740636,
      "tn" : 1756456740636920030,
      "q" : "4.97",
      "p" : "3.4825",
      "s" : "sell",
      "i" : "RENDER_USD",
      "m" : "4611686018427915281"
    }, {
      "d" : "1756456564130509268",
      "t" : 1756456564130,
      "tn" : 1756456564130509268,
      "q" : "278.46",
      "p" : "3.4892",
      "s" : "sell",
      "i" : "RENDER_USD",
      "m" : "4611686018427915280"
    }, {
      "d" : "1756456564125864353",
      "t" : 1756456564125,
      "tn" : 1756456564125864353,
      "q" : "331.37",
      "p" : "3.4892",
      "s" : "sell",
      "i" : "RENDER_USD",
      "m" : "4611686018427915279"
    }, {
      "d" : "1756456563128576797",
      "t" : 1756456563128,
      "tn" : 1756456563128576797,
      "q" : "57.00",
      "p" : "3.4892",
      "s" : "sell",
      "i" : "RENDER_USD",
      "m" : "4611686018427915278"
    }, {
      "d" : "1756456561629167013",
      "t" : 1756456561629,
      "tn" : 1756456561629167013,
      "q" : "57.00",
      "p" : "3.4892",
      "s" : "sell",
      "i" : "RENDER_USD",
      "m" : "4611686018427915277"
    }, {
      "d" : "1756456561626641398",
      "t" : 1756456561626,
      "tn" : 1756456561626641398,
      "q" : "103.78",
      "p" : "3.4892",
      "s" : "sell",
      "i" : "RENDER_USD",
      "m" : "4611686018427915276"
    }, {
      "d" : "1756456561286453248",
      "t" : 1756456561286,
      "tn" : 1756456561286453248,
      "q" : "13.75",
      "p" : "3.4893",
      "s" : "sell",
      "i" : "RENDER_USD",
      "m" : "4611686018427915275"
    }, {
      "d" : "1756456561283596359",
      "t" : 1756456561283,
      "tn" : 1756456561283596359,
      "q" : "37.62",
      "p" : "3.4893",
      "s" : "sell",
      "i" : "RENDER_USD",
      "m" : "4611686018427915274"
    }, {
      "d" : "1756456561278622550",
      "t" : 1756456561278,
      "tn" : 1756456561278622550,
      "q" : "8.61",
      "p" : "3.4893",
      "s" : "sell",
      "i" : "RENDER_USD",
      "m" : "4611686018427915273"
    }, {
      "d" : "1756456561276467028",
      "t" : 1756456561276,
      "tn" : 1756456561276467028,
      "q" : "8.61",
      "p" : "3.4893",
      "s" : "sell",
      "i" : "RENDER_USD",
      "m" : "4611686018427915272"
    }, {
      "d" : "1756455670233159312",
      "t" : 1756455670233,
      "tn" : 1756455670233159312,
      "q" : "1.72",
      "p" : "3.4883",
      "s" : "sell",
      "i" : "RENDER_USD",
      "m" : "4611686018427915271"
    }, {
      "d" : "1756455066702283384",
      "t" : 1756455066702,
      "tn" : 1756455066702283384,
      "q" : "1.71",
      "p" : "3.4963",
      "s" : "sell",
      "i" : "RENDER_USD",
      "m" : "4611686018427915270"
    }, {
      "d" : "1756455045615243621",
      "t" : 1756455045615,
      "tn" : 1756455045615243621,
      "q" : "5.50",
      "p" : "3.5000",
      "s" : "sell",
      "i" : "RENDER_USD",
      "m" : "4611686018427915269"
    }, {
      "d" : "1756454973983984675",
      "t" : 1756454973983,
      "tn" : 1756454973983984675,
      "q" : "7.13",
      "p" : "3.5030",
      "s" : "sell",
      "i" : "RENDER_USD",
      "m" : "4611686018427915268"
    }, {
      "d" : "1756453047370822452",
      "t" : 1756453047370,
      "tn" : 1756453047370822452,
      "q" : "1.69",
      "p" : "3.5136",
      "s" : "sell",
      "i" : "RENDER_USD",
      "m" : "4611686018427915267"
    }, {
      "d" : "1756452870134896059",
      "t" : 1756452870134,
      "tn" : 1756452870134896059,
      "q" : "1.70",
      "p" : "3.5221",
      "s" : "sell",
      "i" : "RENDER_USD",
      "m" : "4611686018427915266"
    }, {
      "d" : "1756452758107720525",
      "t" : 1756452758107,
      "tn" : 1756452758107720525,
      "q" : "1.69",
      "p" : "3.5309",
      "s" : "buy",
      "i" : "RENDER_USD",
      "m" : "4611686018427915265"
    }, {
      "d" : "1756452687451394569",
      "t" : 1756452687451,
      "tn" : 1756452687451394569,
      "q" : "1.70",
      "p" : "3.5216",
      "s" : "buy",
      "i" : "RENDER_USD",
      "m" : "4611686018427915264"
    }, {
      "d" : "1756452556348768070",
      "t" : 1756452556348,
      "tn" : 1756452556348768070,
      "q" : "1.00",
      "p" : "3.5201",
      "s" : "buy",
      "i" : "RENDER_USD",
      "m" : "4611686018427915263"
    }, {
      "d" : "1756452404502144313",
      "t" : 1756452404502,
      "tn" : 1756452404502144313,
      "q" : "21.36",
      "p" : "3.5100",
      "s" : "sell",
      "i" : "RENDER_USD",
      "m" : "4611686018427915262"
    }, {
      "d" : "1756452404247711726",
      "t" : 1756452404247,
      "tn" : 1756452404247711726,
      "q" : "1.70",
      "p" : "3.5108",
      "s" : "sell",
      "i" : "RENDER_USD",
      "m" : "4611686018427915261"
    }, {
      "d" : "1756452379660006396",
      "t" : 1756452379660,
      "tn" : 1756452379660006396,
      "q" : "1.70",
      "p" : "3.5144",
      "s" : "sell",
      "i" : "RENDER_USD",
      "m" : "4611686018427915260"
    }, {
      "d" : "1756452237681276669",
      "t" : 1756452237681,
      "tn" : 1756452237681276669,
      "q" : "1.70",
      "p" : "3.5218",
      "s" : "sell",
      "i" : "RENDER_USD",
      "m" : "4611686018427915259"
    }, {
      "d" : "1756451697002381809",
      "t" : 1756451697002,
      "tn" : 1756451697002381809,
      "q" : "40.00",
      "p" : "3.5244",
      "s" : "sell",
      "i" : "RENDER_USD",
      "m" : "4611686018427915258"
    }, {
      "d" : "1756451693332841733",
      "t" : 1756451693332,
      "tn" : 1756451693332841733,
      "q" : "1.69",
      "p" : "3.5307",
      "s" : "sell",
      "i" : "RENDER_USD",
      "m" : "4611686018427915257"
    }, {
      "d" : "1756451659718753048",
      "t" : 1756451659718,
      "tn" : 1756451659718753048,
      "q" : "7.06",
      "p" : "3.5361",
      "s" : "sell",
      "i" : "RENDER_USD",
      "m" : "4611686018427915256"
    }, {
      "d" : "1756451647417817286",
      "t" : 1756451647417,
      "tn" : 1756451647417817286,
      "q" : "1.69",
      "p" : "3.5415",
      "s" : "sell",
      "i" : "RENDER_USD",
      "m" : "4611686018427915255"
    }, {
      "d" : "1756451572885464632",
      "t" : 1756451572885,
      "tn" : 1756451572885464632,
      "q" : "41.88",
      "p" : "3.5417",
      "s" : "sell",
      "i" : "RENDER_USD",
      "m" : "4611686018427915254"
    }, {
      "d" : "1756451553721075613",
      "t" : 1756451553721,
      "tn" : 1756451553721075613,
      "q" : "1.69",
      "p" : "3.5494",
      "s" : "sell",
      "i" : "RENDER_USD",
      "m" : "4611686018427915253"
    }, {
      "d" : "1756451277075882351",
      "t" : 1756451277075,
      "tn" : 1756451277075882351,
      "q" : "1.68",
      "p" : "3.5586",
      "s" : "sell",
      "i" : "RENDER_USD",
      "m" : "4611686018427915252"
    }, {
      "d" : "1756451234056996723",
      "t" : 1756451234056,
      "tn" : 1756451234056996723,
      "q" : "1.68",
      "p" : "3.5677",
      "s" : "sell",
      "i" : "RENDER_USD",
      "m" : "4611686018427915251"
    }, {
      "d" : "1756451049179483647",
      "t" : 1756451049179,
      "tn" : 1756451049179483647,
      "q" : "1.67",
      "p" : "3.5783",
      "s" : "buy",
      "i" : "RENDER_USD",
      "m" : "4611686018427915250"
    }, {
      "d" : "1756450964778501008",
      "t" : 1756450964778,
      "tn" : 1756450964778501008,
      "q" : "1.68",
      "p" : "3.5694",
      "s" : "sell",
      "i" : "RENDER_USD",
      "m" : "4611686018427915249"
    }, {
      "d" : "1756450929877093240",
      "t" : 1756450929877,
      "tn" : 1756450929877093240,
      "q" : "1.67",
      "p" : "3.5793",
      "s" : "sell",
      "i" : "RENDER_USD",
      "m" : "4611686018427915248"
    }, {
      "d" : "1756450890029015699",
      "t" : 1756450890029,
      "tn" : 1756450890029015699,
      "q" : "1.67",
      "p" : "3.5893",
      "s" : "sell",
      "i" : "RENDER_USD",
      "m" : "4611686018427915247"
    }, {
      "d" : "1756450063690012357",
      "t" : 1756450063690,
      "tn" : 1756450063690012357,
      "q" : "1.66",
      "p" : "3.5983",
      "s" : "buy",
      "i" : "RENDER_USD",
      "m" : "4611686018427915246"
    }, {
      "d" : "1756449791007222913",
      "t" : 1756449791007,
      "tn" : 1756449791007222913,
      "q" : "35.47",
      "p" : "3.5973",
      "s" : "buy",
      "i" : "RENDER_USD",
      "m" : "4611686018427915245"
    }, {
      "d" : "1756449791007221220",
      "t" : 1756449791007,
      "tn" : 1756449791007221220,
      "q" : "68.59",
      "p" : "3.5953",
      "s" : "buy",
      "i" : "RENDER_USD",
      "m" : "4611686018427915244"
    }, {
      "d" : "1756449791007218856",
      "t" : 1756449791007,
      "tn" : 1756449791007218856,
      "q" : "10.55",
      "p" : "3.5952",
      "s" : "buy",
      "i" : "RENDER_USD",
      "m" : "4611686018427915243"
    }, {
      "d" : "1756449604700992078",
      "t" : 1756449604700,
      "tn" : 1756449604700992078,
      "q" : "4.17",
      "p" : "3.5870",
      "s" : "sell",
      "i" : "RENDER_USD",
      "m" : "4611686018427915242"
    }, {
      "d" : "1756449604699070614",
      "t" : 1756449604699,
      "tn" : 1756449604699070614,
      "q" : "2.79",
      "p" : "3.5870",
      "s" : "sell",
      "i" : "RENDER_USD",
      "m" : "4611686018427915241"
    }, {
      "d" : "1756449172922385258",
      "t" : 1756449172922,
      "tn" : 1756449172922385258,
      "q" : "4.00",
      "p" : "3.5881",
      "s" : "sell",
      "i" : "RENDER_USD",
      "m" : "4611686018427915240"
    }, {
      "d" : "1756448265567512899",
      "t" : 1756448265567,
      "tn" : 1756448265567512899,
      "q" : "1.67",
      "p" : "3.5921",
      "s" : "sell",
      "i" : "RENDER_USD",
      "m" : "4611686018427915239"
    }, {
      "d" : "1756448168393903823",
      "t" : 1756448168393,
      "tn" : 1756448168393903823,
      "q" : "1.66",
      "p" : "3.5994",
      "s" : "sell",
      "i" : "RENDER_USD",
      "m" : "4611686018427915238"
    }, {
      "d" : "1756447849166145620",
      "t" : 1756447849166,
      "tn" : 1756447849166145620,
      "q" : "1.66",
      "p" : "3.6079",
      "s" : "sell",
      "i" : "RENDER_USD",
      "m" : "4611686018427915237"
    }, {
      "d" : "1756447683886249014",
      "t" : 1756447683886,
      "tn" : 1756447683886249014,
      "q" : "1.65",
      "p" : "3.6146",
      "s" : "sell",
      "i" : "RENDER_USD",
      "m" : "4611686018427915236"
    }, {
      "d" : "1756446913960204307",
      "t" : 1756446913960,
      "tn" : 1756446913960204307,
      "q" : "1.65",
      "p" : "3.6209",
      "s" : "sell",
      "i" : "RENDER_USD",
      "m" : "4611686018427915235"
    }, {
      "d" : "1756446476256240024",
      "t" : 1756446476256,
      "tn" : 1756446476256240024,
      "q" : "1.65",
      "p" : "3.6270",
      "s" : "buy",
      "i" : "RENDER_USD",
      "m" : "4611686018427915234"
    }, {
      "d" : "1756446405390821702",
      "t" : 1756446405390,
      "tn" : 1756446405390821702,
      "q" : "1.65",
      "p" : "3.6183",
      "s" : "buy",
      "i" : "RENDER_USD",
      "m" : "4611686018427915233"
    }, {
      "d" : "1756445319178830567",
      "t" : 1756445319178,
      "tn" : 1756445319178830567,
      "q" : "1.66",
      "p" : "3.6134",
      "s" : "sell",
      "i" : "RENDER_USD",
      "m" : "4611686018427915232"
    }, {
      "d" : "1756444657572363103",
      "t" : 1756444657572,
      "tn" : 1756444657572363103,
      "q" : "1.65",
      "p" : "3.6197",
      "s" : "sell",
      "i" : "RENDER_USD",
      "m" : "4611686018427915231"
    }, {
      "d" : "1756443925555302388",
      "t" : 1756443925555,
      "tn" : 1756443925555302388,
      "q" : "1.65",
      "p" : "3.6277",
      "s" : "sell",
      "i" : "RENDER_USD",
      "m" : "4611686018427915230"
    }, {
      "d" : "1756443896127282871",
      "t" : 1756443896127,
      "tn" : 1756443896127282871,
      "q" : "38.97",
      "p" : "3.6285",
      "s" : "sell",
      "i" : "RENDER_USD",
      "m" : "4611686018427915229"
    }, {
      "d" : "1756443880052049464",
      "t" : 1756443880052,
      "tn" : 1756443880052049464,
      "q" : "55.05",
      "p" : "3.6290",
      "s" : "sell",
      "i" : "RENDER_USD",
      "m" : "4611686018427915228"
    }, {
      "d" : "1756443792407424604",
      "t" : 1756443792407,
      "tn" : 1756443792407424604,
      "q" : "1.65",
      "p" : "3.6344",
      "s" : "buy",
      "i" : "RENDER_USD",
      "m" : "4611686018427915227"
    }, {
      "d" : "1756443404242645216",
      "t" : 1756443404242,
      "tn" : 1756443404242645216,
      "q" : "1.65",
      "p" : "3.6287",
      "s" : "sell",
      "i" : "RENDER_USD",
      "m" : "4611686018427915226"
    }, {
      "d" : "1756443388595389171",
      "t" : 1756443388595,
      "tn" : 1756443388595389171,
      "q" : "10.44",
      "p" : "3.6296",
      "s" : "sell",
      "i" : "RENDER_USD",
      "m" : "4611686018427915225"
    }, {
      "d" : "1756443195773777306",
      "t" : 1756443195773,
      "tn" : 1756443195773777306,
      "q" : "1.64",
      "p" : "3.6368",
      "s" : "sell",
      "i" : "RENDER_USD",
      "m" : "4611686018427915224"
    }, {
      "d" : "1756443182595829472",
      "t" : 1756443182595,
      "tn" : 1756443182595829472,
      "q" : "48.66",
      "p" : "3.6367",
      "s" : "sell",
      "i" : "RENDER_USD",
      "m" : "4611686018427915223"
    }, {
      "d" : "1756443158256391496",
      "t" : 1756443158256,
      "tn" : 1756443158256391496,
      "q" : "68.59",
      "p" : "3.6392",
      "s" : "sell",
      "i" : "RENDER_USD",
      "m" : "4611686018427915222"
    }, {
      "d" : "1756443093027886762",
      "t" : 1756443093027,
      "tn" : 1756443093027886762,
      "q" : "54.86",
      "p" : "3.6420",
      "s" : "sell",
      "i" : "RENDER_USD",
      "m" : "4611686018427915221"
    }, {
      "d" : "1756443093027884891",
      "t" : 1756443093027,
      "tn" : 1756443093027884891,
      "q" : "10.40",
      "p" : "3.6421",
      "s" : "sell",
      "i" : "RENDER_USD",
      "m" : "4611686018427915220"
    }, {
      "d" : "1756443075918141350",
      "t" : 1756443075918,
      "tn" : 1756443075918141350,
      "q" : "54.84",
      "p" : "3.6434",
      "s" : "sell",
      "i" : "RENDER_USD",
      "m" : "4611686018427915219"
    }, {
      "d" : "1756443072176103374",
      "t" : 1756443072176,
      "tn" : 1756443072176103374,
      "q" : "54.82",
      "p" : "3.6443",
      "s" : "sell",
      "i" : "RENDER_USD",
      "m" : "4611686018427915218"
    }, {
      "d" : "1756442338540602263",
      "t" : 1756442338540,
      "tn" : 1756442338540602263,
      "q" : "1.64",
      "p" : "3.6433",
      "s" : "buy",
      "i" : "RENDER_USD",
      "m" : "4611686018427915217"
    }, {
      "d" : "1756442209846107484",
      "t" : 1756442209846,
      "tn" : 1756442209846107484,
      "q" : "1.64",
      "p" : "3.6383",
      "s" : "sell",
      "i" : "RENDER_USD",
      "m" : "4611686018427915216"
    }, {
      "d" : "1756441880943212570",
      "t" : 1756441880943,
      "tn" : 1756441880943212570,
      "q" : "48.65",
      "p" : "3.6441",
      "s" : "sell",
      "i" : "RENDER_USD",
      "m" : "4611686018427915215"
    }, {
      "d" : "1756441844200381157",
      "t" : 1756441844200,
      "tn" : 1756441844200381157,
      "q" : "1.64",
      "p" : "3.6452",
      "s" : "sell",
      "i" : "RENDER_USD",
      "m" : "4611686018427915214"
    }, {
      "d" : "1756441816143957813",
      "t" : 1756441816143,
      "tn" : 1756441816143957813,
      "q" : "48.23",
      "p" : "3.6460",
      "s" : "sell",
      "i" : "RENDER_USD",
      "m" : "4611686018427915213"
    }, {
      "d" : "1756441693758898667",
      "t" : 1756441693758,
      "tn" : 1756441693758898667,
      "q" : "1.64",
      "p" : "3.6513",
      "s" : "buy",
      "i" : "RENDER_USD",
      "m" : "4611686018427915212"
    }, {
      "d" : "1756441426076233216",
      "t" : 1756441426076,
      "tn" : 1756441426076233216,
      "q" : "1.64",
      "p" : "3.6435",
      "s" : "buy",
      "i" : "RENDER_USD",
      "m" : "4611686018427915211"
    }, {
      "d" : "1756441155345279062",
      "t" : 1756441155345,
      "tn" : 1756441155345279062,
      "q" : "1.64",
      "p" : "3.6371",
      "s" : "buy",
      "i" : "RENDER_USD",
      "m" : "4611686018427915210"
    }, {
      "d" : "1756441132584217450",
      "t" : 1756441132584,
      "tn" : 1756441132584217450,
      "q" : "3.19",
      "p" : "3.6415",
      "s" : "buy",
      "i" : "RENDER_USD",
      "m" : "4611686018427915209"
    }, {
      "d" : "1756441132584216059",
      "t" : 1756441132584,
      "tn" : 1756441132584216059,
      "q" : "10.42",
      "p" : "3.6414",
      "s" : "buy",
      "i" : "RENDER_USD",
      "m" : "4611686018427915208"
    }, {
      "d" : "1756441132549998140",
      "t" : 1756441132549,
      "tn" : 1756441132549998140,
      "q" : "58.61",
      "p" : "3.6415",
      "s" : "buy",
      "i" : "RENDER_USD",
      "m" : "4611686018427915207"
    }, {
      "d" : "1756441132549996086",
      "t" : 1756441132549,
      "tn" : 1756441132549996086,
      "q" : "10.42",
      "p" : "3.6404",
      "s" : "buy",
      "i" : "RENDER_USD",
      "m" : "4611686018427915206"
    }, {
      "d" : "1756441132216311582",
      "t" : 1756441132216,
      "tn" : 1756441132216311582,
      "q" : "1.37",
      "p" : "3.6324",
      "s" : "buy",
      "i" : "RENDER_USD",
      "m" : "4611686018427915205"
    }, {
      "d" : "1756441132097258609",
      "t" : 1756441132097,
      "tn" : 1756441132097258609,
      "q" : "6.88",
      "p" : "3.6324",
      "s" : "buy",
      "i" : "RENDER_USD",
      "m" : "4611686018427915204"
    }, {
      "d" : "1756441132088494502",
      "t" : 1756441132088,
      "tn" : 1756441132088494502,
      "q" : "24.78",
      "p" : "3.6324",
      "s" : "buy",
      "i" : "RENDER_USD",
      "m" : "4611686018427915203"
    }, {
      "d" : "1756441132067774647",
      "t" : 1756441132067,
      "tn" : 1756441132067774647,
      "q" : "24.78",
      "p" : "3.6324",
      "s" : "buy",
      "i" : "RENDER_USD",
      "m" : "4611686018427915202"
    }, {
      "d" : "1756441132066162858",
      "t" : 1756441132066,
      "tn" : 1756441132066162858,
      "q" : "24.78",
      "p" : "3.6324",
      "s" : "buy",
      "i" : "RENDER_USD",
      "m" : "4611686018427915201"
    }, {
      "d" : "1756441132054284813",
      "t" : 1756441132054,
      "tn" : 1756441132054284813,
      "q" : "33.03",
      "p" : "3.6324",
      "s" : "buy",
      "i" : "RENDER_USD",
      "m" : "4611686018427915200"
    }, {
      "d" : "1756441132050071895",
      "t" : 1756441132050,
      "tn" : 1756441132050071895,
      "q" : "24.78",
      "p" : "3.6324",
      "s" : "buy",
      "i" : "RENDER_USD",
      "m" : "4611686018427915199"
    }, {
      "d" : "1756441132050047067",
      "t" : 1756441132050,
      "tn" : 1756441132050047067,
      "q" : "24.78",
      "p" : "3.6324",
      "s" : "buy",
      "i" : "RENDER_USD",
      "m" : "4611686018427915198"
    }, {
      "d" : "1756440751750992979",
      "t" : 1756440751750,
      "tn" : 1756440751750992979,
      "q" : "17.24",
      "p" : "3.6264",
      "s" : "buy",
      "i" : "RENDER_USD",
      "m" : "4611686018427915197"
    }, {
      "d" : "1756440739873228054",
      "t" : 1756440739873,
      "tn" : 1756440739873228054,
      "q" : "1.69",
      "p" : "3.6264",
      "s" : "buy",
      "i" : "RENDER_USD",
      "m" : "4611686018427915196"
    }, {
      "d" : "1756440493345836138",
      "t" : 1756440493345,
      "tn" : 1756440493345836138,
      "q" : "1.65",
      "p" : "3.6302",
      "s" : "sell",
      "i" : "RENDER_USD",
      "m" : "4611686018427915195"
    }, {
      "d" : "1756439970620898346",
      "t" : 1756439970620,
      "tn" : 1756439970620898346,
      "q" : "1.64",
      "p" : "3.6371",
      "s" : "sell",
      "i" : "RENDER_USD",
      "m" : "4611686018427915194"
    }, {
      "d" : "1756439315859363688",
      "t" : 1756439315859,
      "tn" : 1756439315859363688,
      "q" : "1.64",
      "p" : "3.6422",
      "s" : "buy",
      "i" : "RENDER_USD",
      "m" : "4611686018427915193"
    }, {
      "d" : "1756438699320629569",
      "t" : 1756438699320,
      "tn" : 1756438699320629569,
      "q" : "1.65",
      "p" : "3.6352",
      "s" : "buy",
      "i" : "RENDER_USD",
      "m" : "4611686018427915192"
    }, {
      "d" : "1756438312208871144",
      "t" : 1756438312208,
      "tn" : 1756438312208871144,
      "q" : "1.65",
      "p" : "3.6275",
      "s" : "sell",
      "i" : "RENDER_USD",
      "m" : "4611686018427915191"
    }, {
      "d" : "1756437707504025035",
      "t" : 1756437707504,
      "tn" : 1756437707504025035,
      "q" : "1.65",
      "p" : "3.6339",
      "s" : "buy",
      "i" : "RENDER_USD",
      "m" : "4611686018427915190"
    }, {
      "d" : "1756436887815138597",
      "t" : 1756436887815,
      "tn" : 1756436887815138597,
      "q" : "1.65",
      "p" : "3.6287",
      "s" : "buy",
      "i" : "RENDER_USD",
      "m" : "4611686018427915189"
    }, {
      "d" : "1756436744361707638",
      "t" : 1756436744361,
      "tn" : 1756436744361707638,
      "q" : "1.65",
      "p" : "3.6230",
      "s" : "sell",
      "i" : "RENDER_USD",
      "m" : "4611686018427915188"
    }, {
      "d" : "1756436658525798993",
      "t" : 1756436658525,
      "tn" : 1756436658525798993,
      "q" : "1.65",
      "p" : "3.6299",
      "s" : "sell",
      "i" : "RENDER_USD",
      "m" : "4611686018427915187"
    }, {
      "d" : "1756436415371062912",
      "t" : 1756436415371,
      "tn" : 1756436415371062912,
      "q" : "1.65",
      "p" : "3.6358",
      "s" : "sell",
      "i" : "RENDER_USD",
      "m" : "4611686018427915186"
    }, {
      "d" : "1756435868898078740",
      "t" : 1756435868898,
      "tn" : 1756435868898078740,
      "q" : "1.64",
      "p" : "3.6415",
      "s" : "buy",
      "i" : "RENDER_USD",
      "m" : "4611686018427915185"
    }, {
      "d" : "1756434737610320540",
      "t" : 1756434737610,
      "tn" : 1756434737610320540,
      "q" : "1.65",
      "p" : "3.6359",
      "s" : "sell",
      "i" : "RENDER_USD",
      "m" : "4611686018427915184"
    }, {
      "d" : "1756434681200265222",
      "t" : 1756434681200,
      "tn" : 1756434681200265222,
      "q" : "1.64",
      "p" : "3.6414",
      "s" : "sell",
      "i" : "RENDER_USD",
      "m" : "4611686018427915183"
    }, {
      "d" : "1756434552401087105",
      "t" : 1756434552401,
      "tn" : 1756434552401087105,
      "q" : "1.64",
      "p" : "3.6472",
      "s" : "sell",
      "i" : "RENDER_USD",
      "m" : "4611686018427915182"
    }, {
      "d" : "1756434383622208524",
      "t" : 1756434383622,
      "tn" : 1756434383622208524,
      "q" : "1.64",
      "p" : "3.6545",
      "s" : "sell",
      "i" : "RENDER_USD",
      "m" : "4611686018427915181"
    }, {
      "d" : "1756434256316541586",
      "t" : 1756434256316,
      "tn" : 1756434256316541586,
      "q" : "1.64",
      "p" : "3.6604",
      "s" : "buy",
      "i" : "RENDER_USD",
      "m" : "4611686018427915180"
    }, {
      "d" : "1756434189536734977",
      "t" : 1756434189536,
      "tn" : 1756434189536734977,
      "q" : "1.64",
      "p" : "3.6525",
      "s" : "buy",
      "i" : "RENDER_USD",
      "m" : "4611686018427915179"
    }, {
      "d" : "1756434151361743358",
      "t" : 1756434151361,
      "tn" : 1756434151361743358,
      "q" : "1.64",
      "p" : "3.6462",
      "s" : "buy",
      "i" : "RENDER_USD",
      "m" : "4611686018427915178"
    }, {
      "d" : "1756434006491147889",
      "t" : 1756434006491,
      "tn" : 1756434006491147889,
      "q" : "1.64",
      "p" : "3.6378",
      "s" : "buy",
      "i" : "RENDER_USD",
      "m" : "4611686018427915177"
    }, {
      "d" : "1756433882759819190",
      "t" : 1756433882759,
      "tn" : 1756433882759819190,
      "q" : "1.65",
      "p" : "3.6308",
      "s" : "sell",
      "i" : "RENDER_USD",
      "m" : "4611686018427915176"
    }, {
      "d" : "1756433647736746323",
      "t" : 1756433647736,
      "tn" : 1756433647736746323,
      "q" : "1.64",
      "p" : "3.6371",
      "s" : "buy",
      "i" : "RENDER_USD",
      "m" : "4611686018427915175"
    }, {
      "d" : "1756433551566949317",
      "t" : 1756433551566,
      "tn" : 1756433551566949317,
      "q" : "1.65",
      "p" : "3.6294",
      "s" : "buy",
      "i" : "RENDER_USD",
      "m" : "4611686018427915174"
    }, {
      "d" : "1756433085220879315",
      "t" : 1756433085220,
      "tn" : 1756433085220879315,
      "q" : "1.65",
      "p" : "3.6237",
      "s" : "buy",
      "i" : "RENDER_USD",
      "m" : "4611686018427915173"
    }, {
      "d" : "1756432869382685269",
      "t" : 1756432869382,
      "tn" : 1756432869382685269,
      "q" : "1.65",
      "p" : "3.6158",
      "s" : "sell",
      "i" : "RENDER_USD",
      "m" : "4611686018427915172"
    }, {
      "d" : "1756432333556152801",
      "t" : 1756432333556,
      "tn" : 1756432333556152801,
      "q" : "1.65",
      "p" : "3.6204",
      "s" : "sell",
      "i" : "RENDER_USD",
      "m" : "4611686018427915171"
    }, {
      "d" : "1756431984593451085",
      "t" : 1756431984593,
      "tn" : 1756431984593451085,
      "q" : "1.65",
      "p" : "3.6259",
      "s" : "sell",
      "i" : "RENDER_USD",
      "m" : "4611686018427915170"
    }, {
      "d" : "1756431749431031983",
      "t" : 1756431749431,
      "tn" : 1756431749431031983,
      "q" : "1.65",
      "p" : "3.6341",
      "s" : "buy",
      "i" : "RENDER_USD",
      "m" : "4611686018427915169"
    }, {
      "d" : "1756431637411433313",
      "t" : 1756431637411,
      "tn" : 1756431637411433313,
      "q" : "1.65",
      "p" : "3.6270",
      "s" : "buy",
      "i" : "RENDER_USD",
      "m" : "4611686018427915168"
    }, {
      "d" : "1756431224326592911",
      "t" : 1756431224326,
      "tn" : 1756431224326592911,
      "q" : "1.65",
      "p" : "3.6207",
      "s" : "sell",
      "i" : "RENDER_USD",
      "m" : "4611686018427915167"
    }, {
      "d" : "1756431130351727369",
      "t" : 1756431130351,
      "tn" : 1756431130351727369,
      "q" : "1.65",
      "p" : "3.6260",
      "s" : "buy",
      "i" : "RENDER_USD",
      "m" : "4611686018427915166"
    }, {
      "d" : "1756430515551016244",
      "t" : 1756430515551,
      "tn" : 1756430515551016244,
      "q" : "1.65",
      "p" : "3.6186",
      "s" : "sell",
      "i" : "RENDER_USD",
      "m" : "4611686018427915165"
    }, {
      "d" : "1756430389656597239",
      "t" : 1756430389656,
      "tn" : 1756430389656597239,
      "q" : "1.65",
      "p" : "3.6257",
      "s" : "sell",
      "i" : "RENDER_USD",
      "m" : "4611686018427915164"
    }, {
      "d" : "1756430246405727564",
      "t" : 1756430246405,
      "tn" : 1756430246405727564,
      "q" : "1.65",
      "p" : "3.6333",
      "s" : "sell",
      "i" : "RENDER_USD",
      "m" : "4611686018427915163"
    }, {
      "d" : "1756429934213380129",
      "t" : 1756429934213,
      "tn" : 1756429934213380129,
      "q" : "1.64",
      "p" : "3.6415",
      "s" : "sell",
      "i" : "RENDER_USD",
      "m" : "4611686018427915162"
    }, {
      "d" : "1756429561160580521",
      "t" : 1756429561160,
      "tn" : 1756429561160580521,
      "q" : "1.64",
      "p" : "3.6492",
      "s" : "sell",
      "i" : "RENDER_USD",
      "m" : "4611686018427915161"
    }, {
      "d" : "1756429418815968052",
      "t" : 1756429418815,
      "tn" : 1756429418815968052,
      "q" : "1.64",
      "p" : "3.6572",
      "s" : "sell",
      "i" : "RENDER_USD",
      "m" : "4611686018427915160"
    }, {
      "d" : "1756429286803746163",
      "t" : 1756429286803,
      "tn" : 1756429286803746163,
      "q" : "1.63",
      "p" : "3.6658",
      "s" : "buy",
      "i" : "RENDER_USD",
      "m" : "4611686018427915159"
    }, {
      "d" : "1756428919312256744",
      "t" : 1756428919312,
      "tn" : 1756428919312256744,
      "q" : "1.62",
      "p" : "3.6623",
      "s" : "sell",
      "i" : "RENDER_USD",
      "m" : "4611686018427915158"
    }, {
      "d" : "1756426541603021835",
      "t" : 1756426541603,
      "tn" : 1756426541603021835,
      "q" : "1.62",
      "p" : "3.6907",
      "s" : "buy",
      "i" : "RENDER_USD",
      "m" : "4611686018427915157"
    }, {
      "d" : "1756426174772528527",
      "t" : 1756426174772,
      "tn" : 1756426174772528527,
      "q" : "1.63",
      "p" : "3.6758",
      "s" : "sell",
      "i" : "RENDER_USD",
      "m" : "4611686018427915156"
    }, {
      "d" : "1756425689105094098",
      "t" : 1756425689105,
      "tn" : 1756425689105094098,
      "q" : "1.63",
      "p" : "3.6813",
      "s" : "buy",
      "i" : "RENDER_USD",
      "m" : "4611686018427915155"
    }, {
      "d" : "1756425615125307486",
      "t" : 1756425615125,
      "tn" : 1756425615125307486,
      "q" : "54.01",
      "p" : "3.6670",
      "s" : "buy",
      "i" : "RENDER_USD",
      "m" : "4611686018427915154"
    }, {
      "d" : "1756425615124222493",
      "t" : 1756425615124,
      "tn" : 1756425615124222493,
      "q" : "98.14",
      "p" : "3.6672",
      "s" : "buy",
      "i" : "RENDER_USD",
      "m" : "4611686018427915153"
    }, {
      "d" : "1756425615124051904",
      "t" : 1756425615124,
      "tn" : 1756425615124051904,
      "q" : "1.63",
      "p" : "3.6668",
      "s" : "buy",
      "i" : "RENDER_USD",
      "m" : "4611686018427915152"
    }, {
      "d" : "1756425162091966019",
      "t" : 1756425162091,
      "tn" : 1756425162091966019,
      "q" : "1.63",
      "p" : "3.6609",
      "s" : "sell",
      "i" : "RENDER_USD",
      "m" : "4611686018427915151"
    }, {
      "d" : "1756424351101958724",
      "t" : 1756424351101,
      "tn" : 1756424351101958724,
      "q" : "1.63",
      "p" : "3.6668",
      "s" : "buy",
      "i" : "RENDER_USD",
      "m" : "4611686018427915150"
    }, {
      "d" : "1756423290303091968",
      "t" : 1756423290303,
      "tn" : 1756423290303091968,
      "q" : "1.63",
      "p" : "3.6594",
      "s" : "sell",
      "i" : "RENDER_USD",
      "m" : "4611686018427915149"
    }, {
      "d" : "1756423033704759877",
      "t" : 1756423033704,
      "tn" : 1756423033704759877,
      "q" : "1.63",
      "p" : "3.6656",
      "s" : "buy",
      "i" : "RENDER_USD",
      "m" : "4611686018427915148"
    }, {
      "d" : "1756422761218023859",
      "t" : 1756422761218,
      "tn" : 1756422761218023859,
      "q" : "1.64",
      "p" : "3.6583",
      "s" : "sell",
      "i" : "RENDER_USD",
      "m" : "4611686018427915147"
    }, {
      "d" : "1756420622986964060",
      "t" : 1756420622986,
      "tn" : 1756420622986964060,
      "q" : "1.63",
      "p" : "3.6644",
      "s" : "sell",
      "i" : "RENDER_USD",
      "m" : "4611686018427915146"
    }, {
      "d" : "1756420336432766594",
      "t" : 1756420336432,
      "tn" : 1756420336432766594,
      "q" : "1.63",
      "p" : "3.6736",
      "s" : "buy",
      "i" : "RENDER_USD",
      "m" : "4611686018427915145"
    }, {
      "d" : "1756420266678141918",
      "t" : 1756420266678,
      "tn" : 1756420266678141918,
      "q" : "6.95",
      "p" : "3.6709",
      "s" : "buy",
      "i" : "RENDER_USD",
      "m" : "4611686018427915144"
    } ]
  }
}