{
  "id" : -1,
  "method" : "public/get-trades",
  "code" : 0,
  "result" : {
    "data" : [ {
      "d" : "1756460952685103483",
      "t" : 1756460952685,
      "tn" : 1756460952685103483,
      "q" : "1",
      "p" : "3.4890",
      "s" : "buy",
      "i" : "RENDERUSD-PERP",
      "m" : "4611686018427649067"
    }, {
      "d" : "1756460167230129639",
      "t" : 1756460167230,
      "tn" : 1756460167230129639,
      "q" : "1",
      "p" : "3.4689",
      "s" : "buy",
      "i" : "RENDERUSD-PERP",
      "m" : "4611686018427649066"
    }, {
      "d" : "1756459647511788333",
      "t" : 1756459647511,
      "tn" : 1756459647511788333,
      "q" : "1",
      "p" : "3.4766",
      "s" : "buy",
      "i" : "RENDERUSD-PERP",
      "m" : "4611686018427649065"
    }, {
      "d" : "1756458177784345476",
      "t" : 1756458177784,
      "tn" : 1756458177784345476,
      "q" : "1",
      "p" : "3.4414",
      "s" : "buy",
      "i" : "RENDERUSD-PERP",
      "m" : "4611686018427649064"
    }, {
      "d" : "1756457829310198358",
      "t" : 1756457829310,
      "tn" : 1756457829310198358,
      "q" : "1",
      "p" : "3.4611",
      "s" : "buy",
      "i" : "RENDERUSD-PERP",
      "m" : "4611686018427649063"
    }, {
      "d" : "1756457618202772720",
      "t" : 1756457618202,
      "tn" : 1756457618202772720,
      "q" : "508",
      "p" : "3.4679",
      "s" : "sell",
      "i" : "RENDERUSD-PERP",
      "m" : "4611686018427649062"
    }, {
      "d" : "1756457618202770424",
      "t" : 1756457618202,
      "tn" : 1756457618202770424,
      "q" : "57",
      "p" : "3.4684",
      "s" : "sell",
      "i" : "RENDERUSD-PERP",
      "m" : "4611686018427649061"
    }, {
      "d" : "1756457618202766971",
      "t" : 1756457618202,
      "tn" : 1756457618202766971,
      "q" : "1",
      "p" : "3.4692",
      "s" : "sell",
      "i" : "RENDERUSD-PERP",
      "m" : "4611686018427649060"
    }, {
      "d" : "1756457618202763724",
      "t" : 1756457618202,
      "tn" : 1756457618202763724,
      "q" : "1",
      "p" : "3.4693",
      "s" : "sell",
      "i" : "RENDERUSD-PERP",
      "m" : "4611686018427649059"
    }, {
      "d" : "1756457377953965340",
      "t" : 1756457377953,
      "tn" : 1756457377953965339,
      "q" : "53",
      "p" : "3.4742",
      "s" : "sell",
      "i" : "RENDERUSD-PERP",
      "m" : "4611686018427649058"
    }, {
      "d" : "1756457377953965339",
      "t" : 1756457377953,
      "tn" : 1756457377953965339,
      "q" : "57",
      "p" : "3.4742",
      "s" : "sell",
      "i" : "RENDERUSD-PERP",
      "m" : "4611686018427649058"
    }, {
      "d" : "1756457356435535140",
      "t" : 1756457356435,
      "tn" : 1756457356435535140,
      "q" : "57",
      "p" : "3.4768",
      "s" : "sell",
      "i" : "RENDERUSD-PERP",
      "m" : "4611686018427649057"
    }, {
      "d" : "1756457286631472314",
      "t" : 1756457286631,
      "tn" : 1756457286631472314,
      "q" : "13",
      "p" : "3.4762",
      "s" : "sell",
      "i" : "RENDERUSD-PERP",
      "m" : "4611686018427649056"
    }, {
      "d" : "1756456563127532872",
      "t" : 1756456563127,
      "tn" : 1756456563127532872,
      "q" : "57",
      "p" : "3.4860",
      "s" : "sell",
      "i" : "RENDERUSD-PERP",
      "m" : "4611686018427649055"
    }, {
      "d" : "1756456561628245017",
      "t" : 1756456561628,
      "tn" : 1756456561628245017,
      "q" : "57",
      "p" : "3.4860",
      "s" : "sell",
      "i" : "RENDERUSD-PERP",
      "m" : "4611686018427649054"
    }, {
      "d" : "1756455850746333122",
      "t" : 1756455850746,
      "tn" : 1756455850746333122,
      "q" : "1",
      "p" : "3.4901",
      "s" : "buy",
      "i" : "RENDERUSD-PERP",
      "m" : "4611686018427649053"
    }, {
      "d" : "1756455839418753331",
      "t" : 1756455839418,
      "tn" : 1756455839418753331,
      "q" : "1",
      "p" : "3.4889",
      "s" : "buy",
      "i" : "RENDERUSD-PERP",
      "m" : "4611686018427649052"
    }, {
      "d" : "1756455700709514176",
      "t" : 1756455700709,
      "tn" : 1756455700709514176,
      "q" : "57",
      "p" : "3.4864",
      "s" : "sell",
      "i" : "RENDERUSD-PERP",
      "m" : "4611686018427649051"
    }, {
      "d" : "1756455421212025496",
      "t" : 1756455421212,
      "tn" : 1756455421212025496,
      "q" : "57",
      "p" : "3.4968",
      "s" : "sell",
      "i" : "RENDERUSD-PERP",
      "m" : "4611686018427649050"
    }, {
      "d" : "1756454831135591094",
      "t" : 1756454831135,
      "tn" : 1756454831135591094,
      "q" : "41",
      "p" : "3.5096",
      "s" : "sell",
      "i" : "RENDERUSD-PERP",
      "m" : "4611686018427649049"
    }, {
      "d" : "1756454831135546135",
      "t" : 1756454831135,
      "tn" : 1756454831135546135,
      "q" : "15",
      "p" : "3.5096",
      "s" : "sell",
      "i" : "RENDERUSD-PERP",
      "m" : "4611686018427649048"
    }, {
      "d" : "1756454831135427397",
      "t" : 1756454831135,
      "tn" : 1756454831135427397,
      "q" : "1",
      "p" : "3.5101",
      "s" : "sell",
      "i" : "RENDERUSD-PERP",
      "m" : "4611686018427649047"
    }, {
      "d" : "1756454831135425510",
      "t" : 1756454831135,
      "tn" : 1756454831135425510,
      "q" : "1",
      "p" : "3.5104",
      "s" : "sell",
      "i" : "RENDERUSD-PERP",
      "m" : "4611686018427649046"
    }, {
      "d" : "1756454041024449576",
      "t" : 1756454041024,
      "tn" : 1756454041024449576,
      "q" : "1",
      "p" : "3.5159",
      "s" : "buy",
      "i" : "RENDERUSD-PERP",
      "m" : "4611686018427649045"
    }, {
      "d" : "1756454005783144668",
      "t" : 1756454005783,
      "tn" : 1756454005783144668,
      "q" : "1",
      "p" : "3.5167",
      "s" : "buy",
      "i" : "RENDERUSD-PERP",
      "m" : "4611686018427649044"
    }, {
      "d" : "1756452870074927669",
      "t" : 1756452870074,
      "tn" : 1756452870074927669,
      "q" : "72",
      "p" : "3.5183",
      "s" : "sell",
      "i" : "RENDERUSD-PERP",
      "m" : "4611686018427649043"
    }, {
      "d" : "1756452870074926124",
      "t" : 1756452870074,
      "tn" : 1756452870074926124,
      "q" : "103",
      "p" : "3.5184",
      "s" : "sell",
      "i" : "RENDERUSD-PERP",
      "m" : "4611686018427649042"
    }, {
      "d" : "1756452870074809470",
      "t" : 1756452870074,
      "tn" : 1756452870074809469,
      "q" : "30",
      "p" : "3.5184",
      "s" : "sell",
      "i" : "RENDERUSD-PERP",
      "m" : "4611686018427649041"
    }, {
      "d" : "1756452870074809469",
      "t" : 1756452870074,
      "tn" : 1756452870074809469,
      "q" : "40",
      "p" : "3.5184",
      "s" : "sell",
      "i" : "RENDERUSD-PERP",
      "m" : "4611686018427649041"
    }, {
      "d" : "1756452870074373953",
      "t" : 1756452870074,
      "tn" : 1756452870074373953,
      "q" : "96",
      "p" : "3.5184",
      "s" : "sell",
      "i" : "RENDERUSD-PERP",
      "m" : "4611686018427649040"
    }, {
      "d" : "1756452870074371482",
      "t" : 1756452870074,
      "tn" : 1756452870074371482,
      "q" : "54",
      "p" : "3.5186",
      "s" : "sell",
      "i" : "RENDERUSD-PERP",
      "m" : "4611686018427649039"
    }, {
      "d" : "1756452870072461172",
      "t" : 1756452870072,
      "tn" : 1756452870072461172,
      "q" : "36",
      "p" : "3.5186",
      "s" : "sell",
      "i" : "RENDERUSD-PERP",
      "m" : "4611686018427649038"
    }, {
      "d" : "1756452870056819587",
      "t" : 1756452870056,
      "tn" : 1756452870056819587,
      "q" : "56",
      "p" : "3.5200",
      "s" : "sell",
      "i" : "RENDERUSD-PERP",
      "m" : "4611686018427649037"
    }, {
      "d" : "1756452870056314767",
      "t" : 1756452870056,
      "tn" : 1756452870056314767,
      "q" : "1",
      "p" : "3.5219",
      "s" : "sell",
      "i" : "RENDERUSD-PERP",
      "m" : "4611686018427649036"
    }, {
      "d" : "1756452870056312318",
      "t" : 1756452870056,
      "tn" : 1756452870056312318,
      "q" : "1",
      "p" : "3.5224",
      "s" : "sell",
      "i" : "RENDERUSD-PERP",
      "m" : "4611686018427649035"
    }, {
      "d" : "1756452856649727225",
      "t" : 1756452856649,
      "tn" : 1756452856649727225,
      "q" : "1",
      "p" : "3.5244",
      "s" : "sell",
      "i" : "RENDERUSD-PERP",
      "m" : "4611686018427649034"
    }, {
      "d" : "1756452852518465706",
      "t" : 1756452852518,
      "tn" : 1756452852518465706,
      "q" : "1",
      "p" : "3.5252",
      "s" : "sell",
      "i" : "RENDERUSD-PERP",
      "m" : "4611686018427649033"
    }, {
      "d" : "1756452845596014254",
      "t" : 1756452845596,
      "tn" : 1756452845596014254,
      "q" : "1",
      "p" : "3.5256",
      "s" : "sell",
      "i" : "RENDERUSD-PERP",
      "m" : "4611686018427649032"
    }, {
      "d" : "1756452845357563576",
      "t" : 1756452845357,
      "tn" : 1756452845357563576,
      "q" : "1",
      "p" : "3.5264",
      "s" : "sell",
      "i" : "RENDERUSD-PERP",
      "m" : "4611686018427649031"
    }, {
      "d" : "1756452837741952116",
      "t" : 1756452837741,
      "tn" : 1756452837741952116,
      "q" : "1",
      "p" : "3.5264",
      "s" : "sell",
      "i" : "RENDERUSD-PERP",
      "m" : "4611686018427649030"
    }, {
      "d" : "1756452829029499193",
      "t" : 1756452829029,
      "tn" : 1756452829029499193,
      "q" : "1",
      "p" : "3.5264",
      "s" : "sell",
      "i" : "RENDERUSD-PERP",
      "m" : "4611686018427649029"
    }, {
      "d" : "1756452819362011647",
      "t" : 1756452819362,
      "tn" : 1756452819362011647,
      "q" : "1",
      "p" : "3.5251",
      "s" : "sell",
      "i" : "RENDERUSD-PERP",
      "m" : "4611686018427649028"
    }, {
      "d" : "1756452818622495060",
      "t" : 1756452818622,
      "tn" : 1756452818622495060,
      "q" : "1",
      "p" : "3.5256",
      "s" : "sell",
      "i" : "RENDERUSD-PERP",
      "m" : "4611686018427649027"
    }, {
      "d" : "1756452818526035717",
      "t" : 1756452818526,
      "tn" : 1756452818526035717,
      "q" : "1",
      "p" : "3.5264",
      "s" : "sell",
      "i" : "RENDERUSD-PERP",
      "m" : "4611686018427649026"
    }, {
      "d" : "1756452810051160122",
      "t" : 1756452810051,
      "tn" : 1756452810051160122,
      "q" : "1",
      "p" : "3.5273",
      "s" : "sell",
      "i" : "RENDERUSD-PERP",
      "m" : "4611686018427649025"
    }, {
      "d" : "1756452810050719216",
      "t" : 1756452810050,
      "tn" : 1756452810050719216,
      "q" : "1",
      "p" : "3.5276",
      "s" : "sell",
      "i" : "RENDERUSD-PERP",
      "m" : "4611686018427649024"
    }, {
      "d" : "1756452794700027421",
      "t" : 1756452794700,
      "tn" : 1756452794700027421,
      "q" : "1",
      "p" : "3.5308",
      "s" : "sell",
      "i" : "RENDERUSD-PERP",
      "m" : "4611686018427649023"
    }, {
      "d" : "1756452794643327653",
      "t" : 1756452794643,
      "tn" : 1756452794643327653,
      "q" : "1",
      "p" : "3.5308",
      "s" : "sell",
      "i" : "RENDERUSD-PERP",
      "m" : "4611686018427649022"
    }, {
      "d" : "1756452780460929034",
      "t" : 1756452780460,
      "tn" : 1756452780460929034,
      "q" : "1",
      "p" : "3.5308",
      "s" : "sell",
      "i" : "RENDERUSD-PERP",
      "m" : "4611686018427649021"
    }, {
      "d" : "1756452738437094819",
      "t" : 1756452738437,
      "tn" : 1756452738437094819,
      "q" : "1",
      "p" : "3.5268",
      "s" : "sell",
      "i" : "RENDERUSD-PERP",
      "m" : "4611686018427649020"
    }, {
      "d" : "1756452537776740402",
      "t" : 1756452537776,
      "tn" : 1756452537776740402,
      "q" : "1",
      "p" : "3.5128",
      "s" : "sell",
      "i" : "RENDERUSD-PERP",
      "m" : "4611686018427649019"
    }, {
      "d" : "1756452387368975029",
      "t" : 1756452387368,
      "tn" : 1756452387368975029,
      "q" : "1",
      "p" : "3.5085",
      "s" : "sell",
      "i" : "RENDERUSD-PERP",
      "m" : "4611686018427649018"
    }, {
      "d" : "1756452387368543069",
      "t" : 1756452387368,
      "tn" : 1756452387368543069,
      "q" : "1",
      "p" : "3.5088",
      "s" : "sell",
      "i" : "RENDERUSD-PERP",
      "m" : "4611686018427649017"
    }, {
      "d" : "1756452380853790786",
      "t" : 1756452380853,
      "tn" : 1756452380853790786,
      "q" : "1",
      "p" : "3.5100",
      "s" : "sell",
      "i" : "RENDERUSD-PERP",
      "m" : "4611686018427649016"
    }, {
      "d" : "1756452362960541230",
      "t" : 1756452362960,
      "tn" : 1756452362960541230,
      "q" : "1",
      "p" : "3.5100",
      "s" : "sell",
      "i" : "RENDERUSD-PERP",
      "m" : "4611686018427649015"
    }, {
      "d" : "1756452362848416478",
      "t" : 1756452362848,
      "tn" : 1756452362848416478,
      "q" : "1",
      "p" : "3.5107",
      "s" : "sell",
      "i" : "RENDERUSD-PERP",
      "m" : "4611686018427649014"
    }, {
      "d" : "1756452362847912014",
      "t" : 1756452362847,
      "tn" : 1756452362847912014,
      "q" : "1",
      "p" : "3.5108",
      "s" : "sell",
      "i" : "RENDERUSD-PERP",
      "m" : "4611686018427649013"
    }, {
      "d" : "1756452358526077468",
      "t" : 1756452358526,
      "tn" : 1756452358526077468,
      "q" : "1",
      "p" : "3.5140",
      "s" : "sell",
      "i" : "RENDERUSD-PERP",
      "m" : "4611686018427649012"
    }, {
      "d" : "1756452321206064256",
      "t" : 1756452321206,
      "tn" : 1756452321206064256,
      "q" : "1",
      "p" : "3.5165",
      "s" : "buy",
      "i" : "RENDERUSD-PERP",
      "m" : "4611686018427649011"
    }, {
      "d" : "1756452267059981844",
      "t" : 1756452267059,
      "tn" : 1756452267059981844,
      "q" : "1",
      "p" : "3.5120",
      "s" : "sell",
      "i" : "RENDERUSD-PERP",
      "m" : "4611686018427649010"
    }, {
      "d" : "1756452262411806573",
      "t" : 1756452262411,
      "tn" : 1756452262411806573,
      "q" : "1",
      "p" : "3.5128",
      "s" : "sell",
      "i" : "RENDERUSD-PERP",
      "m" : "4611686018427649009"
    }, {
      "d" : "1756452260805498728",
      "t" : 1756452260805,
      "tn" : 1756452260805498728,
      "q" : "1",
      "p" : "3.5128",
      "s" : "sell",
      "i" : "RENDERUSD-PERP",
      "m" : "4611686018427649008"
    }, {
      "d" : "1756452260204975066",
      "t" : 1756452260204,
      "tn" : 1756452260204975066,
      "q" : "1",
      "p" : "3.5140",
      "s" : "sell",
      "i" : "RENDERUSD-PERP",
      "m" : "4611686018427649007"
    }, {
      "d" : "1756452256361654943",
      "t" : 1756452256361,
      "tn" : 1756452256361654943,
      "q" : "1",
      "p" : "3.5152",
      "s" : "sell",
      "i" : "RENDERUSD-PERP",
      "m" : "4611686018427649006"
    }, {
      "d" : "1756452255115516296",
      "t" : 1756452255115,
      "tn" : 1756452255115516296,
      "q" : "1",
      "p" : "3.5160",
      "s" : "sell",
      "i" : "RENDERUSD-PERP",
      "m" : "4611686018427649005"
    }, {
      "d" : "1756452253065875142",
      "t" : 1756452253065,
      "tn" : 1756452253065875142,
      "q" : "1",
      "p" : "3.5160",
      "s" : "sell",
      "i" : "RENDERUSD-PERP",
      "m" : "4611686018427649004"
    }, {
      "d" : "1756452252616112260",
      "t" : 1756452252616,
      "tn" : 1756452252616112260,
      "q" : "1",
      "p" : "3.5172",
      "s" : "sell",
      "i" : "RENDERUSD-PERP",
      "m" : "4611686018427649003"
    }, {
      "d" : "1756452250668043189",
      "t" : 1756452250668,
      "tn" : 1756452250668043189,
      "q" : "1",
      "p" : "3.5180",
      "s" : "sell",
      "i" : "RENDERUSD-PERP",
      "m" : "4611686018427649002"
    }, {
      "d" : "1756452197112653056",
      "t" : 1756452197112,
      "tn" : 1756452197112653056,
      "q" : "1",
      "p" : "3.5212",
      "s" : "sell",
      "i" : "RENDERUSD-PERP",
      "m" : "4611686018427649001"
    }, {
      "d" : "1756452194989129482",
      "t" : 1756452194989,
      "tn" : 1756452194989129482,
      "q" : "1",
      "p" : "3.5224",
      "s" : "sell",
      "i" : "RENDERUSD-PERP",
      "m" : "4611686018427649000"
    }, {
      "d" : "1756452170366262721",
      "t" : 1756452170366,
      "tn" : 1756452170366262721,
      "q" : "1",
      "p" : "3.5224",
      "s" : "sell",
      "i" : "RENDERUSD-PERP",
      "m" : "4611686018427648999"
    }, {
      "d" : "1756452166940467755",
      "t" : 1756452166940,
      "tn" : 1756452166940467755,
      "q" : "1",
      "p" : "3.5232",
      "s" : "sell",
      "i" : "RENDERUSD-PERP",
      "m" : "4611686018427648998"
    }, {
      "d" : "1756452140738025522",
      "t" : 1756452140738,
      "tn" : 1756452140738025522,
      "q" : "1",
      "p" : "3.5172",
      "s" : "sell",
      "i" : "RENDERUSD-PERP",
      "m" : "4611686018427648997"
    }, {
      "d" : "1756452140625674876",
      "t" : 1756452140625,
      "tn" : 1756452140625674876,
      "q" : "1",
      "p" : "3.5184",
      "s" : "sell",
      "i" : "RENDERUSD-PERP",
      "m" : "4611686018427648996"
    }, {
      "d" : "1756452129685393664",
      "t" : 1756452129685,
      "tn" : 1756452129685393664,
      "q" : "1",
      "p" : "3.5257",
      "s" : "sell",
      "i" : "RENDERUSD-PERP",
      "m" : "4611686018427648995"
    }, {
      "d" : "1756452129683450979",
      "t" : 1756452129683,
      "tn" : 1756452129683450979,
      "q" : "1",
      "p" : "3.5264",
      "s" : "sell",
      "i" : "RENDERUSD-PERP",
      "m" : "4611686018427648994"
    }, {
      "d" : "1756452124924832179",
      "t" : 1756452124924,
      "tn" : 1756452124924832179,
      "q" : "1",
      "p" : "3.5264",
      "s" : "sell",
      "i" : "RENDERUSD-PERP",
      "m" : "4611686018427648993"
    }, {
      "d" : "1756452123156318551",
      "t" : 1756452123156,
      "tn" : 1756452123156318551,
      "q" : "1",
      "p" : "3.5276",
      "s" : "sell",
      "i" : "RENDERUSD-PERP",
      "m" : "4611686018427648992"
    }, {
      "d" : "1756452112914196256",
      "t" : 1756452112914,
      "tn" : 1756452112914196256,
      "q" : "1",
      "p" : "3.5244",
      "s" : "sell",
      "i" : "RENDERUSD-PERP",
      "m" : "4611686018427648991"
    }, {
      "d" : "1756452112477271341",
      "t" : 1756452112477,
      "tn" : 1756452112477271341,
      "q" : "1",
      "p" : "3.5256",
      "s" : "sell",
      "i" : "RENDERUSD-PERP",
      "m" : "4611686018427648990"
    }, {
      "d" : "1756452111054897105",
      "t" : 1756452111054,
      "tn" : 1756452111054897105,
      "q" : "1",
      "p" : "3.5264",
      "s" : "sell",
      "i" : "RENDERUSD-PERP",
      "m" : "4611686018427648989"
    }, {
      "d" : "1756452109615526845",
      "t" : 1756452109615,
      "tn" : 1756452109615526845,
      "q" : "1",
      "p" : "3.5276",
      "s" : "sell",
      "i" : "RENDERUSD-PERP",
      "m" : "4611686018427648988"
    }, {
      "d" : "1756452098729792729",
      "t" : 1756452098729,
      "tn" : 1756452098729792729,
      "q" : "1",
      "p" : "3.5287",
      "s" : "sell",
      "i" : "RENDERUSD-PERP",
      "m" : "4611686018427648987"
    }, {
      "d" : "1756452073491893583",
      "t" : 1756452073491,
      "tn" : 1756452073491893583,
      "q" : "1",
      "p" : "3.5296",
      "s" : "sell",
      "i" : "RENDERUSD-PERP",
      "m" : "4611686018427648986"
    }, {
      "d" : "1756452073381879637",
      "t" : 1756452073381,
      "tn" : 1756452073381879637,
      "q" : "1",
      "p" : "3.5296",
      "s" : "sell",
      "i" : "RENDERUSD-PERP",
      "m" : "4611686018427648985"
    }, {
      "d" : "1756452058605530408",
      "t" : 1756452058605,
      "tn" : 1756452058605530408,
      "q" : "1",
      "p" : "3.5288",
      "s" : "sell",
      "i" : "RENDERUSD-PERP",
      "m" : "4611686018427648984"
    }, {
      "d" : "1756452051510184927",
      "t" : 1756452051510,
      "tn" : 1756452051510184927,
      "q" : "1",
      "p" : "3.5296",
      "s" : "sell",
      "i" : "RENDERUSD-PERP",
      "m" : "4611686018427648983"
    }, {
      "d" : "1756452051400910152",
      "t" : 1756452051400,
      "tn" : 1756452051400910152,
      "q" : "1",
      "p" : "3.5290",
      "s" : "sell",
      "i" : "RENDERUSD-PERP",
      "m" : "4611686018427648982"
    }, {
      "d" : "1756452051399574009",
      "t" : 1756452051399,
      "tn" : 1756452051399574009,
      "q" : "1",
      "p" : "3.5296",
      "s" : "sell",
      "i" : "RENDERUSD-PERP",
      "m" : "4611686018427648981"
    }, {
      "d" : "1756452049484425341",
      "t" : 1756452049484,
      "tn" : 1756452049484425341,
      "q" : "1",
      "p" : "3.5296",
      "s" : "sell",
      "i" : "RENDERUSD-PERP",
      "m" : "4611686018427648980"
    }, {
      "d" : "1756452033202281759",
      "t" : 1756452033202,
      "tn" : 1756452033202281759,
      "q" : "1",
      "p" : "3.5308",
      "s" : "sell",
      "i" : "RENDERUSD-PERP",
      "m" : "4611686018427648979"
    }, {
      "d" : "1756452029711757483",
      "t" : 1756452029711,
      "tn" : 1756452029711757483,
      "q" : "1",
      "p" : "3.5320",
      "s" : "sell",
      "i" : "RENDERUSD-PERP",
      "m" : "4611686018427648978"
    }, {
      "d" : "1756452028535795458",
      "t" : 1756452028535,
      "tn" : 1756452028535795458,
      "q" : "1",
      "p" : "3.5328",
      "s" : "sell",
      "i" : "RENDERUSD-PERP",
      "m" : "4611686018427648977"
    }, {
      "d" : "1756452028464712254",
      "t" : 1756452028464,
      "tn" : 1756452028464712254,
      "q" : "1",
      "p" : "3.5328",
      "s" : "sell",
      "i" : "RENDERUSD-PERP",
      "m" : "4611686018427648976"
    }, {
      "d" : "1756452009056475886",
      "t" : 1756452009056,
      "tn" : 1756452009056475886,
      "q" : "1",
      "p" : "3.5308",
      "s" : "sell",
      "i" : "RENDERUSD-PERP",
      "m" : "4611686018427648975"
    }, {
      "d" : "1756451970817615926",
      "t" : 1756451970817,
      "tn" : 1756451970817615926,
      "q" : "1",
      "p" : "3.5280",
      "s" : "sell",
      "i" : "RENDERUSD-PERP",
      "m" : "4611686018427648974"
    }, {
      "d" : "1756451967166876081",
      "t" : 1756451967166,
      "tn" : 1756451967166876081,
      "q" : "1",
      "p" : "3.5279",
      "s" : "sell",
      "i" : "RENDERUSD-PERP",
      "m" : "4611686018427648973"
    }, {
      "d" : "1756451967007014527",
      "t" : 1756451967007,
      "tn" : 1756451967007014527,
      "q" : "1",
      "p" : "3.5282",
      "s" : "sell",
      "i" : "RENDERUSD-PERP",
      "m" : "4611686018427648972"
    }, {
      "d" : "1756451956494831865",
      "t" : 1756451956494,
      "tn" : 1756451956494831865,
      "q" : "1",
      "p" : "3.5300",
      "s" : "sell",
      "i" : "RENDERUSD-PERP",
      "m" : "4611686018427648971"
    }, {
      "d" : "1756451956487219841",
      "t" : 1756451956487,
      "tn" : 1756451956487219841,
      "q" : "1",
      "p" : "3.5294",
      "s" : "sell",
      "i" : "RENDERUSD-PERP",
      "m" : "4611686018427648970"
    }, {
      "d" : "1756451956432233552",
      "t" : 1756451956432,
      "tn" : 1756451956432233552,
      "q" : "1",
      "p" : "3.5312",
      "s" : "sell",
      "i" : "RENDERUSD-PERP",
      "m" : "4611686018427648969"
    }, {
      "d" : "1756451945046726499",
      "t" : 1756451945046,
      "tn" : 1756451945046726499,
      "q" : "1",
      "p" : "3.5280",
      "s" : "sell",
      "i" : "RENDERUSD-PERP",
      "m" : "4611686018427648968"
    }, {
      "d" : "1756451944701543488",
      "t" : 1756451944701,
      "tn" : 1756451944701543488,
      "q" : "1",
      "p" : "3.5292",
      "s" : "sell",
      "i" : "RENDERUSD-PERP",
      "m" : "4611686018427648967"
    }, {
      "d" : "1756451943788373423",
      "t" : 1756451943788,
      "tn" : 1756451943788373423,
      "q" : "1",
      "p" : "3.5292",
      "s" : "sell",
      "i" : "RENDERUSD-PERP",
      "m" : "4611686018427648966"
    }, {
      "d" : "1756451943672356197",
      "t" : 1756451943672,
      "tn" : 1756451943672356197,
      "q" : "1",
      "p" : "3.5296",
      "s" : "sell",
      "i" : "RENDERUSD-PERP",
      "m" : "4611686018427648965"
    }, {
      "d" : "1756451943640733652",
      "t" : 1756451943640,
      "tn" : 1756451943640733652,
      "q" : "1",
      "p" : "3.5300",
      "s" : "sell",
      "i" : "RENDERUSD-PERP",
      "m" : "4611686018427648964"
    }, {
      "d" : "1756451939596277136",
      "t" : 1756451939596,
      "tn" : 1756451939596277136,
      "q" : "1",
      "p" : "3.5304",
      "s" : "sell",
      "i" : "RENDERUSD-PERP",
      "m" : "4611686018427648963"
    }, {
      "d" : "1756451939520742647",
      "t" : 1756451939520,
      "tn" : 1756451939520742647,
      "q" : "1",
      "p" : "3.5304",
      "s" : "sell",
      "i" : "RENDERUSD-PERP",
      "m" : "4611686018427648962"
    }, {
      "d" : "1756451914587315059",
      "t" : 1756451914587,
      "tn" : 1756451914587315059,
      "q" : "1",
      "p" : "3.5332",
      "s" : "sell",
      "i" : "RENDERUSD-PERP",
      "m" : "4611686018427648961"
    }, {
      "d" : "1756451869295426808",
      "t" : 1756451869295,
      "tn" : 1756451869295426808,
      "q" : "1",
      "p" : "3.5292",
      "s" : "sell",
      "i" : "RENDERUSD-PERP",
      "m" : "4611686018427648960"
    }, {
      "d" : "1756451842116467478",
      "t" : 1756451842116,
      "tn" : 1756451842116467478,
      "q" : "1",
      "p" : "3.5284",
      "s" : "sell",
      "i" : "RENDERUSD-PERP",
      "m" : "4611686018427648959"
    }, {
      "d" : "1756451839325383144",
      "t" : 1756451839325,
      "tn" : 1756451839325383144,
      "q" : "1",
      "p" : "3.5304",
      "s" : "sell",
      "i" : "RENDERUSD-PERP",
      "m" : "4611686018427648958"
    }, {
      "d" : "1756451829087403038",
      "t" : 1756451829087,
      "tn" : 1756451829087403038,
      "q" : "1",
      "p" : "3.5252",
      "s" : "sell",
      "i" : "RENDERUSD-PERP",
      "m" : "4611686018427648957"
    }, {
      "d" : "1756451828346135785",
      "t" : 1756451828346,
      "tn" : 1756451828346135785,
      "q" : "1",
      "p" : "3.5276",
      "s" : "sell",
      "i" : "RENDERUSD-PERP",
      "m" : "4611686018427648956"
    }, {
      "d" : "1756451828141408748",
      "t" : 1756451828141,
      "tn" : 1756451828141408748,
      "q" : "1",
      "p" : "3.5296",
      "s" : "sell",
      "i" : "RENDERUSD-PERP",
      "m" : "4611686018427648955"
    }, {
      "d" : "1756451822117067632",
      "t" : 1756451822117,
      "tn" : 1756451822117067632,
      "q" : "1",
      "p" : "3.5276",
      "s" : "sell",
      "i" : "RENDERUSD-PERP",
      "m" : "4611686018427648954"
    }, {
      "d" : "1756451757593501178",
      "t" : 1756451757593,
      "tn" : 1756451757593501178,
      "q" : "1",
      "p" : "3.5268",
      "s" : "sell",
      "i" : "RENDERUSD-PERP",
      "m" : "4611686018427648953"
    }, {
      "d" : "1756451757543658194",
      "t" : 1756451757543,
      "tn" : 1756451757543658194,
      "q" : "4",
      "p" : "3.5252",
      "s" : "sell",
      "i" : "RENDERUSD-PERP",
      "m" : "4611686018427648952"
    }, {
      "d" : "1756451757535759475",
      "t" : 1756451757535,
      "tn" : 1756451757535759475,
      "q" : "1",
      "p" : "3.5269",
      "s" : "sell",
      "i" : "RENDERUSD-PERP",
      "m" : "4611686018427648951"
    }, {
      "d" : "1756451757529789412",
      "t" : 1756451757529,
      "tn" : 1756451757529789412,
      "q" : "1",
      "p" : "3.5276",
      "s" : "sell",
      "i" : "RENDERUSD-PERP",
      "m" : "4611686018427648950"
    }, {
      "d" : "1756451723116859156",
      "t" : 1756451723116,
      "tn" : 1756451723116859156,
      "q" : "1",
      "p" : "3.5244",
      "s" : "sell",
      "i" : "RENDERUSD-PERP",
      "m" : "4611686018427648949"
    }, {
      "d" : "1756451696156607992",
      "t" : 1756451696156,
      "tn" : 1756451696156607992,
      "q" : "1",
      "p" : "3.5268",
      "s" : "sell",
      "i" : "RENDERUSD-PERP",
      "m" : "4611686018427648948"
    }, {
      "d" : "1756451683955362610",
      "t" : 1756451683955,
      "tn" : 1756451683955362610,
      "q" : "1",
      "p" : "3.5291",
      "s" : "sell",
      "i" : "RENDERUSD-PERP",
      "m" : "4611686018427648947"
    }, {
      "d" : "1756451683897486641",
      "t" : 1756451683897,
      "tn" : 1756451683897486641,
      "q" : "1",
      "p" : "3.5296",
      "s" : "sell",
      "i" : "RENDERUSD-PERP",
      "m" : "4611686018427648946"
    }, {
      "d" : "1756451683765182043",
      "t" : 1756451683765,
      "tn" : 1756451683765182043,
      "q" : "1",
      "p" : "3.5308",
      "s" : "sell",
      "i" : "RENDERUSD-PERP",
      "m" : "4611686018427648945"
    }, {
      "d" : "1756451671658244821",
      "t" : 1756451671658,
      "tn" : 1756451671658244821,
      "q" : "1",
      "p" : "3.5296",
      "s" : "sell",
      "i" : "RENDERUSD-PERP",
      "m" : "4611686018427648944"
    }, {
      "d" : "1756451668093937140",
      "t" : 1756451668093,
      "tn" : 1756451668093937140,
      "q" : "1",
      "p" : "3.5276",
      "s" : "sell",
      "i" : "RENDERUSD-PERP",
      "m" : "4611686018427648943"
    }, {
      "d" : "1756451667980749951",
      "t" : 1756451667980,
      "tn" : 1756451667980749951,
      "q" : "1",
      "p" : "3.5288",
      "s" : "sell",
      "i" : "RENDERUSD-PERP",
      "m" : "4611686018427648942"
    }, {
      "d" : "1756451665575881542",
      "t" : 1756451665575,
      "tn" : 1756451665575881542,
      "q" : "1",
      "p" : "3.5288",
      "s" : "sell",
      "i" : "RENDERUSD-PERP",
      "m" : "4611686018427648941"
    }, {
      "d" : "1756451664068980620",
      "t" : 1756451664068,
      "tn" : 1756451664068980620,
      "q" : "1",
      "p" : "3.5308",
      "s" : "sell",
      "i" : "RENDERUSD-PERP",
      "m" : "4611686018427648940"
    }, {
      "d" : "1756451664039883279",
      "t" : 1756451664039,
      "tn" : 1756451664039883279,
      "q" : "1",
      "p" : "3.5313",
      "s" : "sell",
      "i" : "RENDERUSD-PERP",
      "m" : "4611686018427648939"
    }, {
      "d" : "1756451663511457617",
      "t" : 1756451663511,
      "tn" : 1756451663511457617,
      "q" : "1",
      "p" : "3.5320",
      "s" : "sell",
      "i" : "RENDERUSD-PERP",
      "m" : "4611686018427648938"
    }, {
      "d" : "1756451663033208030",
      "t" : 1756451663033,
      "tn" : 1756451663033208030,
      "q" : "1",
      "p" : "3.5320",
      "s" : "sell",
      "i" : "RENDERUSD-PERP",
      "m" : "4611686018427648937"
    }, {
      "d" : "1756451662446877346",
      "t" : 1756451662446,
      "tn" : 1756451662446877346,
      "q" : "1",
      "p" : "3.5325",
      "s" : "sell",
      "i" : "RENDERUSD-PERP",
      "m" : "4611686018427648936"
    }, {
      "d" : "1756451662445629749",
      "t" : 1756451662445,
      "tn" : 1756451662445629749,
      "q" : "1",
      "p" : "3.5328",
      "s" : "sell",
      "i" : "RENDERUSD-PERP",
      "m" : "4611686018427648935"
    }, {
      "d" : "1756451660279092649",
      "t" : 1756451660279,
      "tn" : 1756451660279092649,
      "q" : "1",
      "p" : "3.5337",
      "s" : "sell",
      "i" : "RENDERUSD-PERP",
      "m" : "4611686018427648934"
    }, {
      "d" : "1756451660250909657",
      "t" : 1756451660250,
      "tn" : 1756451660250909657,
      "q" : "1",
      "p" : "3.5340",
      "s" : "sell",
      "i" : "RENDERUSD-PERP",
      "m" : "4611686018427648933"
    }, {
      "d" : "1756451659676455439",
      "t" : 1756451659676,
      "tn" : 1756451659676455439,
      "q" : "1",
      "p" : "3.5360",
      "s" : "sell",
      "i" : "RENDERUSD-PERP",
      "m" : "4611686018427648932"
    }, {
      "d" : "1756451619040922765",
      "t" : 1756451619040,
      "tn" : 1756451619040922765,
      "q" : "1",
      "p" : "3.5412",
      "s" : "sell",
      "i" : "RENDERUSD-PERP",
      "m" : "4611686018427648931"
    }, {
      "d" : "1756451617250488031",
      "t" : 1756451617250,
      "tn" : 1756451617250488031,
      "q" : "1",
      "p" : "3.5412",
      "s" : "sell",
      "i" : "RENDERUSD-PERP",
      "m" : "4611686018427648930"
    }, {
      "d" : "1756451617152404661",
      "t" : 1756451617152,
      "tn" : 1756451617152404661,
      "q" : "1",
      "p" : "3.5412",
      "s" : "sell",
      "i" : "RENDERUSD-PERP",
      "m" : "4611686018427648929"
    }, {
      "d" : "1756451553427307394",
      "t" : 1756451553427,
      "tn" : 1756451553427307394,
      "q" : "1",
      "p" : "3.5500",
      "s" : "sell",
      "i" : "RENDERUSD-PERP",
      "m" : "4611686018427648928"
    }, {
      "d" : "1756451553119723614",
      "t" : 1756451553119,
      "tn" : 1756451553119723614,
      "q" : "1",
      "p" : "3.5512",
      "s" : "sell",
      "i" : "RENDERUSD-PERP",
      "m" : "4611686018427648927"
    }, {
      "d" : "1756451553064208224",
      "t" : 1756451553064,
      "tn" : 1756451553064208224,
      "q" : "1",
      "p" : "3.5512",
      "s" : "sell",
      "i" : "RENDERUSD-PERP",
      "m" : "4611686018427648926"
    }, {
      "d" : "1756451510960538464",
      "t" : 1756451510960,
      "tn" : 1756451510960538464,
      "q" : "1",
      "p" : "3.5512",
      "s" : "sell",
      "i" : "RENDERUSD-PERP",
      "m" : "4611686018427648925"
    }, {
      "d" : "1756451510901165741",
      "t" : 1756451510901,
      "tn" : 1756451510901165741,
      "q" : "1",
      "p" : "3.5512",
      "s" : "sell",
      "i" : "RENDERUSD-PERP",
      "m" : "4611686018427648924"
    }, {
      "d" : "1756451473077125038",
      "t" : 1756451473077,
      "tn" : 1756451473077125038,
      "q" : "1",
      "p" : "3.5570",
      "s" : "sell",
      "i" : "RENDERUSD-PERP",
      "m" : "4611686018427648923"
    }, {
      "d" : "1756451473076689169",
      "t" : 1756451473076,
      "tn" : 1756451473076689169,
      "q" : "1",
      "p" : "3.5572",
      "s" : "sell",
      "i" : "RENDERUSD-PERP",
      "m" : "4611686018427648922"
    }, {
      "d" : "1756451464025178445",
      "t" : 1756451464025,
      "tn" : 1756451464025178445,
      "q" : "1",
      "p" : "3.5572",
      "s" : "sell",
      "i" : "RENDERUSD-PERP",
      "m" : "4611686018427648921"
    }, {
      "d" : "1756451364410449162",
      "t" : 1756451364410,
      "tn" : 1756451364410449162,
      "q" : "1",
      "p" : "3.5564",
      "s" : "sell",
      "i" : "RENDERUSD-PERP",
      "m" : "4611686018427648920"
    } ]
  }
}