{
  "id" : -1,
  "method" : "public/get-trades",
  "code" : 0,
  "result" : {
    "data" : [ {
      "d" : "1756455421213245963",
      "t" : 1756455421213,
      "tn" : 1756455421213245963,
      "q" : "57.09",
      "p" : "3.4989",
      "s" : "sell",
      "i" : "RENDER_USDT",
      "m" : "4611686018427861419"
    }, {
      "d" : "1756454974674089315",
      "t" : 1756454974674,
      "tn" : 1756454974674089315,
      "q" : "11.16",
      "p" : "3.5000",
      "s" : "sell",
      "i" : "RENDER_USDT",
      "m" : "4611686018427861418"
    }, {
      "d" : "1756452387593851811",
      "t" : 1756452387593,
      "tn" : 1756452387593851811,
      "q" : "22.16",
      "p" : "3.5110",
      "s" : "sell",
      "i" : "RENDER_USDT",
      "m" : "4611686018427861417"
    }, {
      "d" : "1756451572884702355",
      "t" : 1756451572884,
      "tn" : 1756451572884702355,
      "q" : "41.88",
      "p" : "3.5357",
      "s" : "sell",
      "i" : "RENDER_USDT",
      "m" : "4611686018427861416"
    }, {
      "d" : "1756446951217083037",
      "t" : 1756446951217,
      "tn" : 1756446951217083037,
      "q" : "68.60",
      "p" : "3.6167",
      "s" : "sell",
      "i" : "RENDER_USDT",
      "m" : "4611686018427861415"
    }, {
      "d" : "1756446440030213181",
      "t" : 1756446440030,
      "tn" : 1756446440030213181,
      "q" : "68.61",
      "p" : "3.6227",
      "s" : "buy",
      "i" : "RENDER_USDT",
      "m" : "4611686018427861414"
    }, {
      "d" : "1756440248692089155",
      "t" : 1756440248692,
      "tn" : 1756440248692089155,
      "q" : "0.02",
      "p" : "3.6429",
      "s" : "buy",
      "i" : "RENDER_USDT",
      "m" : "4611686018427861413"
    }, {
      "d" : "1756433882760917236",
      "t" : 1756433882760,
      "tn" : 1756433882760917236,
      "q" : "56.67",
      "p" : "3.6301",
      "s" : "sell",
      "i" : "RENDER_USDT",
      "m" : "4611686018427861412"
    }, {
      "d" : "1756432164212903979",
      "t" : 1756432164212,
      "tn" : 1756432164212903979,
      "q" : "68.61",
      "p" : "3.6213",
      "s" : "sell",
      "i" : "RENDER_USDT",
      "m" : "4611686018427861411"
    }, {
      "d" : "1756431856830900801",
      "t" : 1756431856830,
      "tn" : 1756431856830900801,
      "q" : "68.61",
      "p" : "3.6301",
      "s" : "sell",
      "i" : "RENDER_USDT",
      "m" : "4611686018427861410"
    }, {
      "d" : "1756431223630240077",
      "t" : 1756431223630,
      "tn" : 1756431223630240077,
      "q" : "68.61",
      "p" : "3.6191",
      "s" : "sell",
      "i" : "RENDER_USDT",
      "m" : "4611686018427861409"
    }, {
      "d" : "1756430640978084688",
      "t" : 1756430640978,
      "tn" : 1756430640978084688,
      "q" : "68.61",
      "p" : "3.6214",
      "s" : "buy",
      "i" : "RENDER_USDT",
      "m" : "4611686018427861408"
    }, {
      "d" : "1756428685634271819",
      "t" : 1756428685634,
      "tn" : 1756428685634271819,
      "q" : "68.61",
      "p" : "3.6669",
      "s" : "sell",
      "i" : "RENDER_USDT",
      "m" : "4611686018427861407"
    }, {
      "d" : "1756425615127465209",
      "t" : 1756425615127,
      "tn" : 1756425615127465209,
      "q" : "20.38",
      "p" : "3.6692",
      "s" : "buy",
      "i" : "RENDER_USDT",
      "m" : "4611686018427861406"
    }, {
      "d" : "1756421850217733500",
      "t" : 1756421850217,
      "tn" : 1756421850217733500,
      "q" : "68.61",
      "p" : "3.6687",
      "s" : "buy",
      "i" : "RENDER_USDT",
      "m" : "4611686018427861405"
    }, {
      "d" : "1756418214403051797",
      "t" : 1756418214403,
      "tn" : 1756418214403051797,
      "q" : "34.84",
      "p" : "3.6349",
      "s" : "buy",
      "i" : "RENDER_USDT",
      "m" : "4611686018427861404"
    }, {
      "d" : "1756418194208152721",
      "t" : 1756418194208,
      "tn" : 1756418194208152721,
      "q" : "138.72",
      "p" : "3.6285",
      "s" : "buy",
      "i" : "RENDER_USDT",
      "m" : "4611686018427861403"
    }, {
      "d" : "1756417830343496167",
      "t" : 1756417830343,
      "tn" : 1756417830343496167,
      "q" : "68.61",
      "p" : "3.6227",
      "s" : "buy",
      "i" : "RENDER_USDT",
      "m" : "4611686018427861402"
    }, {
      "d" : "1756417014699854070",
      "t" : 1756417014699,
      "tn" : 1756417014699854070,
      "q" : "68.61",
      "p" : "3.6221",
      "s" : "buy",
      "i" : "RENDER_USDT",
      "m" : "4611686018427861401"
    }, {
      "d" : "1756409697750383042",
      "t" : 1756409697750,
      "tn" : 1756409697750383042,
      "q" : "9.82",
      "p" : "3.6188",
      "s" : "sell",
      "i" : "RENDER_USDT",
      "m" : "4611686018427861400"
    }, {
      "d" : "1756403811451204302",
      "t" : 1756403811451,
      "tn" : 1756403811451204302,
      "q" : "74.61",
      "p" : "3.6331",
      "s" : "sell",
      "i" : "RENDER_USDT",
      "m" : "4611686018427861399"
    }, {
      "d" : "1756403751449978881",
      "t" : 1756403751449,
      "tn" : 1756403751449978881,
      "q" : "157.89",
      "p" : "3.6301",
      "s" : "sell",
      "i" : "RENDER_USDT",
      "m" : "4611686018427861398"
    }, {
      "d" : "1756403751449977608",
      "t" : 1756403751449,
      "tn" : 1756403751449977608,
      "q" : "68.61",
      "p" : "3.6302",
      "s" : "sell",
      "i" : "RENDER_USDT",
      "m" : "4611686018427861397"
    }, {
      "d" : "1756403751449975439",
      "t" : 1756403751449,
      "tn" : 1756403751449975439,
      "q" : "59.81",
      "p" : "3.6303",
      "s" : "sell",
      "i" : "RENDER_USDT",
      "m" : "4611686018427861396"
    }, {
      "d" : "1756402294944970089",
      "t" : 1756402294944,
      "tn" : 1756402294944970089,
      "q" : "68.61",
      "p" : "3.6281",
      "s" : "sell",
      "i" : "RENDER_USDT",
      "m" : "4611686018427861395"
    }, {
      "d" : "1756402247720365904",
      "t" : 1756402247720,
      "tn" : 1756402247720365904,
      "q" : "68.61",
      "p" : "3.6304",
      "s" : "sell",
      "i" : "RENDER_USDT",
      "m" : "4611686018427861394"
    }, {
      "d" : "1756400403221153612",
      "t" : 1756400403221,
      "tn" : 1756400403221153612,
      "q" : "31.93",
      "p" : "3.5979",
      "s" : "sell",
      "i" : "RENDER_USDT",
      "m" : "4611686018427861393"
    }, {
      "d" : "1756400403218693185",
      "t" : 1756400403218,
      "tn" : 1756400403218693185,
      "q" : "36.68",
      "p" : "3.5979",
      "s" : "sell",
      "i" : "RENDER_USDT",
      "m" : "4611686018427861392"
    }, {
      "d" : "1756400373131952852",
      "t" : 1756400373131,
      "tn" : 1756400373131952852,
      "q" : "68.61",
      "p" : "3.6111",
      "s" : "sell",
      "i" : "RENDER_USDT",
      "m" : "4611686018427861391"
    }, {
      "d" : "1756400364575438831",
      "t" : 1756400364575,
      "tn" : 1756400364575438831,
      "q" : "68.61",
      "p" : "3.6155",
      "s" : "sell",
      "i" : "RENDER_USDT",
      "m" : "4611686018427861390"
    }, {
      "d" : "1756400364575436945",
      "t" : 1756400364575,
      "tn" : 1756400364575436945,
      "q" : "14.78",
      "p" : "3.6157",
      "s" : "sell",
      "i" : "RENDER_USDT",
      "m" : "4611686018427861389"
    }, {
      "d" : "1756400109422437695",
      "t" : 1756400109422,
      "tn" : 1756400109422437695,
      "q" : "6.21",
      "p" : "3.6429",
      "s" : "sell",
      "i" : "RENDER_USDT",
      "m" : "4611686018427861388"
    }, {
      "d" : "1756400109415747700",
      "t" : 1756400109415,
      "tn" : 1756400109415747700,
      "q" : "39.45",
      "p" : "3.6429",
      "s" : "sell",
      "i" : "RENDER_USDT",
      "m" : "4611686018427861387"
    }, {
      "d" : "1756400109413271763",
      "t" : 1756400109413,
      "tn" : 1756400109413271763,
      "q" : "22.95",
      "p" : "3.6429",
      "s" : "sell",
      "i" : "RENDER_USDT",
      "m" : "4611686018427861386"
    }, {
      "d" : "1756399766051645866",
      "t" : 1756399766051,
      "tn" : 1756399766051645866,
      "q" : "31.97",
      "p" : "3.6500",
      "s" : "sell",
      "i" : "RENDER_USDT",
      "m" : "4611686018427861385"
    }, {
      "d" : "1756399716131949648",
      "t" : 1756399716131,
      "tn" : 1756399716131949648,
      "q" : "124.02",
      "p" : "3.6526",
      "s" : "sell",
      "i" : "RENDER_USDT",
      "m" : "4611686018427861384"
    }, {
      "d" : "1756399716129992461",
      "t" : 1756399716129,
      "tn" : 1756399716129992461,
      "q" : "13.70",
      "p" : "3.6526",
      "s" : "sell",
      "i" : "RENDER_USDT",
      "m" : "4611686018427861383"
    }, {
      "d" : "1756399587751934741",
      "t" : 1756399587751,
      "tn" : 1756399587751934741,
      "q" : "68.61",
      "p" : "3.6578",
      "s" : "sell",
      "i" : "RENDER_USDT",
      "m" : "4611686018427861382"
    }, {
      "d" : "1756399482685944188",
      "t" : 1756399482685,
      "tn" : 1756399482685944188,
      "q" : "8.92",
      "p" : "3.6621",
      "s" : "sell",
      "i" : "RENDER_USDT",
      "m" : "4611686018427861381"
    }, {
      "d" : "1756399207440400950",
      "t" : 1756399207440,
      "tn" : 1756399207440400950,
      "q" : "292.37",
      "p" : "3.6675",
      "s" : "buy",
      "i" : "RENDER_USDT",
      "m" : "4611686018427861380"
    }, {
      "d" : "1756399207424032273",
      "t" : 1756399207424,
      "tn" : 1756399207424032273,
      "q" : "84.09",
      "p" : "3.6720",
      "s" : "buy",
      "i" : "RENDER_USDT",
      "m" : "4611686018427861379"
    }, {
      "d" : "1756399207424030290",
      "t" : 1756399207424,
      "tn" : 1756399207424030289,
      "q" : "293.01",
      "p" : "3.6718",
      "s" : "buy",
      "i" : "RENDER_USDT",
      "m" : "4611686018427861378"
    }, {
      "d" : "1756399207424030289",
      "t" : 1756399207424,
      "tn" : 1756399207424030289,
      "q" : "248.41",
      "p" : "3.6718",
      "s" : "buy",
      "i" : "RENDER_USDT",
      "m" : "4611686018427861378"
    }, {
      "d" : "1756399207424026728",
      "t" : 1756399207424,
      "tn" : 1756399207424026728,
      "q" : "293.01",
      "p" : "3.6696",
      "s" : "buy",
      "i" : "RENDER_USDT",
      "m" : "4611686018427861377"
    }, {
      "d" : "1756399207424024636",
      "t" : 1756399207424,
      "tn" : 1756399207424024636,
      "q" : "11.00",
      "p" : "3.6676",
      "s" : "buy",
      "i" : "RENDER_USDT",
      "m" : "4611686018427861376"
    }, {
      "d" : "1756399207424022772",
      "t" : 1756399207424,
      "tn" : 1756399207424022772,
      "q" : "293.01",
      "p" : "3.6674",
      "s" : "buy",
      "i" : "RENDER_USDT",
      "m" : "4611686018427861375"
    }, {
      "d" : "1756399207424018422",
      "t" : 1756399207424,
      "tn" : 1756399207424018422,
      "q" : "193.96",
      "p" : "3.6655",
      "s" : "buy",
      "i" : "RENDER_USDT",
      "m" : "4611686018427861374"
    }, {
      "d" : "1756399207424015983",
      "t" : 1756399207424,
      "tn" : 1756399207424015983,
      "q" : "595.28",
      "p" : "3.6651",
      "s" : "buy",
      "i" : "RENDER_USDT",
      "m" : "4611686018427861373"
    }, {
      "d" : "1756399207424012947",
      "t" : 1756399207424,
      "tn" : 1756399207424012947,
      "q" : "55.04",
      "p" : "3.6650",
      "s" : "buy",
      "i" : "RENDER_USDT",
      "m" : "4611686018427861372"
    }, {
      "d" : "1756399207424009683",
      "t" : 1756399207424,
      "tn" : 1756399207424009683,
      "q" : "25.17",
      "p" : "3.6649",
      "s" : "buy",
      "i" : "RENDER_USDT",
      "m" : "4611686018427861371"
    }, {
      "d" : "1756397118805040134",
      "t" : 1756397118805,
      "tn" : 1756397118805040134,
      "q" : "68.61",
      "p" : "3.6585",
      "s" : "buy",
      "i" : "RENDER_USDT",
      "m" : "4611686018427861370"
    }, {
      "d" : "1756395220745286763",
      "t" : 1756395220745,
      "tn" : 1756395220745286763,
      "q" : "68.61",
      "p" : "3.6754",
      "s" : "buy",
      "i" : "RENDER_USDT",
      "m" : "4611686018427861369"
    }, {
      "d" : "1756394672677802828",
      "t" : 1756394672677,
      "tn" : 1756394672677802828,
      "q" : "317.92",
      "p" : "3.6803",
      "s" : "sell",
      "i" : "RENDER_USDT",
      "m" : "4611686018427861368"
    }, {
      "d" : "1756394672677335363",
      "t" : 1756394672677,
      "tn" : 1756394672677335363,
      "q" : "428.62",
      "p" : "3.6803",
      "s" : "sell",
      "i" : "RENDER_USDT",
      "m" : "4611686018427861367"
    }, {
      "d" : "1756394672673214148",
      "t" : 1756394672673,
      "tn" : 1756394672673214148,
      "q" : "68.61",
      "p" : "3.6803",
      "s" : "buy",
      "i" : "RENDER_USDT",
      "m" : "4611686018427861366"
    }, {
      "d" : "1756388558362118905",
      "t" : 1756388558362,
      "tn" : 1756388558362118905,
      "q" : "193.96",
      "p" : "3.6675",
      "s" : "sell",
      "i" : "RENDER_USDT",
      "m" : "4611686018427861365"
    }, {
      "d" : "1756388558362111788",
      "t" : 1756388558362,
      "tn" : 1756388558362111788,
      "q" : "595.28",
      "p" : "3.6679",
      "s" : "sell",
      "i" : "RENDER_USDT",
      "m" : "4611686018427861364"
    }, {
      "d" : "1756388544956468537",
      "t" : 1756388544956,
      "tn" : 1756388544956468537,
      "q" : "17.26",
      "p" : "3.6739",
      "s" : "buy",
      "i" : "RENDER_USDT",
      "m" : "4611686018427861363"
    }, {
      "d" : "1756388543981192244",
      "t" : 1756388543981,
      "tn" : 1756388543981192244,
      "q" : "58.28",
      "p" : "3.6739",
      "s" : "buy",
      "i" : "RENDER_USDT",
      "m" : "4611686018427861362"
    }, {
      "d" : "1756388171325567795",
      "t" : 1756388171325,
      "tn" : 1756388171325567795,
      "q" : "92.25",
      "p" : "3.6666",
      "s" : "sell",
      "i" : "RENDER_USDT",
      "m" : "4611686018427861361"
    }, {
      "d" : "1756388171109334293",
      "t" : 1756388171109,
      "tn" : 1756388171109334293,
      "q" : "180.75",
      "p" : "3.6666",
      "s" : "sell",
      "i" : "RENDER_USDT",
      "m" : "4611686018427861360"
    }, {
      "d" : "1756385591230076561",
      "t" : 1756385591230,
      "tn" : 1756385591230076561,
      "q" : "8.48",
      "p" : "3.6593",
      "s" : "buy",
      "i" : "RENDER_USDT",
      "m" : "4611686018427861359"
    }, {
      "d" : "1756385591230013586",
      "t" : 1756385591230,
      "tn" : 1756385591230013586,
      "q" : "182.42",
      "p" : "3.6593",
      "s" : "buy",
      "i" : "RENDER_USDT",
      "m" : "4611686018427861358"
    }, {
      "d" : "1756385590592741450",
      "t" : 1756385590592,
      "tn" : 1756385590592741450,
      "q" : "11.00",
      "p" : "3.6594",
      "s" : "sell",
      "i" : "RENDER_USDT",
      "m" : "4611686018427861357"
    }, {
      "d" : "1756385590588036905",
      "t" : 1756385590588,
      "tn" : 1756385590588036905,
      "q" : "193.96",
      "p" : "3.6616",
      "s" : "sell",
      "i" : "RENDER_USDT",
      "m" : "4611686018427861356"
    }, {
      "d" : "1756385590587577401",
      "t" : 1756385590587,
      "tn" : 1756385590587577401,
      "q" : "595.28",
      "p" : "3.6621",
      "s" : "sell",
      "i" : "RENDER_USDT",
      "m" : "4611686018427861355"
    }, {
      "d" : "1756384269455178051",
      "t" : 1756384269455,
      "tn" : 1756384269455178051,
      "q" : "27.32",
      "p" : "3.6597",
      "s" : "buy",
      "i" : "RENDER_USDT",
      "m" : "4611686018427861354"
    }, {
      "d" : "1756383198179180471",
      "t" : 1756383198179,
      "tn" : 1756383198179180471,
      "q" : "20.40",
      "p" : "3.6510",
      "s" : "buy",
      "i" : "RENDER_USDT",
      "m" : "4611686018427861353"
    } ]
  }
}