{
  "id" : -1,
  "method" : "public/get-trades",
  "code" : 0,
  "result" : {
    "data" : [ {
      "d" : "1756460146716396927",
      "t" : 1756460146716,
      "tn" : 1756460146716396927,
      "q" : "50",
      "p" : "0.14352",
      "s" : "sell",
      "i" : "REQ_USD",
      "m" : "4611686018430202294"
    }, {
      "d" : "1756458491239585366",
      "t" : 1756458491239,
      "tn" : 1756458491239585366,
      "q" : "2077",
      "p" : "0.14382",
      "s" : "buy",
      "i" : "REQ_USD",
      "m" : "4611686018430202293"
    }, {
      "d" : "1756458490923477054",
      "t" : 1756458490923,
      "tn" : 1756458490923477054,
      "q" : "1476",
      "p" : "0.14382",
      "s" : "buy",
      "i" : "REQ_USD",
      "m" : "4611686018430202292"
    }, {
      "d" : "1756458490923474613",
      "t" : 1756458490923,
      "tn" : 1756458490923474613,
      "q" : "697",
      "p" : "0.14381",
      "s" : "buy",
      "i" : "REQ_USD",
      "m" : "4611686018430202291"
    }, {
      "d" : "1756457502178753054",
      "t" : 1756457502178,
      "tn" : 1756457502178753054,
      "q" : "1940",
      "p" : "0.14342",
      "s" : "buy",
      "i" : "REQ_USD",
      "m" : "4611686018430202290"
    }, {
      "d" : "1756457502169267152",
      "t" : 1756457502169,
      "tn" : 1756457502169267152,
      "q" : "697",
      "p" : "0.14342",
      "s" : "sell",
      "i" : "REQ_USD",
      "m" : "4611686018430202289"
    }, {
      "d" : "1756456032395157053",
      "t" : 1756456032395,
      "tn" : 1756456032395157053,
      "q" : "495",
      "p" : "0.14328",
      "s" : "sell",
      "i" : "REQ_USD",
      "m" : "4611686018430202288"
    }, {
      "d" : "1756452682227129137",
      "t" : 1756452682227,
      "tn" : 1756452682227129137,
      "q" : "1545",
      "p" : "0.14412",
      "s" : "buy",
      "i" : "REQ_USD",
      "m" : "4611686018430202287"
    }, {
      "d" : "1756452682095891996",
      "t" : 1756452682095,
      "tn" : 1756452682095891996,
      "q" : "1915",
      "p" : "0.14412",
      "s" : "buy",
      "i" : "REQ_USD",
      "m" : "4611686018430202286"
    }, {
      "d" : "1756452681920818421",
      "t" : 1756452681920,
      "tn" : 1756452681920818421,
      "q" : "1915",
      "p" : "0.14412",
      "s" : "buy",
      "i" : "REQ_USD",
      "m" : "4611686018430202285"
    }, {
      "d" : "1756452681075310606",
      "t" : 1756452681075,
      "tn" : 1756452681075310606,
      "q" : "1916",
      "p" : "0.14412",
      "s" : "buy",
      "i" : "REQ_USD",
      "m" : "4611686018430202284"
    }, {
      "d" : "1756452680874391840",
      "t" : 1756452680874,
      "tn" : 1756452680874391839,
      "q" : "214",
      "p" : "0.14412",
      "s" : "buy",
      "i" : "REQ_USD",
      "m" : "4611686018430202283"
    }, {
      "d" : "1756452680874391839",
      "t" : 1756452680874,
      "tn" : 1756452680874391839,
      "q" : "1702",
      "p" : "0.14412",
      "s" : "buy",
      "i" : "REQ_USD",
      "m" : "4611686018430202283"
    }, {
      "d" : "1756452680738760419",
      "t" : 1756452680738,
      "tn" : 1756452680738760419,
      "q" : "3748",
      "p" : "0.14412",
      "s" : "buy",
      "i" : "REQ_USD",
      "m" : "4611686018430202282"
    }, {
      "d" : "1756452680635479860",
      "t" : 1756452680635,
      "tn" : 1756452680635479860,
      "q" : "1811",
      "p" : "0.14412",
      "s" : "buy",
      "i" : "REQ_USD",
      "m" : "4611686018430202281"
    }, {
      "d" : "1756451402665835750",
      "t" : 1756451402665,
      "tn" : 1756451402665835750,
      "q" : "1833",
      "p" : "0.14364",
      "s" : "buy",
      "i" : "REQ_USD",
      "m" : "4611686018430202280"
    }, {
      "d" : "1756451402499999724",
      "t" : 1756451402499,
      "tn" : 1756451402499999724,
      "q" : "693",
      "p" : "0.14362",
      "s" : "buy",
      "i" : "REQ_USD",
      "m" : "4611686018430202279"
    }, {
      "d" : "1756448598123760856",
      "t" : 1756448598123,
      "tn" : 1756448598123760856,
      "q" : "75",
      "p" : "0.14311",
      "s" : "sell",
      "i" : "REQ_USD",
      "m" : "4611686018430202278"
    }, {
      "d" : "1756442808453764008",
      "t" : 1756442808453,
      "tn" : 1756442808453764008,
      "q" : "88",
      "p" : "0.14423",
      "s" : "sell",
      "i" : "REQ_USD",
      "m" : "4611686018430202277"
    }, {
      "d" : "1756435909159635865",
      "t" : 1756435909159,
      "tn" : 1756435909159635865,
      "q" : "1711",
      "p" : "0.14482",
      "s" : "sell",
      "i" : "REQ_USD",
      "m" : "4611686018430202276"
    }, {
      "d" : "1756435909159031750",
      "t" : 1756435909159,
      "tn" : 1756435909159031750,
      "q" : "3987",
      "p" : "0.14482",
      "s" : "sell",
      "i" : "REQ_USD",
      "m" : "4611686018430202275"
    }, {
      "d" : "1756435909036482484",
      "t" : 1756435909036,
      "tn" : 1756435909036482484,
      "q" : "1198",
      "p" : "0.14482",
      "s" : "sell",
      "i" : "REQ_USD",
      "m" : "4611686018430202274"
    }, {
      "d" : "1756435909036481098",
      "t" : 1756435909036,
      "tn" : 1756435909036481098,
      "q" : "3492",
      "p" : "0.14483",
      "s" : "sell",
      "i" : "REQ_USD",
      "m" : "4611686018430202273"
    }, {
      "d" : "1756435908934867325",
      "t" : 1756435908934,
      "tn" : 1756435908934867325,
      "q" : "3254",
      "p" : "0.14483",
      "s" : "sell",
      "i" : "REQ_USD",
      "m" : "4611686018430202272"
    }, {
      "d" : "1756435908830328365",
      "t" : 1756435908830,
      "tn" : 1756435908830328365,
      "q" : "745",
      "p" : "0.14484",
      "s" : "sell",
      "i" : "REQ_USD",
      "m" : "4611686018430202271"
    }, {
      "d" : "1756435530959205111",
      "t" : 1756435530959,
      "tn" : 1756435530959205111,
      "q" : "748",
      "p" : "0.14551",
      "s" : "buy",
      "i" : "REQ_USD",
      "m" : "4611686018430202270"
    }, {
      "d" : "1756431667059964186",
      "t" : 1756431667059,
      "tn" : 1756431667059964186,
      "q" : "646",
      "p" : "0.14482",
      "s" : "buy",
      "i" : "REQ_USD",
      "m" : "4611686018430202269"
    }, {
      "d" : "1756431667059961696",
      "t" : 1756431667059,
      "tn" : 1756431667059961696,
      "q" : "863",
      "p" : "0.14481",
      "s" : "buy",
      "i" : "REQ_USD",
      "m" : "4611686018430202268"
    }, {
      "d" : "1756427426232762097",
      "t" : 1756427426232,
      "tn" : 1756427426232762097,
      "q" : "3013",
      "p" : "0.14524",
      "s" : "sell",
      "i" : "REQ_USD",
      "m" : "4611686018430202267"
    }, {
      "d" : "1756427426122766859",
      "t" : 1756427426122,
      "tn" : 1756427426122766859,
      "q" : "3385",
      "p" : "0.14524",
      "s" : "sell",
      "i" : "REQ_USD",
      "m" : "4611686018430202266"
    }, {
      "d" : "1756427420586440400",
      "t" : 1756427420586,
      "tn" : 1756427420586440400,
      "q" : "1760",
      "p" : "0.14524",
      "s" : "sell",
      "i" : "REQ_USD",
      "m" : "4611686018430202265"
    }, {
      "d" : "1756427420245780787",
      "t" : 1756427420245,
      "tn" : 1756427420245780787,
      "q" : "1888",
      "p" : "0.14524",
      "s" : "sell",
      "i" : "REQ_USD",
      "m" : "4611686018430202264"
    }, {
      "d" : "1756421131802031527",
      "t" : 1756421131802,
      "tn" : 1756421131802031527,
      "q" : "100",
      "p" : "0.14600",
      "s" : "sell",
      "i" : "REQ_USD",
      "m" : "4611686018430202263"
    }, {
      "d" : "1756418420462994268",
      "t" : 1756418420462,
      "tn" : 1756418420462994268,
      "q" : "460",
      "p" : "0.14476",
      "s" : "sell",
      "i" : "REQ_USD",
      "m" : "4611686018430202262"
    }, {
      "d" : "1756414702462753629",
      "t" : 1756414702462,
      "tn" : 1756414702462753629,
      "q" : "410",
      "p" : "0.14425",
      "s" : "sell",
      "i" : "REQ_USD",
      "m" : "4611686018430202261"
    }, {
      "d" : "1756406314133250406",
      "t" : 1756406314133,
      "tn" : 1756406314133250406,
      "q" : "460",
      "p" : "0.14451",
      "s" : "sell",
      "i" : "REQ_USD",
      "m" : "4611686018430202260"
    }, {
      "d" : "1756405367138855821",
      "t" : 1756405367138,
      "tn" : 1756405367138855821,
      "q" : "1658",
      "p" : "0.14458",
      "s" : "buy",
      "i" : "REQ_USD",
      "m" : "4611686018430202259"
    }, {
      "d" : "1756405367130669897",
      "t" : 1756405367130,
      "tn" : 1756405367130669896,
      "q" : "691",
      "p" : "0.14458",
      "s" : "sell",
      "i" : "REQ_USD",
      "m" : "4611686018430202258"
    }, {
      "d" : "1756405367130669896",
      "t" : 1756405367130,
      "tn" : 1756405367130669896,
      "q" : "535",
      "p" : "0.14458",
      "s" : "sell",
      "i" : "REQ_USD",
      "m" : "4611686018430202258"
    }, {
      "d" : "1756402860815520491",
      "t" : 1756402860815,
      "tn" : 1756402860815520491,
      "q" : "2201",
      "p" : "0.14559",
      "s" : "buy",
      "i" : "REQ_USD",
      "m" : "4611686018430202257"
    }, {
      "d" : "1756402860626948156",
      "t" : 1756402860626,
      "tn" : 1756402860626948156,
      "q" : "1547",
      "p" : "0.14561",
      "s" : "buy",
      "i" : "REQ_USD",
      "m" : "4611686018430202256"
    }, {
      "d" : "1756402860626946331",
      "t" : 1756402860626,
      "tn" : 1756402860626946331,
      "q" : "308",
      "p" : "0.14560",
      "s" : "buy",
      "i" : "REQ_USD",
      "m" : "4611686018430202255"
    }, {
      "d" : "1756400313416675390",
      "t" : 1756400313416,
      "tn" : 1756400313416675390,
      "q" : "1667",
      "p" : "0.14444",
      "s" : "buy",
      "i" : "REQ_USD",
      "m" : "4611686018430202254"
    }, {
      "d" : "1756400313416673636",
      "t" : 1756400313416,
      "tn" : 1756400313416673636,
      "q" : "130",
      "p" : "0.14442",
      "s" : "buy",
      "i" : "REQ_USD",
      "m" : "4611686018430202253"
    }, {
      "d" : "1756400313282765599",
      "t" : 1756400313282,
      "tn" : 1756400313282765599,
      "q" : "2819",
      "p" : "0.14442",
      "s" : "buy",
      "i" : "REQ_USD",
      "m" : "4611686018430202252"
    }, {
      "d" : "1756400313282763876",
      "t" : 1756400313282,
      "tn" : 1756400313282763876,
      "q" : "865",
      "p" : "0.14441",
      "s" : "buy",
      "i" : "REQ_USD",
      "m" : "4611686018430202251"
    }, {
      "d" : "1756399352456536561",
      "t" : 1756399352456,
      "tn" : 1756399352456536561,
      "q" : "460",
      "p" : "0.14446",
      "s" : "sell",
      "i" : "REQ_USD",
      "m" : "4611686018430202250"
    }, {
      "d" : "1756399301476009522",
      "t" : 1756399301476,
      "tn" : 1756399301476009522,
      "q" : "1250",
      "p" : "0.14479",
      "s" : "sell",
      "i" : "REQ_USD",
      "m" : "4611686018430202249"
    }, {
      "d" : "1756397678920723456",
      "t" : 1756397678920,
      "tn" : 1756397678920723456,
      "q" : "59",
      "p" : "0.14446",
      "s" : "sell",
      "i" : "REQ_USD",
      "m" : "4611686018430202248"
    }, {
      "d" : "1756393067620980745",
      "t" : 1756393067620,
      "tn" : 1756393067620980744,
      "q" : "7062",
      "p" : "0.14509",
      "s" : "sell",
      "i" : "REQ_USD",
      "m" : "4611686018430202247"
    }, {
      "d" : "1756391536547451428",
      "t" : 1756391536547,
      "tn" : 1756391536547451428,
      "q" : "800",
      "p" : "0.14460",
      "s" : "sell",
      "i" : "REQ_USD",
      "m" : "4611686018430202246"
    }, {
      "d" : "1756390937419256199",
      "t" : 1756390937419,
      "tn" : 1756390937419256199,
      "q" : "500",
      "p" : "0.14514",
      "s" : "sell",
      "i" : "REQ_USD",
      "m" : "4611686018430202245"
    }, {
      "d" : "1756390255024567612",
      "t" : 1756390255024,
      "tn" : 1756390255024567612,
      "q" : "862",
      "p" : "0.14493",
      "s" : "buy",
      "i" : "REQ_USD",
      "m" : "4611686018430202244"
    }, {
      "d" : "1756389065131330147",
      "t" : 1756389065131,
      "tn" : 1756389065131330147,
      "q" : "74",
      "p" : "0.14424",
      "s" : "sell",
      "i" : "REQ_USD",
      "m" : "4611686018430202243"
    }, {
      "d" : "1756387316677835691",
      "t" : 1756387316677,
      "tn" : 1756387316677835691,
      "q" : "140",
      "p" : "0.14456",
      "s" : "sell",
      "i" : "REQ_USD",
      "m" : "4611686018430202242"
    }, {
      "d" : "1756386842941364548",
      "t" : 1756386842941,
      "tn" : 1756386842941364548,
      "q" : "730",
      "p" : "0.14488",
      "s" : "buy",
      "i" : "REQ_USD",
      "m" : "4611686018430202241"
    }, {
      "d" : "1756386328850813350",
      "t" : 1756386328850,
      "tn" : 1756386328850813350,
      "q" : "200",
      "p" : "0.14448",
      "s" : "sell",
      "i" : "REQ_USD",
      "m" : "4611686018430202240"
    }, {
      "d" : "1756384636937937000",
      "t" : 1756384636937,
      "tn" : 1756384636937937000,
      "q" : "60",
      "p" : "0.14455",
      "s" : "sell",
      "i" : "REQ_USD",
      "m" : "4611686018430202239"
    }, {
      "d" : "1756379890159915655",
      "t" : 1756379890159,
      "tn" : 1756379890159915655,
      "q" : "257",
      "p" : "0.14493",
      "s" : "sell",
      "i" : "REQ_USD",
      "m" : "4611686018430202238"
    }, {
      "d" : "1756379212473455654",
      "t" : 1756379212473,
      "tn" : 1756379212473455654,
      "q" : "80",
      "p" : "0.14497",
      "s" : "sell",
      "i" : "REQ_USD",
      "m" : "4611686018430202237"
    }, {
      "d" : "1756379149721237180",
      "t" : 1756379149721,
      "tn" : 1756379149721237180,
      "q" : "652",
      "p" : "0.14510",
      "s" : "sell",
      "i" : "REQ_USD",
      "m" : "4611686018430202236"
    }, {
      "d" : "1756378400246162375",
      "t" : 1756378400246,
      "tn" : 1756378400246162375,
      "q" : "2282",
      "p" : "0.14541",
      "s" : "buy",
      "i" : "REQ_USD",
      "m" : "4611686018430202235"
    }, {
      "d" : "1756378400122828474",
      "t" : 1756378400122,
      "tn" : 1756378400122828474,
      "q" : "734",
      "p" : "0.14541",
      "s" : "buy",
      "i" : "REQ_USD",
      "m" : "4611686018430202234"
    }, {
      "d" : "1756378400122826863",
      "t" : 1756378400122,
      "tn" : 1756378400122826863,
      "q" : "1060",
      "p" : "0.14539",
      "s" : "buy",
      "i" : "REQ_USD",
      "m" : "4611686018430202233"
    }, {
      "d" : "1756378400122823707",
      "t" : 1756378400122,
      "tn" : 1756378400122823707,
      "q" : "799",
      "p" : "0.14538",
      "s" : "buy",
      "i" : "REQ_USD",
      "m" : "4611686018430202232"
    }, {
      "d" : "1756377583542004399",
      "t" : 1756377583542,
      "tn" : 1756377583542004399,
      "q" : "100",
      "p" : "0.14494",
      "s" : "sell",
      "i" : "REQ_USD",
      "m" : "4611686018430202231"
    }, {
      "d" : "1756376272198242280",
      "t" : 1756376272198,
      "tn" : 1756376272198242280,
      "q" : "60",
      "p" : "0.14522",
      "s" : "buy",
      "i" : "REQ_USD",
      "m" : "4611686018430202230"
    } ]
  }
}