{
  "id" : -1,
  "method" : "public/get-trades",
  "code" : 0,
  "result" : {
    "data" : [ {
      "d" : "1756451998440567423",
      "t" : 1756451998440,
      "tn" : 1756451998440567423,
      "q" : "283.5",
      "p" : "1.2590",
      "s" : "sell",
      "i" : "RLC_USDT",
      "m" : "4611686018430356431"
    }, {
      "d" : "1756451998438037062",
      "t" : 1756451998438,
      "tn" : 1756451998438037062,
      "q" : "86.3",
      "p" : "1.2590",
      "s" : "sell",
      "i" : "RLC_USDT",
      "m" : "4611686018430356430"
    }, {
      "d" : "1756451998437197788",
      "t" : 1756451998437,
      "tn" : 1756451998437197788,
      "q" : "149.3",
      "p" : "1.2590",
      "s" : "sell",
      "i" : "RLC_USDT",
      "m" : "4611686018430356429"
    }, {
      "d" : "1756451998435878842",
      "t" : 1756451998435,
      "tn" : 1756451998435878842,
      "q" : "79.1",
      "p" : "1.2590",
      "s" : "sell",
      "i" : "RLC_USDT",
      "m" : "4611686018430356428"
    }, {
      "d" : "1756451998434257862",
      "t" : 1756451998434,
      "tn" : 1756451998434257862,
      "q" : "176.3",
      "p" : "1.2609",
      "s" : "sell",
      "i" : "RLC_USDT",
      "m" : "4611686018430356427"
    }, {
      "d" : "1756451998433761659",
      "t" : 1756451998433,
      "tn" : 1756451998433761659,
      "q" : "148.1",
      "p" : "1.2609",
      "s" : "sell",
      "i" : "RLC_USDT",
      "m" : "4611686018430356426"
    }, {
      "d" : "1756451998433296935",
      "t" : 1756451998433,
      "tn" : 1756451998433296935,
      "q" : "147.9",
      "p" : "1.2609",
      "s" : "sell",
      "i" : "RLC_USDT",
      "m" : "4611686018430356425"
    }, {
      "d" : "1756451263372223800",
      "t" : 1756451263372,
      "tn" : 1756451263372223800,
      "q" : "30.7",
      "p" : "1.2799",
      "s" : "sell",
      "i" : "RLC_USDT",
      "m" : "4611686018430356424"
    }, {
      "d" : "1756451263293214454",
      "t" : 1756451263293,
      "tn" : 1756451263293214454,
      "q" : "465.4",
      "p" : "1.2807",
      "s" : "sell",
      "i" : "RLC_USDT",
      "m" : "4611686018430356423"
    }, {
      "d" : "1756451263292771336",
      "t" : 1756451263292,
      "tn" : 1756451263292771336,
      "q" : "68.6",
      "p" : "1.2826",
      "s" : "sell",
      "i" : "RLC_USDT",
      "m" : "4611686018430356422"
    }, {
      "d" : "1756451253239075288",
      "t" : 1756451253239,
      "tn" : 1756451253239075288,
      "q" : "4.4",
      "p" : "1.2856",
      "s" : "sell",
      "i" : "RLC_USDT",
      "m" : "4611686018430356421"
    }, {
      "d" : "1756450791794146407",
      "t" : 1756450791794,
      "tn" : 1756450791794146407,
      "q" : "56.6",
      "p" : "1.2668",
      "s" : "buy",
      "i" : "RLC_USDT",
      "m" : "4611686018430356420"
    }, {
      "d" : "1756450791643841564",
      "t" : 1756450791643,
      "tn" : 1756450791643841564,
      "q" : "465.0",
      "p" : "1.2667",
      "s" : "buy",
      "i" : "RLC_USDT",
      "m" : "4611686018430356419"
    }, {
      "d" : "1756450791643839302",
      "t" : 1756450791643,
      "tn" : 1756450791643839302,
      "q" : "31.0",
      "p" : "1.2665",
      "s" : "buy",
      "i" : "RLC_USDT",
      "m" : "4611686018430356418"
    }, {
      "d" : "1756450791643834844",
      "t" : 1756450791643,
      "tn" : 1756450791643834844,
      "q" : "144.1",
      "p" : "1.2605",
      "s" : "buy",
      "i" : "RLC_USDT",
      "m" : "4611686018430356417"
    }, {
      "d" : "1756450791643418782",
      "t" : 1756450791643,
      "tn" : 1756450791643418782,
      "q" : "4.4",
      "p" : "1.2605",
      "s" : "buy",
      "i" : "RLC_USDT",
      "m" : "4611686018430356416"
    }, {
      "d" : "1756448065927256453",
      "t" : 1756448065927,
      "tn" : 1756448065927256453,
      "q" : "171.7",
      "p" : "1.2774",
      "s" : "sell",
      "i" : "RLC_USDT",
      "m" : "4611686018430356415"
    }, {
      "d" : "1756448065923862975",
      "t" : 1756448065923,
      "tn" : 1756448065923862975,
      "q" : "443.4",
      "p" : "1.2774",
      "s" : "sell",
      "i" : "RLC_USDT",
      "m" : "4611686018430356414"
    }, {
      "d" : "1756448065915207237",
      "t" : 1756448065915,
      "tn" : 1756448065915207237,
      "q" : "348.1",
      "p" : "1.2824",
      "s" : "sell",
      "i" : "RLC_USDT",
      "m" : "4611686018430356413"
    }, {
      "d" : "1756448065913626978",
      "t" : 1756448065913,
      "tn" : 1756448065913626978,
      "q" : "269.0",
      "p" : "1.2824",
      "s" : "sell",
      "i" : "RLC_USDT",
      "m" : "4611686018430356412"
    }, {
      "d" : "1756448065913625535",
      "t" : 1756448065913,
      "tn" : 1756448065913625535,
      "q" : "464.1",
      "p" : "1.2844",
      "s" : "sell",
      "i" : "RLC_USDT",
      "m" : "4611686018430356411"
    }, {
      "d" : "1756441277752700074",
      "t" : 1756441277752,
      "tn" : 1756441277752700074,
      "q" : "31.0",
      "p" : "1.2799",
      "s" : "sell",
      "i" : "RLC_USDT",
      "m" : "4611686018430356410"
    }, {
      "d" : "1756441271103159531",
      "t" : 1756441271103,
      "tn" : 1756441271103159531,
      "q" : "22.7",
      "p" : "1.2867",
      "s" : "sell",
      "i" : "RLC_USDT",
      "m" : "4611686018430356409"
    }, {
      "d" : "1756439380840119786",
      "t" : 1756439380840,
      "tn" : 1756439380840119786,
      "q" : "30.6",
      "p" : "1.2956",
      "s" : "buy",
      "i" : "RLC_USDT",
      "m" : "4611686018430356408"
    }, {
      "d" : "1756439268103748756",
      "t" : 1756439268103,
      "tn" : 1756439268103748756,
      "q" : "15.5",
      "p" : "1.2870",
      "s" : "sell",
      "i" : "RLC_USDT",
      "m" : "4611686018430356407"
    }, {
      "d" : "1756434794090880261",
      "t" : 1756434794090,
      "tn" : 1756434794090880261,
      "q" : "30.6",
      "p" : "1.2993",
      "s" : "sell",
      "i" : "RLC_USDT",
      "m" : "4611686018430356406"
    }, {
      "d" : "1756434793799470136",
      "t" : 1756434793799,
      "tn" : 1756434793799470136,
      "q" : "154.0",
      "p" : "1.2990",
      "s" : "sell",
      "i" : "RLC_USDT",
      "m" : "4611686018430356405"
    }, {
      "d" : "1756434793623674472",
      "t" : 1756434793623,
      "tn" : 1756434793623674472,
      "q" : "28.3",
      "p" : "1.3017",
      "s" : "sell",
      "i" : "RLC_USDT",
      "m" : "4611686018430356404"
    }, {
      "d" : "1756434793620968970",
      "t" : 1756434793620,
      "tn" : 1756434793620968970,
      "q" : "86.7",
      "p" : "1.3017",
      "s" : "sell",
      "i" : "RLC_USDT",
      "m" : "4611686018430356403"
    }, {
      "d" : "1756434753481014740",
      "t" : 1756434753481,
      "tn" : 1756434753481014740,
      "q" : "115.2",
      "p" : "1.3015",
      "s" : "sell",
      "i" : "RLC_USDT",
      "m" : "4611686018430356402"
    }, {
      "d" : "1756431908038772585",
      "t" : 1756431908038,
      "tn" : 1756431908038772585,
      "q" : "116.2",
      "p" : "1.2875",
      "s" : "sell",
      "i" : "RLC_USDT",
      "m" : "4611686018430356401"
    }, {
      "d" : "1756430173969007076",
      "t" : 1756430173969,
      "tn" : 1756430173969007076,
      "q" : "31.2",
      "p" : "1.2767",
      "s" : "buy",
      "i" : "RLC_USDT",
      "m" : "4611686018430356400"
    }, {
      "d" : "1756429421245016045",
      "t" : 1756429421245,
      "tn" : 1756429421245016045,
      "q" : "117.8",
      "p" : "1.2729",
      "s" : "sell",
      "i" : "RLC_USDT",
      "m" : "4611686018430356399"
    }, {
      "d" : "1756427925277954718",
      "t" : 1756427925277,
      "tn" : 1756427925277954718,
      "q" : "120.4",
      "p" : "1.2996",
      "s" : "buy",
      "i" : "RLC_USDT",
      "m" : "4611686018430356398"
    }, {
      "d" : "1756424158438908425",
      "t" : 1756424158438,
      "tn" : 1756424158438908425,
      "q" : "49.2",
      "p" : "1.2995",
      "s" : "sell",
      "i" : "RLC_USDT",
      "m" : "4611686018430356397"
    }, {
      "d" : "1756416062338880511",
      "t" : 1756416062338,
      "tn" : 1756416062338880511,
      "q" : "116.1",
      "p" : "1.2917",
      "s" : "sell",
      "i" : "RLC_USDT",
      "m" : "4611686018430356396"
    }, {
      "d" : "1756412762728936588",
      "t" : 1756412762728,
      "tn" : 1756412762728936588,
      "q" : "87.3",
      "p" : "1.3165",
      "s" : "sell",
      "i" : "RLC_USDT",
      "m" : "4611686018430356395"
    }, {
      "d" : "1756410499130911167",
      "t" : 1756410499130,
      "tn" : 1756410499130911167,
      "q" : "31.2",
      "p" : "1.2830",
      "s" : "sell",
      "i" : "RLC_USDT",
      "m" : "4611686018430356394"
    }, {
      "d" : "1756407645977810972",
      "t" : 1756407645977,
      "tn" : 1756407645977810972,
      "q" : "56.6",
      "p" : "1.3166",
      "s" : "sell",
      "i" : "RLC_USDT",
      "m" : "4611686018430356393"
    }, {
      "d" : "1756407141200852842",
      "t" : 1756407141200,
      "tn" : 1756407141200852842,
      "q" : "28.4",
      "p" : "1.3191",
      "s" : "sell",
      "i" : "RLC_USDT",
      "m" : "4611686018430356392"
    }, {
      "d" : "1756407141062141723",
      "t" : 1756407141062,
      "tn" : 1756407141062141723,
      "q" : "84.5",
      "p" : "1.3204",
      "s" : "sell",
      "i" : "RLC_USDT",
      "m" : "4611686018430356391"
    }, {
      "d" : "1756407141060427886",
      "t" : 1756407141060,
      "tn" : 1756407141060427886,
      "q" : "29.1",
      "p" : "1.3204",
      "s" : "sell",
      "i" : "RLC_USDT",
      "m" : "4611686018430356390"
    }, {
      "d" : "1756407016144067804",
      "t" : 1756407016144,
      "tn" : 1756407016144067804,
      "q" : "28.3",
      "p" : "1.3276",
      "s" : "buy",
      "i" : "RLC_USDT",
      "m" : "4611686018430356389"
    }, {
      "d" : "1756406868227095945",
      "t" : 1756406868227,
      "tn" : 1756406868227095945,
      "q" : "250.3",
      "p" : "1.3080",
      "s" : "buy",
      "i" : "RLC_USDT",
      "m" : "4611686018430356388"
    }, {
      "d" : "1756406868226377970",
      "t" : 1756406868226,
      "tn" : 1756406868226377970,
      "q" : "789.6",
      "p" : "1.3076",
      "s" : "buy",
      "i" : "RLC_USDT",
      "m" : "4611686018430356387"
    }, {
      "d" : "1756406868226375955",
      "t" : 1756406868226,
      "tn" : 1756406868226375955,
      "q" : "596.0",
      "p" : "1.3055",
      "s" : "buy",
      "i" : "RLC_USDT",
      "m" : "4611686018430356386"
    }, {
      "d" : "1756406868226372650",
      "t" : 1756406868226,
      "tn" : 1756406868226372650,
      "q" : "19.5",
      "p" : "1.3054",
      "s" : "buy",
      "i" : "RLC_USDT",
      "m" : "4611686018430356385"
    }, {
      "d" : "1756406868226369186",
      "t" : 1756406868226,
      "tn" : 1756406868226369186,
      "q" : "789.6",
      "p" : "1.3048",
      "s" : "buy",
      "i" : "RLC_USDT",
      "m" : "4611686018430356384"
    }, {
      "d" : "1756406868226366543",
      "t" : 1756406868226,
      "tn" : 1756406868226366543,
      "q" : "465.0",
      "p" : "1.3039",
      "s" : "buy",
      "i" : "RLC_USDT",
      "m" : "4611686018430356383"
    }, {
      "d" : "1756406868226363628",
      "t" : 1756406868226,
      "tn" : 1756406868226363628,
      "q" : "16.7",
      "p" : "1.3038",
      "s" : "buy",
      "i" : "RLC_USDT",
      "m" : "4611686018430356382"
    }, {
      "d" : "1756406192083646425",
      "t" : 1756406192083,
      "tn" : 1756406192083646425,
      "q" : "19.3",
      "p" : "1.2940",
      "s" : "sell",
      "i" : "RLC_USDT",
      "m" : "4611686018430356381"
    }, {
      "d" : "1756404956077568374",
      "t" : 1756404956077,
      "tn" : 1756404956077568374,
      "q" : "11.6",
      "p" : "1.2918",
      "s" : "buy",
      "i" : "RLC_USDT",
      "m" : "4611686018430356380"
    }, {
      "d" : "1756404914418382437",
      "t" : 1756404914418,
      "tn" : 1756404914418382437,
      "q" : "100.0",
      "p" : "1.2958",
      "s" : "buy",
      "i" : "RLC_USDT",
      "m" : "4611686018430356379"
    }, {
      "d" : "1756404008572490628",
      "t" : 1756404008572,
      "tn" : 1756404008572490628,
      "q" : "2.5",
      "p" : "1.3203",
      "s" : "sell",
      "i" : "RLC_USDT",
      "m" : "4611686018430356378"
    }, {
      "d" : "1756403989579820333",
      "t" : 1756403989579,
      "tn" : 1756403989579820333,
      "q" : "29.9",
      "p" : "1.3249",
      "s" : "buy",
      "i" : "RLC_USDT",
      "m" : "4611686018430356377"
    }, {
      "d" : "1756403989579696208",
      "t" : 1756403989579,
      "tn" : 1756403989579696208,
      "q" : "30.2",
      "p" : "1.3249",
      "s" : "buy",
      "i" : "RLC_USDT",
      "m" : "4611686018430356376"
    }, {
      "d" : "1756403414405336803",
      "t" : 1756403414405,
      "tn" : 1756403414405336803,
      "q" : "6.7",
      "p" : "1.3600",
      "s" : "buy",
      "i" : "RLC_USDT",
      "m" : "4611686018430356375"
    }, {
      "d" : "1756403414401341640",
      "t" : 1756403414401,
      "tn" : 1756403414401341640,
      "q" : "19.3",
      "p" : "1.3600",
      "s" : "buy",
      "i" : "RLC_USDT",
      "m" : "4611686018430356374"
    }, {
      "d" : "1756403262183910890",
      "t" : 1756403262183,
      "tn" : 1756403262183910890,
      "q" : "28.5",
      "p" : "1.3579",
      "s" : "buy",
      "i" : "RLC_USDT",
      "m" : "4611686018430356373"
    }, {
      "d" : "1756403071401773523",
      "t" : 1756403071401,
      "tn" : 1756403071401773523,
      "q" : "18.9",
      "p" : "1.3251",
      "s" : "sell",
      "i" : "RLC_USDT",
      "m" : "4611686018430356372"
    }, {
      "d" : "1756401187232056510",
      "t" : 1756401187232,
      "tn" : 1756401187232056510,
      "q" : "69.2",
      "p" : "1.2687",
      "s" : "buy",
      "i" : "RLC_USDT",
      "m" : "4611686018430356371"
    }, {
      "d" : "1756401165356635129",
      "t" : 1756401165356,
      "tn" : 1756401165356635129,
      "q" : "236.3",
      "p" : "1.2697",
      "s" : "sell",
      "i" : "RLC_USDT",
      "m" : "4611686018430356370"
    }, {
      "d" : "1756401165345914692",
      "t" : 1756401165345,
      "tn" : 1756401165345914692,
      "q" : "96.4",
      "p" : "1.2697",
      "s" : "buy",
      "i" : "RLC_USDT",
      "m" : "4611686018430356369"
    }, {
      "d" : "1756401165344753204",
      "t" : 1756401165344,
      "tn" : 1756401165344753204,
      "q" : "368.6",
      "p" : "1.2697",
      "s" : "buy",
      "i" : "RLC_USDT",
      "m" : "4611686018430356368"
    }, {
      "d" : "1756400690347748556",
      "t" : 1756400690347,
      "tn" : 1756400690347748556,
      "q" : "7.8",
      "p" : "1.2667",
      "s" : "buy",
      "i" : "RLC_USDT",
      "m" : "4611686018430356367"
    }, {
      "d" : "1756400690325361181",
      "t" : 1756400690325,
      "tn" : 1756400690325361181,
      "q" : "71.1",
      "p" : "1.2667",
      "s" : "buy",
      "i" : "RLC_USDT",
      "m" : "4611686018430356366"
    }, {
      "d" : "1756400690324282650",
      "t" : 1756400690324,
      "tn" : 1756400690324282650,
      "q" : "170.8",
      "p" : "1.2667",
      "s" : "buy",
      "i" : "RLC_USDT",
      "m" : "4611686018430356365"
    }, {
      "d" : "1756398419037011747",
      "t" : 1756398419037,
      "tn" : 1756398419037011747,
      "q" : "1.8",
      "p" : "1.2725",
      "s" : "sell",
      "i" : "RLC_USDT",
      "m" : "4611686018430356364"
    }, {
      "d" : "1756398405106972760",
      "t" : 1756398405106,
      "tn" : 1756398405106972760,
      "q" : "5.1",
      "p" : "1.2805",
      "s" : "sell",
      "i" : "RLC_USDT",
      "m" : "4611686018430356363"
    }, {
      "d" : "1756395344974379653",
      "t" : 1756395344974,
      "tn" : 1756395344974379653,
      "q" : "157.6",
      "p" : "1.3089",
      "s" : "sell",
      "i" : "RLC_USDT",
      "m" : "4611686018430356362"
    }, {
      "d" : "1756395344974378075",
      "t" : 1756395344974,
      "tn" : 1756395344974378075,
      "q" : "11.8",
      "p" : "1.3090",
      "s" : "sell",
      "i" : "RLC_USDT",
      "m" : "4611686018430356361"
    }, {
      "d" : "1756395025771415139",
      "t" : 1756395025771,
      "tn" : 1756395025771415139,
      "q" : "1.4",
      "p" : "1.3300",
      "s" : "sell",
      "i" : "RLC_USDT",
      "m" : "4611686018430356360"
    }, {
      "d" : "1756395025770493233",
      "t" : 1756395025770,
      "tn" : 1756395025770493233,
      "q" : "8.3",
      "p" : "1.3300",
      "s" : "sell",
      "i" : "RLC_USDT",
      "m" : "4611686018430356359"
    }, {
      "d" : "1756394901515020888",
      "t" : 1756394901515,
      "tn" : 1756394901515020888,
      "q" : "15.2",
      "p" : "1.3464",
      "s" : "buy",
      "i" : "RLC_USDT",
      "m" : "4611686018430356358"
    }, {
      "d" : "1756390810318548490",
      "t" : 1756390810318,
      "tn" : 1756390810318548490,
      "q" : "139.7",
      "p" : "1.4099",
      "s" : "sell",
      "i" : "RLC_USDT",
      "m" : "4611686018430356357"
    }, {
      "d" : "1756390810018806395",
      "t" : 1756390810018,
      "tn" : 1756390810018806395,
      "q" : "56.7",
      "p" : "1.4116",
      "s" : "sell",
      "i" : "RLC_USDT",
      "m" : "4611686018430356356"
    }, {
      "d" : "1756390774397387121",
      "t" : 1756390774397,
      "tn" : 1756390774397387121,
      "q" : "0.2",
      "p" : "1.4238",
      "s" : "sell",
      "i" : "RLC_USDT",
      "m" : "4611686018430356355"
    }, {
      "d" : "1756390384660536504",
      "t" : 1756390384660,
      "tn" : 1756390384660536504,
      "q" : "28.1",
      "p" : "1.4238",
      "s" : "sell",
      "i" : "RLC_USDT",
      "m" : "4611686018430356354"
    }, {
      "d" : "1756390384642666095",
      "t" : 1756390384642,
      "tn" : 1756390384642666095,
      "q" : "56.2",
      "p" : "1.4238",
      "s" : "sell",
      "i" : "RLC_USDT",
      "m" : "4611686018430356353"
    }, {
      "d" : "1756390384634169740",
      "t" : 1756390384634,
      "tn" : 1756390384634169740,
      "q" : "11.2",
      "p" : "1.4238",
      "s" : "sell",
      "i" : "RLC_USDT",
      "m" : "4611686018430356352"
    }, {
      "d" : "1756390384633717686",
      "t" : 1756390384633,
      "tn" : 1756390384633717686,
      "q" : "11.1",
      "p" : "1.4238",
      "s" : "sell",
      "i" : "RLC_USDT",
      "m" : "4611686018430356351"
    }, {
      "d" : "1756390384588669124",
      "t" : 1756390384588,
      "tn" : 1756390384588669124,
      "q" : "351.2",
      "p" : "1.4238",
      "s" : "sell",
      "i" : "RLC_USDT",
      "m" : "4611686018430356350"
    }, {
      "d" : "1756390384527608739",
      "t" : 1756390384527,
      "tn" : 1756390384527608739,
      "q" : "153.7",
      "p" : "1.4238",
      "s" : "sell",
      "i" : "RLC_USDT",
      "m" : "4611686018430356349"
    }, {
      "d" : "1756390384471241397",
      "t" : 1756390384471,
      "tn" : 1756390384471241397,
      "q" : "26.6",
      "p" : "1.4238",
      "s" : "sell",
      "i" : "RLC_USDT",
      "m" : "4611686018430356348"
    }, {
      "d" : "1756390384469616215",
      "t" : 1756390384469,
      "tn" : 1756390384469616215,
      "q" : "15.5",
      "p" : "1.4238",
      "s" : "sell",
      "i" : "RLC_USDT",
      "m" : "4611686018430356347"
    }, {
      "d" : "1756390384413129782",
      "t" : 1756390384413,
      "tn" : 1756390384413129782,
      "q" : "64.2",
      "p" : "1.4238",
      "s" : "sell",
      "i" : "RLC_USDT",
      "m" : "4611686018430356346"
    }, {
      "d" : "1756390384381710888",
      "t" : 1756390384381,
      "tn" : 1756390384381710888,
      "q" : "169.1",
      "p" : "1.4238",
      "s" : "sell",
      "i" : "RLC_USDT",
      "m" : "4611686018430356345"
    }, {
      "d" : "1756390384366536038",
      "t" : 1756390384366,
      "tn" : 1756390384366536038,
      "q" : "24.0",
      "p" : "1.4238",
      "s" : "sell",
      "i" : "RLC_USDT",
      "m" : "4611686018430356344"
    }, {
      "d" : "1756390384298057081",
      "t" : 1756390384298,
      "tn" : 1756390384298057081,
      "q" : "211.0",
      "p" : "1.4238",
      "s" : "sell",
      "i" : "RLC_USDT",
      "m" : "4611686018430356343"
    }, {
      "d" : "1756390384297533563",
      "t" : 1756390384297,
      "tn" : 1756390384297533563,
      "q" : "351.2",
      "p" : "1.4238",
      "s" : "sell",
      "i" : "RLC_USDT",
      "m" : "4611686018430356342"
    }, {
      "d" : "1756390384247963897",
      "t" : 1756390384247,
      "tn" : 1756390384247963897,
      "q" : "210.2",
      "p" : "1.4238",
      "s" : "sell",
      "i" : "RLC_USDT",
      "m" : "4611686018430356341"
    }, {
      "d" : "1756390384238584433",
      "t" : 1756390384238,
      "tn" : 1756390384238584433,
      "q" : "351.2",
      "p" : "1.4238",
      "s" : "sell",
      "i" : "RLC_USDT",
      "m" : "4611686018430356340"
    }, {
      "d" : "1756390384225621411",
      "t" : 1756390384225,
      "tn" : 1756390384225621411,
      "q" : "8.0",
      "p" : "1.4238",
      "s" : "sell",
      "i" : "RLC_USDT",
      "m" : "4611686018430356339"
    }, {
      "d" : "1756390384222909170",
      "t" : 1756390384222,
      "tn" : 1756390384222909170,
      "q" : "11.2",
      "p" : "1.4238",
      "s" : "sell",
      "i" : "RLC_USDT",
      "m" : "4611686018430356338"
    }, {
      "d" : "1756390384222384077",
      "t" : 1756390384222,
      "tn" : 1756390384222384077,
      "q" : "11.1",
      "p" : "1.4238",
      "s" : "sell",
      "i" : "RLC_USDT",
      "m" : "4611686018430356337"
    }, {
      "d" : "1756390384222328787",
      "t" : 1756390384222,
      "tn" : 1756390384222328787,
      "q" : "646.3",
      "p" : "1.4238",
      "s" : "sell",
      "i" : "RLC_USDT",
      "m" : "4611686018430356336"
    }, {
      "d" : "1756390384221051779",
      "t" : 1756390384221,
      "tn" : 1756390384221051779,
      "q" : "351.2",
      "p" : "1.4238",
      "s" : "sell",
      "i" : "RLC_USDT",
      "m" : "4611686018430356335"
    }, {
      "d" : "1756390384220645155",
      "t" : 1756390384220,
      "tn" : 1756390384220645155,
      "q" : "1687.9",
      "p" : "1.4238",
      "s" : "sell",
      "i" : "RLC_USDT",
      "m" : "4611686018430356334"
    }, {
      "d" : "1756390344296114052",
      "t" : 1756390344296,
      "tn" : 1756390344296114052,
      "q" : "4295.9",
      "p" : "1.4198",
      "s" : "sell",
      "i" : "RLC_USDT",
      "m" : "4611686018430356333"
    }, {
      "d" : "1756390344295874789",
      "t" : 1756390344295,
      "tn" : 1756390344295874789,
      "q" : "1006.5",
      "p" : "1.4198",
      "s" : "sell",
      "i" : "RLC_USDT",
      "m" : "4611686018430356332"
    }, {
      "d" : "1756390344292101403",
      "t" : 1756390344292,
      "tn" : 1756390344292101403,
      "q" : "789.6",
      "p" : "1.4196",
      "s" : "buy",
      "i" : "RLC_USDT",
      "m" : "4611686018430356331"
    }, {
      "d" : "1756390344292100121",
      "t" : 1756390344292,
      "tn" : 1756390344292100121,
      "q" : "422.7",
      "p" : "1.4189",
      "s" : "buy",
      "i" : "RLC_USDT",
      "m" : "4611686018430356330"
    }, {
      "d" : "1756390344292097559",
      "t" : 1756390344292,
      "tn" : 1756390344292097559,
      "q" : "465.0",
      "p" : "1.4183",
      "s" : "buy",
      "i" : "RLC_USDT",
      "m" : "4611686018430356329"
    }, {
      "d" : "1756390344292096177",
      "t" : 1756390344292,
      "tn" : 1756390344292096177,
      "q" : "335.5",
      "p" : "1.4182",
      "s" : "buy",
      "i" : "RLC_USDT",
      "m" : "4611686018430356328"
    }, {
      "d" : "1756390315173131923",
      "t" : 1756390315173,
      "tn" : 1756390315173131923,
      "q" : "808.2",
      "p" : "1.4117",
      "s" : "buy",
      "i" : "RLC_USDT",
      "m" : "4611686018430356327"
    }, {
      "d" : "1756390315169328017",
      "t" : 1756390315169,
      "tn" : 1756390315169328017,
      "q" : "63.8",
      "p" : "1.4117",
      "s" : "buy",
      "i" : "RLC_USDT",
      "m" : "4611686018430356326"
    }, {
      "d" : "1756390315168674278",
      "t" : 1756390315168,
      "tn" : 1756390315168674278,
      "q" : "347.1",
      "p" : "1.4117",
      "s" : "buy",
      "i" : "RLC_USDT",
      "m" : "4611686018430356325"
    }, {
      "d" : "1756390315168188311",
      "t" : 1756390315168,
      "tn" : 1756390315168188311,
      "q" : "5184.8",
      "p" : "1.4117",
      "s" : "buy",
      "i" : "RLC_USDT",
      "m" : "4611686018430356324"
    }, {
      "d" : "1756390315164274148",
      "t" : 1756390315164,
      "tn" : 1756390315164274148,
      "q" : "966.8",
      "p" : "1.4117",
      "s" : "buy",
      "i" : "RLC_USDT",
      "m" : "4611686018430356323"
    }, {
      "d" : "1756387286394310527",
      "t" : 1756387286394,
      "tn" : 1756387286394310527,
      "q" : "107.2",
      "p" : "1.4837",
      "s" : "sell",
      "i" : "RLC_USDT",
      "m" : "4611686018430356322"
    }, {
      "d" : "1756387286393822584",
      "t" : 1756387286393,
      "tn" : 1756387286393822584,
      "q" : "90.3",
      "p" : "1.4837",
      "s" : "sell",
      "i" : "RLC_USDT",
      "m" : "4611686018430356321"
    }, {
      "d" : "1756387286389328520",
      "t" : 1756387286389,
      "tn" : 1756387286389328520,
      "q" : "337.0",
      "p" : "1.4837",
      "s" : "sell",
      "i" : "RLC_USDT",
      "m" : "4611686018430356320"
    }, {
      "d" : "1756387286387153293",
      "t" : 1756387286387,
      "tn" : 1756387286387153293,
      "q" : "400.1",
      "p" : "1.4860",
      "s" : "sell",
      "i" : "RLC_USDT",
      "m" : "4611686018430356319"
    }, {
      "d" : "1756387286387151296",
      "t" : 1756387286387,
      "tn" : 1756387286387151296,
      "q" : "100.9",
      "p" : "1.4864",
      "s" : "sell",
      "i" : "RLC_USDT",
      "m" : "4611686018430356318"
    }, {
      "d" : "1756386062593565228",
      "t" : 1756386062593,
      "tn" : 1756386062593565228,
      "q" : "57.1",
      "p" : "1.5027",
      "s" : "sell",
      "i" : "RLC_USDT",
      "m" : "4611686018430356317"
    }, {
      "d" : "1756386062585847987",
      "t" : 1756386062585,
      "tn" : 1756386062585847987,
      "q" : "169.6",
      "p" : "1.5027",
      "s" : "sell",
      "i" : "RLC_USDT",
      "m" : "4611686018430356316"
    }, {
      "d" : "1756386062583889437",
      "t" : 1756386062583,
      "tn" : 1756386062583889437,
      "q" : "169.6",
      "p" : "1.5027",
      "s" : "sell",
      "i" : "RLC_USDT",
      "m" : "4611686018430356315"
    }, {
      "d" : "1756385578610286518",
      "t" : 1756385578610,
      "tn" : 1756385578610286518,
      "q" : "97.0",
      "p" : "1.5244",
      "s" : "sell",
      "i" : "RLC_USDT",
      "m" : "4611686018430356314"
    }, {
      "d" : "1756385578605488120",
      "t" : 1756385578605,
      "tn" : 1756385578605488120,
      "q" : "70.7",
      "p" : "1.5262",
      "s" : "sell",
      "i" : "RLC_USDT",
      "m" : "4611686018430356313"
    }, {
      "d" : "1756385527681255726",
      "t" : 1756385527681,
      "tn" : 1756385527681255726,
      "q" : "28.9",
      "p" : "1.5329",
      "s" : "sell",
      "i" : "RLC_USDT",
      "m" : "4611686018430356312"
    }, {
      "d" : "1756385015439142651",
      "t" : 1756385015439,
      "tn" : 1756385015439142651,
      "q" : "221.6",
      "p" : "1.5178",
      "s" : "buy",
      "i" : "RLC_USDT",
      "m" : "4611686018430356311"
    }, {
      "d" : "1756385015431042251",
      "t" : 1756385015431,
      "tn" : 1756385015431042251,
      "q" : "174.6",
      "p" : "1.5178",
      "s" : "buy",
      "i" : "RLC_USDT",
      "m" : "4611686018430356310"
    }, {
      "d" : "1756385015431040905",
      "t" : 1756385015431,
      "tn" : 1756385015431040905,
      "q" : "29.5",
      "p" : "1.5175",
      "s" : "buy",
      "i" : "RLC_USDT",
      "m" : "4611686018430356309"
    }, {
      "d" : "1756384754682844474",
      "t" : 1756384754682,
      "tn" : 1756384754682844474,
      "q" : "132.2",
      "p" : "1.4964",
      "s" : "sell",
      "i" : "RLC_USDT",
      "m" : "4611686018430356308"
    }, {
      "d" : "1756384754679275491",
      "t" : 1756384754679,
      "tn" : 1756384754679275491,
      "q" : "187.0",
      "p" : "1.4964",
      "s" : "sell",
      "i" : "RLC_USDT",
      "m" : "4611686018430356307"
    }, {
      "d" : "1756384754674066660",
      "t" : 1756384754674,
      "tn" : 1756384754674066660,
      "q" : "78.6",
      "p" : "1.4964",
      "s" : "sell",
      "i" : "RLC_USDT",
      "m" : "4611686018430356306"
    }, {
      "d" : "1756384164822755012",
      "t" : 1756384164822,
      "tn" : 1756384164822755012,
      "q" : "181.2",
      "p" : "1.5107",
      "s" : "sell",
      "i" : "RLC_USDT",
      "m" : "4611686018430356305"
    }, {
      "d" : "1756384164820765024",
      "t" : 1756384164820,
      "tn" : 1756384164820765024,
      "q" : "273.2",
      "p" : "1.5107",
      "s" : "sell",
      "i" : "RLC_USDT",
      "m" : "4611686018430356304"
    }, {
      "d" : "1756384164817937984",
      "t" : 1756384164817,
      "tn" : 1756384164817937984,
      "q" : "71.2",
      "p" : "1.5107",
      "s" : "sell",
      "i" : "RLC_USDT",
      "m" : "4611686018430356303"
    }, {
      "d" : "1756384164817936595",
      "t" : 1756384164817,
      "tn" : 1756384164817936595,
      "q" : "98.4",
      "p" : "1.5108",
      "s" : "sell",
      "i" : "RLC_USDT",
      "m" : "4611686018430356302"
    }, {
      "d" : "1756384164676433984",
      "t" : 1756384164676,
      "tn" : 1756384164676433984,
      "q" : "393.7",
      "p" : "1.5123",
      "s" : "sell",
      "i" : "RLC_USDT",
      "m" : "4611686018430356301"
    }, {
      "d" : "1756384164676431715",
      "t" : 1756384164676,
      "tn" : 1756384164676431715,
      "q" : "465.0",
      "p" : "1.5129",
      "s" : "sell",
      "i" : "RLC_USDT",
      "m" : "4611686018430356300"
    }, {
      "d" : "1756384107682018817",
      "t" : 1756384107682,
      "tn" : 1756384107682018817,
      "q" : "150.7",
      "p" : "1.5196",
      "s" : "sell",
      "i" : "RLC_USDT",
      "m" : "4611686018430356299"
    }, {
      "d" : "1756384107679330848",
      "t" : 1756384107679,
      "tn" : 1756384107679330848,
      "q" : "169.6",
      "p" : "1.5196",
      "s" : "sell",
      "i" : "RLC_USDT",
      "m" : "4611686018430356298"
    }, {
      "d" : "1756384107674134673",
      "t" : 1756384107674,
      "tn" : 1756384107674134673,
      "q" : "71.6",
      "p" : "1.5196",
      "s" : "sell",
      "i" : "RLC_USDT",
      "m" : "4611686018430356297"
    }, {
      "d" : "1756384107674132735",
      "t" : 1756384107674,
      "tn" : 1756384107674132735,
      "q" : "98.0",
      "p" : "1.5197",
      "s" : "sell",
      "i" : "RLC_USDT",
      "m" : "4611686018430356296"
    }, {
      "d" : "1756384107261327617",
      "t" : 1756384107261,
      "tn" : 1756384107261327617,
      "q" : "29.5",
      "p" : "1.5241",
      "s" : "sell",
      "i" : "RLC_USDT",
      "m" : "4611686018430356295"
    }, {
      "d" : "1756383418770188878",
      "t" : 1756383418770,
      "tn" : 1756383418770188878,
      "q" : "24.2",
      "p" : "1.5501",
      "s" : "sell",
      "i" : "RLC_USDT",
      "m" : "4611686018430356294"
    }, {
      "d" : "1756383389639951051",
      "t" : 1756383389639,
      "tn" : 1756383389639951051,
      "q" : "24.1",
      "p" : "1.5597",
      "s" : "buy",
      "i" : "RLC_USDT",
      "m" : "4611686018430356293"
    }, {
      "d" : "1756383243449748199",
      "t" : 1756383243449,
      "tn" : 1756383243449748199,
      "q" : "29.2",
      "p" : "1.5412",
      "s" : "buy",
      "i" : "RLC_USDT",
      "m" : "4611686018430356292"
    }, {
      "d" : "1756383243429999185",
      "t" : 1756383243429,
      "tn" : 1756383243429999185,
      "q" : "1073.5",
      "p" : "1.5372",
      "s" : "buy",
      "i" : "RLC_USDT",
      "m" : "4611686018430356291"
    }, {
      "d" : "1756383243429997101",
      "t" : 1756383243429,
      "tn" : 1756383243429997101,
      "q" : "250.3",
      "p" : "1.5360",
      "s" : "buy",
      "i" : "RLC_USDT",
      "m" : "4611686018430356290"
    }, {
      "d" : "1756383243429994789",
      "t" : 1756383243429,
      "tn" : 1756383243429994789,
      "q" : "596.0",
      "p" : "1.5347",
      "s" : "buy",
      "i" : "RLC_USDT",
      "m" : "4611686018430356289"
    }, {
      "d" : "1756383243429992795",
      "t" : 1756383243429,
      "tn" : 1756383243429992795,
      "q" : "789.6",
      "p" : "1.5344",
      "s" : "buy",
      "i" : "RLC_USDT",
      "m" : "4611686018430356288"
    }, {
      "d" : "1756383243429990089",
      "t" : 1756383243429,
      "tn" : 1756383243429990089,
      "q" : "465.0",
      "p" : "1.5327",
      "s" : "buy",
      "i" : "RLC_USDT",
      "m" : "4611686018430356287"
    }, {
      "d" : "1756383243429987024",
      "t" : 1756383243429,
      "tn" : 1756383243429987024,
      "q" : "335.5",
      "p" : "1.5326",
      "s" : "buy",
      "i" : "RLC_USDT",
      "m" : "4611686018430356286"
    }, {
      "d" : "1756383185049928898",
      "t" : 1756383185049,
      "tn" : 1756383185049928898,
      "q" : "29.2",
      "p" : "1.5273",
      "s" : "sell",
      "i" : "RLC_USDT",
      "m" : "4611686018430356285"
    }, {
      "d" : "1756382661578892702",
      "t" : 1756382661578,
      "tn" : 1756382661578892702,
      "q" : "224.4",
      "p" : "1.5342",
      "s" : "buy",
      "i" : "RLC_USDT",
      "m" : "4611686018430356284"
    }, {
      "d" : "1756382661503925250",
      "t" : 1756382661503,
      "tn" : 1756382661503925250,
      "q" : "47.4",
      "p" : "1.5319",
      "s" : "buy",
      "i" : "RLC_USDT",
      "m" : "4611686018430356283"
    }, {
      "d" : "1756382661503345295",
      "t" : 1756382661503,
      "tn" : 1756382661503345295,
      "q" : "345.6",
      "p" : "1.5319",
      "s" : "buy",
      "i" : "RLC_USDT",
      "m" : "4611686018430356282"
    } ]
  }
}