{
  "id" : -1,
  "method" : "public/get-trades",
  "code" : 0,
  "result" : {
    "data" : [ {
      "d" : "1756462101417965834",
      "t" : 1756462101417,
      "tn" : 1756462101417965834,
      "q" : "10.3",
      "p" : "1.2749",
      "s" : "buy",
      "i" : "RLC_USD",
      "m" : "4611686018430021967"
    }, {
      "d" : "1756462078847995899",
      "t" : 1756462078847,
      "tn" : 1756462078847995899,
      "q" : "12.6",
      "p" : "1.2686",
      "s" : "buy",
      "i" : "RLC_USD",
      "m" : "4611686018430021966"
    }, {
      "d" : "1756462078847993578",
      "t" : 1756462078847,
      "tn" : 1756462078847993578,
      "q" : "10.3",
      "p" : "1.2683",
      "s" : "buy",
      "i" : "RLC_USD",
      "m" : "4611686018430021965"
    }, {
      "d" : "1756462078847990815",
      "t" : 1756462078847,
      "tn" : 1756462078847990815,
      "q" : "147.8",
      "p" : "1.2682",
      "s" : "buy",
      "i" : "RLC_USD",
      "m" : "4611686018430021964"
    }, {
      "d" : "1756461044672035851",
      "t" : 1756461044672,
      "tn" : 1756461044672035851,
      "q" : "99.3",
      "p" : "1.2534",
      "s" : "sell",
      "i" : "RLC_USD",
      "m" : "4611686018430021963"
    }, {
      "d" : "1756459003254113607",
      "t" : 1756459003254,
      "tn" : 1756459003254113607,
      "q" : "16.2",
      "p" : "1.2719",
      "s" : "sell",
      "i" : "RLC_USD",
      "m" : "4611686018430021962"
    }, {
      "d" : "1756458686736991223",
      "t" : 1756458686736,
      "tn" : 1756458686736991223,
      "q" : "11.4",
      "p" : "1.2677",
      "s" : "buy",
      "i" : "RLC_USD",
      "m" : "4611686018430021961"
    }, {
      "d" : "1756458276113832644",
      "t" : 1756458276113,
      "tn" : 1756458276113832644,
      "q" : "21.5",
      "p" : "1.2718",
      "s" : "sell",
      "i" : "RLC_USD",
      "m" : "4611686018430021960"
    }, {
      "d" : "1756455039032150301",
      "t" : 1756455039032,
      "tn" : 1756455039032150301,
      "q" : "0.8",
      "p" : "1.2567",
      "s" : "sell",
      "i" : "RLC_USD",
      "m" : "4611686018430021959"
    }, {
      "d" : "1756454751237221038",
      "t" : 1756454751237,
      "tn" : 1756454751237221038,
      "q" : "12.2",
      "p" : "1.2521",
      "s" : "sell",
      "i" : "RLC_USD",
      "m" : "4611686018430021958"
    }, {
      "d" : "1756454685091682920",
      "t" : 1756454685091,
      "tn" : 1756454685091682920,
      "q" : "0.9",
      "p" : "1.2564",
      "s" : "buy",
      "i" : "RLC_USD",
      "m" : "4611686018430021957"
    }, {
      "d" : "1756454682556824350",
      "t" : 1756454682556,
      "tn" : 1756454682556824350,
      "q" : "0.8",
      "p" : "1.2581",
      "s" : "buy",
      "i" : "RLC_USD",
      "m" : "4611686018430021956"
    }, {
      "d" : "1756454681612079958",
      "t" : 1756454681612,
      "tn" : 1756454681612079958,
      "q" : "1.1",
      "p" : "1.2593",
      "s" : "buy",
      "i" : "RLC_USD",
      "m" : "4611686018430021955"
    }, {
      "d" : "1756454681418647979",
      "t" : 1756454681418,
      "tn" : 1756454681418647979,
      "q" : "12.7",
      "p" : "1.2488",
      "s" : "sell",
      "i" : "RLC_USD",
      "m" : "4611686018430021954"
    }, {
      "d" : "1756454681050692382",
      "t" : 1756454681050,
      "tn" : 1756454681050692382,
      "q" : "9.2",
      "p" : "1.2517",
      "s" : "sell",
      "i" : "RLC_USD",
      "m" : "4611686018430021953"
    }, {
      "d" : "1756454677470701848",
      "t" : 1756454677470,
      "tn" : 1756454677470701848,
      "q" : "9.2",
      "p" : "1.2560",
      "s" : "sell",
      "i" : "RLC_USD",
      "m" : "4611686018430021952"
    }, {
      "d" : "1756453429315528237",
      "t" : 1756453429315,
      "tn" : 1756453429315528237,
      "q" : "31.5",
      "p" : "1.2647",
      "s" : "sell",
      "i" : "RLC_USD",
      "m" : "4611686018430021951"
    }, {
      "d" : "1756452430050220765",
      "t" : 1756452430050,
      "tn" : 1756452430050220765,
      "q" : "9.6",
      "p" : "1.2779",
      "s" : "sell",
      "i" : "RLC_USD",
      "m" : "4611686018430021950"
    }, {
      "d" : "1756452403706761282",
      "t" : 1756452403706,
      "tn" : 1756452403706761282,
      "q" : "9.1",
      "p" : "1.2826",
      "s" : "buy",
      "i" : "RLC_USD",
      "m" : "4611686018430021949"
    }, {
      "d" : "1756452388785169748",
      "t" : 1756452388785,
      "tn" : 1756452388785169748,
      "q" : "9.1",
      "p" : "1.2767",
      "s" : "buy",
      "i" : "RLC_USD",
      "m" : "4611686018430021948"
    }, {
      "d" : "1756452383614101010",
      "t" : 1756452383614,
      "tn" : 1756452383614101010,
      "q" : "0.8",
      "p" : "1.2696",
      "s" : "sell",
      "i" : "RLC_USD",
      "m" : "4611686018430021947"
    }, {
      "d" : "1756452003022414901",
      "t" : 1756452003022,
      "tn" : 1756452003022414901,
      "q" : "1.1",
      "p" : "1.2654",
      "s" : "buy",
      "i" : "RLC_USD",
      "m" : "4611686018430021946"
    }, {
      "d" : "1756452001537998515",
      "t" : 1756452001537,
      "tn" : 1756452001537998515,
      "q" : "1.2",
      "p" : "1.2677",
      "s" : "buy",
      "i" : "RLC_USD",
      "m" : "4611686018430021945"
    }, {
      "d" : "1756451999407147109",
      "t" : 1756451999407,
      "tn" : 1756451999407147109,
      "q" : "1.5",
      "p" : "1.2710",
      "s" : "buy",
      "i" : "RLC_USD",
      "m" : "4611686018430021944"
    }, {
      "d" : "1756451998439914913",
      "t" : 1756451998439,
      "tn" : 1756451998439914913,
      "q" : "283.5",
      "p" : "1.2593",
      "s" : "sell",
      "i" : "RLC_USD",
      "m" : "4611686018430021943"
    }, {
      "d" : "1756451998437450241",
      "t" : 1756451998437,
      "tn" : 1756451998437450241,
      "q" : "86.3",
      "p" : "1.2592",
      "s" : "sell",
      "i" : "RLC_USD",
      "m" : "4611686018430021942"
    }, {
      "d" : "1756451998436535252",
      "t" : 1756451998436,
      "tn" : 1756451998436535252,
      "q" : "149.3",
      "p" : "1.2592",
      "s" : "sell",
      "i" : "RLC_USD",
      "m" : "4611686018430021941"
    }, {
      "d" : "1756451998435231226",
      "t" : 1756451998435,
      "tn" : 1756451998435231226,
      "q" : "79.1",
      "p" : "1.2592",
      "s" : "sell",
      "i" : "RLC_USD",
      "m" : "4611686018430021940"
    }, {
      "d" : "1756451998432931278",
      "t" : 1756451998432,
      "tn" : 1756451998432931278,
      "q" : "148.1",
      "p" : "1.2592",
      "s" : "sell",
      "i" : "RLC_USD",
      "m" : "4611686018430021939"
    }, {
      "d" : "1756451998391459245",
      "t" : 1756451998391,
      "tn" : 1756451998391459245,
      "q" : "472.1",
      "p" : "1.2610",
      "s" : "sell",
      "i" : "RLC_USD",
      "m" : "4611686018430021938"
    }, {
      "d" : "1756451998388051153",
      "t" : 1756451998388,
      "tn" : 1756451998388051153,
      "q" : "12.5",
      "p" : "1.2629",
      "s" : "sell",
      "i" : "RLC_USD",
      "m" : "4611686018430021937"
    }, {
      "d" : "1756451867764777521",
      "t" : 1756451867764,
      "tn" : 1756451867764777521,
      "q" : "13.4",
      "p" : "1.2653",
      "s" : "buy",
      "i" : "RLC_USD",
      "m" : "4611686018430021936"
    }, {
      "d" : "1756451655816783998",
      "t" : 1756451655816,
      "tn" : 1756451655816783998,
      "q" : "15.1",
      "p" : "1.2685",
      "s" : "sell",
      "i" : "RLC_USD",
      "m" : "4611686018430021935"
    }, {
      "d" : "1756451551353719263",
      "t" : 1756451551353,
      "tn" : 1756451551353719263,
      "q" : "21.2",
      "p" : "1.2815",
      "s" : "sell",
      "i" : "RLC_USD",
      "m" : "4611686018430021934"
    }, {
      "d" : "1756451263293218245",
      "t" : 1756451263293,
      "tn" : 1756451263293218245,
      "q" : "464.7",
      "p" : "1.2809",
      "s" : "sell",
      "i" : "RLC_USD",
      "m" : "4611686018430021933"
    }, {
      "d" : "1756451263283184622",
      "t" : 1756451263283,
      "tn" : 1756451263283184622,
      "q" : "12.3",
      "p" : "1.2828",
      "s" : "sell",
      "i" : "RLC_USD",
      "m" : "4611686018430021932"
    }, {
      "d" : "1756451263283182061",
      "t" : 1756451263283,
      "tn" : 1756451263283182061,
      "q" : "102.3",
      "p" : "1.2831",
      "s" : "sell",
      "i" : "RLC_USD",
      "m" : "4611686018430021931"
    }, {
      "d" : "1756451253238660559",
      "t" : 1756451253238,
      "tn" : 1756451253238660559,
      "q" : "12.3",
      "p" : "1.2864",
      "s" : "sell",
      "i" : "RLC_USD",
      "m" : "4611686018430021930"
    }, {
      "d" : "1756451253238658119",
      "t" : 1756451253238,
      "tn" : 1756451253238658119,
      "q" : "116.5",
      "p" : "1.2865",
      "s" : "sell",
      "i" : "RLC_USD",
      "m" : "4611686018430021929"
    }, {
      "d" : "1756451164944291712",
      "t" : 1756451164944,
      "tn" : 1756451164944291712,
      "q" : "112.2",
      "p" : "1.2880",
      "s" : "sell",
      "i" : "RLC_USD",
      "m" : "4611686018430021928"
    }, {
      "d" : "1756451164942686338",
      "t" : 1756451164942,
      "tn" : 1756451164942686338,
      "q" : "10.6",
      "p" : "1.2880",
      "s" : "buy",
      "i" : "RLC_USD",
      "m" : "4611686018430021927"
    }, {
      "d" : "1756451044096839346",
      "t" : 1756451044096,
      "tn" : 1756451044096839346,
      "q" : "2.5",
      "p" : "1.2897",
      "s" : "sell",
      "i" : "RLC_USD",
      "m" : "4611686018430021926"
    }, {
      "d" : "1756451044091390649",
      "t" : 1756451044091,
      "tn" : 1756451044091390649,
      "q" : "12.4",
      "p" : "1.2892",
      "s" : "buy",
      "i" : "RLC_USD",
      "m" : "4611686018430021925"
    }, {
      "d" : "1756451029644682799",
      "t" : 1756451029644,
      "tn" : 1756451029644682799,
      "q" : "9.6",
      "p" : "1.2897",
      "s" : "sell",
      "i" : "RLC_USD",
      "m" : "4611686018430021924"
    }, {
      "d" : "1756450913312389216",
      "t" : 1756450913312,
      "tn" : 1756450913312389216,
      "q" : "19.3",
      "p" : "1.2817",
      "s" : "buy",
      "i" : "RLC_USD",
      "m" : "4611686018430021923"
    }, {
      "d" : "1756450913312387263",
      "t" : 1756450913312,
      "tn" : 1756450913312387263,
      "q" : "12.5",
      "p" : "1.2798",
      "s" : "buy",
      "i" : "RLC_USD",
      "m" : "4611686018430021922"
    }, {
      "d" : "1756450867015294471",
      "t" : 1756450867015,
      "tn" : 1756450867015294471,
      "q" : "0.8",
      "p" : "1.2698",
      "s" : "sell",
      "i" : "RLC_USD",
      "m" : "4611686018430021921"
    }, {
      "d" : "1756450791645246161",
      "t" : 1756450791645,
      "tn" : 1756450791645246161,
      "q" : "632.0",
      "p" : "1.2688",
      "s" : "buy",
      "i" : "RLC_USD",
      "m" : "4611686018430021920"
    }, {
      "d" : "1756450791643827047",
      "t" : 1756450791643,
      "tn" : 1756450791643827047,
      "q" : "596.0",
      "p" : "1.2679",
      "s" : "buy",
      "i" : "RLC_USD",
      "m" : "4611686018430021919"
    }, {
      "d" : "1756450791643825507",
      "t" : 1756450791643,
      "tn" : 1756450791643825507,
      "q" : "465.0",
      "p" : "1.2672",
      "s" : "buy",
      "i" : "RLC_USD",
      "m" : "4611686018430021918"
    }, {
      "d" : "1756450791643821529",
      "t" : 1756450791643,
      "tn" : 1756450791643821529,
      "q" : "473.5",
      "p" : "1.2670",
      "s" : "buy",
      "i" : "RLC_USD",
      "m" : "4611686018430021917"
    }, {
      "d" : "1756450791643818938",
      "t" : 1756450791643,
      "tn" : 1756450791643818938,
      "q" : "12.6",
      "p" : "1.2651",
      "s" : "buy",
      "i" : "RLC_USD",
      "m" : "4611686018430021916"
    }, {
      "d" : "1756450791643816130",
      "t" : 1756450791643,
      "tn" : 1756450791643816130,
      "q" : "137.6",
      "p" : "1.2634",
      "s" : "buy",
      "i" : "RLC_USD",
      "m" : "4611686018430021915"
    }, {
      "d" : "1756450791643628191",
      "t" : 1756450791643,
      "tn" : 1756450791643628191,
      "q" : "4.4",
      "p" : "1.2634",
      "s" : "buy",
      "i" : "RLC_USD",
      "m" : "4611686018430021914"
    }, {
      "d" : "1756450548769480143",
      "t" : 1756450548769,
      "tn" : 1756450548769480143,
      "q" : "1.3",
      "p" : "1.2685",
      "s" : "buy",
      "i" : "RLC_USD",
      "m" : "4611686018430021913"
    }, {
      "d" : "1756450547711886913",
      "t" : 1756450547711,
      "tn" : 1756450547711886913,
      "q" : "9.2",
      "p" : "1.2629",
      "s" : "sell",
      "i" : "RLC_USD",
      "m" : "4611686018430021912"
    }, {
      "d" : "1756448066348703310",
      "t" : 1756448066348,
      "tn" : 1756448066348703310,
      "q" : "9.2",
      "p" : "1.2670",
      "s" : "sell",
      "i" : "RLC_USD",
      "m" : "4611686018430021911"
    }, {
      "d" : "1756448065932390451",
      "t" : 1756448065932,
      "tn" : 1756448065932390451,
      "q" : "617.7",
      "p" : "1.2774",
      "s" : "sell",
      "i" : "RLC_USD",
      "m" : "4611686018430021910"
    }, {
      "d" : "1756448065912440190",
      "t" : 1756448065912,
      "tn" : 1756448065912440190,
      "q" : "618.0",
      "p" : "1.2823",
      "s" : "sell",
      "i" : "RLC_USD",
      "m" : "4611686018430021909"
    }, {
      "d" : "1756448065911917828",
      "t" : 1756448065911,
      "tn" : 1756448065911917828,
      "q" : "463.7",
      "p" : "1.2844",
      "s" : "sell",
      "i" : "RLC_USD",
      "m" : "4611686018430021908"
    }, {
      "d" : "1756448065907991604",
      "t" : 1756448065907,
      "tn" : 1756448065907991604,
      "q" : "12.3",
      "p" : "1.2862",
      "s" : "sell",
      "i" : "RLC_USD",
      "m" : "4611686018430021907"
    }, {
      "d" : "1756447703383361566",
      "t" : 1756447703383,
      "tn" : 1756447703383361566,
      "q" : "31.0",
      "p" : "1.2877",
      "s" : "buy",
      "i" : "RLC_USD",
      "m" : "4611686018430021906"
    }, {
      "d" : "1756444450289594311",
      "t" : 1756444450289,
      "tn" : 1756444450289594311,
      "q" : "82.5",
      "p" : "1.2773",
      "s" : "buy",
      "i" : "RLC_USD",
      "m" : "4611686018430021905"
    }, {
      "d" : "1756443057388226990",
      "t" : 1756443057388,
      "tn" : 1756443057388226990,
      "q" : "962.5",
      "p" : "1.2834",
      "s" : "buy",
      "i" : "RLC_USD",
      "m" : "4611686018430021904"
    }, {
      "d" : "1756443057387683763",
      "t" : 1756443057387,
      "tn" : 1756443057387683763,
      "q" : "11.8",
      "p" : "1.2834",
      "s" : "buy",
      "i" : "RLC_USD",
      "m" : "4611686018430021903"
    }, {
      "d" : "1756443003376168022",
      "t" : 1756443003376,
      "tn" : 1756443003376168022,
      "q" : "980.4",
      "p" : "1.2833",
      "s" : "buy",
      "i" : "RLC_USD",
      "m" : "4611686018430021902"
    }, {
      "d" : "1756441308868404856",
      "t" : 1756441308868,
      "tn" : 1756441308868404856,
      "q" : "15.1",
      "p" : "1.2801",
      "s" : "buy",
      "i" : "RLC_USD",
      "m" : "4611686018430021901"
    }, {
      "d" : "1756441277566100652",
      "t" : 1756441277566,
      "tn" : 1756441277566100652,
      "q" : "12.3",
      "p" : "1.2818",
      "s" : "sell",
      "i" : "RLC_USD",
      "m" : "4611686018430021900"
    }, {
      "d" : "1756441273668594334",
      "t" : 1756441273668,
      "tn" : 1756441273668594334,
      "q" : "16.1",
      "p" : "1.2901",
      "s" : "sell",
      "i" : "RLC_USD",
      "m" : "4611686018430021899"
    }, {
      "d" : "1756441271103155568",
      "t" : 1756441271103,
      "tn" : 1756441271103155568,
      "q" : "12.3",
      "p" : "1.2871",
      "s" : "sell",
      "i" : "RLC_USD",
      "m" : "4611686018430021898"
    }, {
      "d" : "1756441089335991001",
      "t" : 1756441089335,
      "tn" : 1756441089335991001,
      "q" : "11.9",
      "p" : "1.2794",
      "s" : "buy",
      "i" : "RLC_USD",
      "m" : "4611686018430021897"
    }, {
      "d" : "1756440503290431963",
      "t" : 1756440503290,
      "tn" : 1756440503290431963,
      "q" : "12.4",
      "p" : "1.2746",
      "s" : "buy",
      "i" : "RLC_USD",
      "m" : "4611686018430021896"
    }, {
      "d" : "1756440314344759360",
      "t" : 1756440314344,
      "tn" : 1756440314344759360,
      "q" : "9.2",
      "p" : "1.2816",
      "s" : "sell",
      "i" : "RLC_USD",
      "m" : "4611686018430021895"
    }, {
      "d" : "1756440314344757404",
      "t" : 1756440314344,
      "tn" : 1756440314344757404,
      "q" : "7.8",
      "p" : "1.2817",
      "s" : "sell",
      "i" : "RLC_USD",
      "m" : "4611686018430021894"
    }, {
      "d" : "1756440314344754917",
      "t" : 1756440314344,
      "tn" : 1756440314344754917,
      "q" : "7.8",
      "p" : "1.2818",
      "s" : "sell",
      "i" : "RLC_USD",
      "m" : "4611686018430021893"
    }, {
      "d" : "1756439380840139949",
      "t" : 1756439380840,
      "tn" : 1756439380840139949,
      "q" : "12.3",
      "p" : "1.2964",
      "s" : "buy",
      "i" : "RLC_USD",
      "m" : "4611686018430021892"
    }, {
      "d" : "1756438746359527153",
      "t" : 1756438746359,
      "tn" : 1756438746359527153,
      "q" : "13.9",
      "p" : "1.3003",
      "s" : "sell",
      "i" : "RLC_USD",
      "m" : "4611686018430021891"
    }, {
      "d" : "1756438536072011644",
      "t" : 1756438536072,
      "tn" : 1756438536072011644,
      "q" : "12.2",
      "p" : "1.2945",
      "s" : "sell",
      "i" : "RLC_USD",
      "m" : "4611686018430021890"
    }, {
      "d" : "1756437017636387370",
      "t" : 1756437017636,
      "tn" : 1756437017636387370,
      "q" : "7.2",
      "p" : "1.3124",
      "s" : "sell",
      "i" : "RLC_USD",
      "m" : "4611686018430021889"
    }, {
      "d" : "1756436319056980865",
      "t" : 1756436319056,
      "tn" : 1756436319056980865,
      "q" : "0.8",
      "p" : "1.3090",
      "s" : "sell",
      "i" : "RLC_USD",
      "m" : "4611686018430021888"
    }, {
      "d" : "1756435938729482976",
      "t" : 1756435938729,
      "tn" : 1756435938729482976,
      "q" : "22.5",
      "p" : "1.3088",
      "s" : "sell",
      "i" : "RLC_USD",
      "m" : "4611686018430021887"
    }, {
      "d" : "1756435027274545277",
      "t" : 1756435027274,
      "tn" : 1756435027274545276,
      "q" : "7.7",
      "p" : "1.3079",
      "s" : "buy",
      "i" : "RLC_USD",
      "m" : "4611686018430021886"
    }, {
      "d" : "1756435027274545276",
      "t" : 1756435027274,
      "tn" : 1756435027274545276,
      "q" : "7.7",
      "p" : "1.3079",
      "s" : "buy",
      "i" : "RLC_USD",
      "m" : "4611686018430021886"
    }, {
      "d" : "1756435027273806688",
      "t" : 1756435027273,
      "tn" : 1756435027273806688,
      "q" : "9.1",
      "p" : "1.3078",
      "s" : "buy",
      "i" : "RLC_USD",
      "m" : "4611686018430021885"
    }, {
      "d" : "1756435027273804690",
      "t" : 1756435027273,
      "tn" : 1756435027273804690,
      "q" : "11.1",
      "p" : "1.3077",
      "s" : "buy",
      "i" : "RLC_USD",
      "m" : "4611686018430021884"
    }, {
      "d" : "1756435021993690514",
      "t" : 1756435021993,
      "tn" : 1756435021993690514,
      "q" : "92.2",
      "p" : "1.3077",
      "s" : "buy",
      "i" : "RLC_USD",
      "m" : "4611686018430021883"
    }, {
      "d" : "1756434971470926653",
      "t" : 1756434971470,
      "tn" : 1756434971470926653,
      "q" : "77.5",
      "p" : "1.3039",
      "s" : "buy",
      "i" : "RLC_USD",
      "m" : "4611686018430021882"
    }, {
      "d" : "1756434793774884326",
      "t" : 1756434793774,
      "tn" : 1756434793774884326,
      "q" : "149.8",
      "p" : "1.2991",
      "s" : "sell",
      "i" : "RLC_USD",
      "m" : "4611686018430021881"
    }, {
      "d" : "1756434793769153103",
      "t" : 1756434793769,
      "tn" : 1756434793769153103,
      "q" : "154.0",
      "p" : "1.2991",
      "s" : "sell",
      "i" : "RLC_USD",
      "m" : "4611686018430021880"
    }, {
      "d" : "1756434793767728490",
      "t" : 1756434793767,
      "tn" : 1756434793767728490,
      "q" : "154.0",
      "p" : "1.2991",
      "s" : "sell",
      "i" : "RLC_USD",
      "m" : "4611686018430021879"
    }, {
      "d" : "1756434793691190150",
      "t" : 1756434793691,
      "tn" : 1756434793691190150,
      "q" : "12.2",
      "p" : "1.3010",
      "s" : "sell",
      "i" : "RLC_USD",
      "m" : "4611686018430021878"
    }, {
      "d" : "1756434793691188036",
      "t" : 1756434793691,
      "tn" : 1756434793691188036,
      "q" : "115.0",
      "p" : "1.3011",
      "s" : "sell",
      "i" : "RLC_USD",
      "m" : "4611686018430021877"
    }, {
      "d" : "1756434774816182847",
      "t" : 1756434774816,
      "tn" : 1756434774816182847,
      "q" : "33.1",
      "p" : "1.3003",
      "s" : "buy",
      "i" : "RLC_USD",
      "m" : "4611686018430021876"
    }, {
      "d" : "1756434745370740341",
      "t" : 1756434745370,
      "tn" : 1756434745370740341,
      "q" : "11.0",
      "p" : "1.3046",
      "s" : "buy",
      "i" : "RLC_USD",
      "m" : "4611686018430021875"
    }, {
      "d" : "1756434153684141641",
      "t" : 1756434153684,
      "tn" : 1756434153684141641,
      "q" : "134.2",
      "p" : "1.3040",
      "s" : "buy",
      "i" : "RLC_USD",
      "m" : "4611686018430021874"
    }, {
      "d" : "1756434153680686166",
      "t" : 1756434153680,
      "tn" : 1756434153680686166,
      "q" : "12.3",
      "p" : "1.3021",
      "s" : "buy",
      "i" : "RLC_USD",
      "m" : "4611686018430021873"
    }, {
      "d" : "1756433583003895250",
      "t" : 1756433583003,
      "tn" : 1756433583003895250,
      "q" : "33.1",
      "p" : "1.2904",
      "s" : "sell",
      "i" : "RLC_USD",
      "m" : "4611686018430021872"
    }, {
      "d" : "1756432440263676325",
      "t" : 1756432440263,
      "tn" : 1756432440263676325,
      "q" : "12.4",
      "p" : "1.2900",
      "s" : "buy",
      "i" : "RLC_USD",
      "m" : "4611686018430021871"
    }, {
      "d" : "1756431912688946294",
      "t" : 1756431912688,
      "tn" : 1756431912688946294,
      "q" : "101.4",
      "p" : "1.2915",
      "s" : "buy",
      "i" : "RLC_USD",
      "m" : "4611686018430021870"
    }, {
      "d" : "1756431905584721063",
      "t" : 1756431905584,
      "tn" : 1756431905584721063,
      "q" : "9.1",
      "p" : "1.2929",
      "s" : "buy",
      "i" : "RLC_USD",
      "m" : "4611686018430021869"
    }, {
      "d" : "1756431904980841602",
      "t" : 1756431904980,
      "tn" : 1756431904980841602,
      "q" : "9.1",
      "p" : "1.2899",
      "s" : "buy",
      "i" : "RLC_USD",
      "m" : "4611686018430021868"
    }, {
      "d" : "1756431787538662035",
      "t" : 1756431787538,
      "tn" : 1756431787538662035,
      "q" : "16.9",
      "p" : "1.2887",
      "s" : "sell",
      "i" : "RLC_USD",
      "m" : "4611686018430021867"
    }, {
      "d" : "1756430280611854780",
      "t" : 1756430280611,
      "tn" : 1756430280611854780,
      "q" : "10.3",
      "p" : "1.2828",
      "s" : "sell",
      "i" : "RLC_USD",
      "m" : "4611686018430021866"
    }, {
      "d" : "1756430180877478550",
      "t" : 1756430180877,
      "tn" : 1756430180877478550,
      "q" : "0.8",
      "p" : "1.2737",
      "s" : "sell",
      "i" : "RLC_USD",
      "m" : "4611686018430021865"
    }, {
      "d" : "1756430178116968176",
      "t" : 1756430178116,
      "tn" : 1756430178116968176,
      "q" : "12.4",
      "p" : "1.2824",
      "s" : "buy",
      "i" : "RLC_USD",
      "m" : "4611686018430021864"
    }, {
      "d" : "1756430173001962081",
      "t" : 1756430173001,
      "tn" : 1756430173001962081,
      "q" : "11.4",
      "p" : "1.2734",
      "s" : "buy",
      "i" : "RLC_USD",
      "m" : "4611686018430021863"
    }, {
      "d" : "1756430171624786811",
      "t" : 1756430171624,
      "tn" : 1756430171624786811,
      "q" : "1.1",
      "p" : "1.2734",
      "s" : "buy",
      "i" : "RLC_USD",
      "m" : "4611686018430021862"
    }, {
      "d" : "1756430004693206834",
      "t" : 1756430004693,
      "tn" : 1756430004693206834,
      "q" : "12.6",
      "p" : "1.2673",
      "s" : "buy",
      "i" : "RLC_USD",
      "m" : "4611686018430021861"
    }, {
      "d" : "1756429906145604272",
      "t" : 1756429906145,
      "tn" : 1756429906145604272,
      "q" : "13.2",
      "p" : "1.2628",
      "s" : "buy",
      "i" : "RLC_USD",
      "m" : "4611686018430021860"
    }, {
      "d" : "1756429339690150072",
      "t" : 1756429339690,
      "tn" : 1756429339690150072,
      "q" : "0.8",
      "p" : "1.2741",
      "s" : "sell",
      "i" : "RLC_USD",
      "m" : "4611686018430021859"
    }, {
      "d" : "1756429273970665136",
      "t" : 1756429273970,
      "tn" : 1756429273970665136,
      "q" : "1.1",
      "p" : "1.2738",
      "s" : "buy",
      "i" : "RLC_USD",
      "m" : "4611686018430021858"
    }, {
      "d" : "1756429268938394825",
      "t" : 1756429268938,
      "tn" : 1756429268938394825,
      "q" : "12.5",
      "p" : "1.2693",
      "s" : "sell",
      "i" : "RLC_USD",
      "m" : "4611686018430021857"
    }, {
      "d" : "1756429250613975074",
      "t" : 1756429250613,
      "tn" : 1756429250613975074,
      "q" : "12.9",
      "p" : "1.2751",
      "s" : "sell",
      "i" : "RLC_USD",
      "m" : "4611686018430021856"
    }, {
      "d" : "1756428751621896494",
      "t" : 1756428751621,
      "tn" : 1756428751621896494,
      "q" : "268.5",
      "p" : "1.2856",
      "s" : "sell",
      "i" : "RLC_USD",
      "m" : "4611686018430021855"
    }, {
      "d" : "1756428751620936644",
      "t" : 1756428751620,
      "tn" : 1756428751620936644,
      "q" : "11.2",
      "p" : "1.2856",
      "s" : "sell",
      "i" : "RLC_USD",
      "m" : "4611686018430021854"
    }, {
      "d" : "1756428306176200197",
      "t" : 1756428306176,
      "tn" : 1756428306176200197,
      "q" : "11.4",
      "p" : "1.2884",
      "s" : "sell",
      "i" : "RLC_USD",
      "m" : "4611686018430021853"
    }, {
      "d" : "1756428252381951787",
      "t" : 1756428252381,
      "tn" : 1756428252381951787,
      "q" : "90.2",
      "p" : "1.2945",
      "s" : "sell",
      "i" : "RLC_USD",
      "m" : "4611686018430021852"
    }, {
      "d" : "1756428047476993029",
      "t" : 1756428047476,
      "tn" : 1756428047476993029,
      "q" : "12.3",
      "p" : "1.2996",
      "s" : "buy",
      "i" : "RLC_USD",
      "m" : "4611686018430021851"
    }, {
      "d" : "1756427925279194050",
      "t" : 1756427925279,
      "tn" : 1756427925279194050,
      "q" : "23.7",
      "p" : "1.3028",
      "s" : "buy",
      "i" : "RLC_USD",
      "m" : "4611686018430021850"
    }, {
      "d" : "1756427925279193576",
      "t" : 1756427925279,
      "tn" : 1756427925279193576,
      "q" : "12.2",
      "p" : "1.3014",
      "s" : "buy",
      "i" : "RLC_USD",
      "m" : "4611686018430021849"
    }, {
      "d" : "1756427925279189532",
      "t" : 1756427925279,
      "tn" : 1756427925279189532,
      "q" : "97.3",
      "p" : "1.3013",
      "s" : "buy",
      "i" : "RLC_USD",
      "m" : "4611686018430021848"
    }, {
      "d" : "1756426637452970741",
      "t" : 1756426637452,
      "tn" : 1756426637452970741,
      "q" : "12.4",
      "p" : "1.2907",
      "s" : "buy",
      "i" : "RLC_USD",
      "m" : "4611686018430021847"
    }, {
      "d" : "1756426404087115301",
      "t" : 1756426404087,
      "tn" : 1756426404087115301,
      "q" : "24.0",
      "p" : "1.2939",
      "s" : "sell",
      "i" : "RLC_USD",
      "m" : "4611686018430021846"
    }, {
      "d" : "1756426242369377927",
      "t" : 1756426242369,
      "tn" : 1756426242369377927,
      "q" : "47.3",
      "p" : "1.2868",
      "s" : "sell",
      "i" : "RLC_USD",
      "m" : "4611686018430021845"
    }, {
      "d" : "1756426192805948596",
      "t" : 1756426192805,
      "tn" : 1756426192805948596,
      "q" : "2.2",
      "p" : "1.2837",
      "s" : "sell",
      "i" : "RLC_USD",
      "m" : "4611686018430021844"
    }, {
      "d" : "1756426192800858725",
      "t" : 1756426192800,
      "tn" : 1756426192800858725,
      "q" : "95.2",
      "p" : "1.2837",
      "s" : "sell",
      "i" : "RLC_USD",
      "m" : "4611686018430021843"
    }, {
      "d" : "1756426192800856987",
      "t" : 1756426192800,
      "tn" : 1756426192800856987,
      "q" : "4.2",
      "p" : "1.2839",
      "s" : "sell",
      "i" : "RLC_USD",
      "m" : "4611686018430021842"
    }, {
      "d" : "1756426192795882429",
      "t" : 1756426192795,
      "tn" : 1756426192795882429,
      "q" : "99.4",
      "p" : "1.2839",
      "s" : "sell",
      "i" : "RLC_USD",
      "m" : "4611686018430021841"
    }, {
      "d" : "1756426192789913339",
      "t" : 1756426192789,
      "tn" : 1756426192789913339,
      "q" : "116.8",
      "p" : "1.2841",
      "s" : "sell",
      "i" : "RLC_USD",
      "m" : "4611686018430021840"
    }, {
      "d" : "1756425960507285258",
      "t" : 1756425960507,
      "tn" : 1756425960507285258,
      "q" : "7.1",
      "p" : "1.2994",
      "s" : "buy",
      "i" : "RLC_USD",
      "m" : "4611686018430021839"
    }, {
      "d" : "1756425951365478699",
      "t" : 1756425951365,
      "tn" : 1756425951365478699,
      "q" : "15.0",
      "p" : "1.2977",
      "s" : "buy",
      "i" : "RLC_USD",
      "m" : "4611686018430021838"
    }, {
      "d" : "1756425951274198201",
      "t" : 1756425951274,
      "tn" : 1756425951274198201,
      "q" : "12.3",
      "p" : "1.2957",
      "s" : "buy",
      "i" : "RLC_USD",
      "m" : "4611686018430021837"
    }, {
      "d" : "1756425930244664999",
      "t" : 1756425930244,
      "tn" : 1756425930244664999,
      "q" : "13.3",
      "p" : "1.2889",
      "s" : "buy",
      "i" : "RLC_USD",
      "m" : "4611686018430021836"
    }, {
      "d" : "1756425930244645719",
      "t" : 1756425930244,
      "tn" : 1756425930244645719,
      "q" : "15.5",
      "p" : "1.2889",
      "s" : "buy",
      "i" : "RLC_USD",
      "m" : "4611686018430021835"
    }, {
      "d" : "1756425908302014779",
      "t" : 1756425908302,
      "tn" : 1756425908302014779,
      "q" : "12.3",
      "p" : "1.2938",
      "s" : "buy",
      "i" : "RLC_USD",
      "m" : "4611686018430021834"
    }, {
      "d" : "1756425640600469011",
      "t" : 1756425640600,
      "tn" : 1756425640600469011,
      "q" : "0.9",
      "p" : "1.2888",
      "s" : "sell",
      "i" : "RLC_USD",
      "m" : "4611686018430021833"
    }, {
      "d" : "1756425295894664205",
      "t" : 1756425295894,
      "tn" : 1756425295894664205,
      "q" : "12.3",
      "p" : "1.2998",
      "s" : "buy",
      "i" : "RLC_USD",
      "m" : "4611686018430021832"
    }, {
      "d" : "1756425291884901190",
      "t" : 1756425291884,
      "tn" : 1756425291884901190,
      "q" : "12.3",
      "p" : "1.2997",
      "s" : "buy",
      "i" : "RLC_USD",
      "m" : "4611686018430021831"
    }, {
      "d" : "1756425283077594829",
      "t" : 1756425283077,
      "tn" : 1756425283077594829,
      "q" : "12.3",
      "p" : "1.2997",
      "s" : "buy",
      "i" : "RLC_USD",
      "m" : "4611686018430021830"
    }, {
      "d" : "1756425281800276536",
      "t" : 1756425281800,
      "tn" : 1756425281800276536,
      "q" : "12.3",
      "p" : "1.2997",
      "s" : "buy",
      "i" : "RLC_USD",
      "m" : "4611686018430021829"
    }, {
      "d" : "1756425280535884530",
      "t" : 1756425280535,
      "tn" : 1756425280535884530,
      "q" : "12.3",
      "p" : "1.2997",
      "s" : "buy",
      "i" : "RLC_USD",
      "m" : "4611686018430021828"
    }, {
      "d" : "1756425279267856778",
      "t" : 1756425279267,
      "tn" : 1756425279267856778,
      "q" : "12.3",
      "p" : "1.2998",
      "s" : "buy",
      "i" : "RLC_USD",
      "m" : "4611686018430021827"
    }, {
      "d" : "1756425265638205724",
      "t" : 1756425265638,
      "tn" : 1756425265638205724,
      "q" : "12.2",
      "p" : "1.2998",
      "s" : "buy",
      "i" : "RLC_USD",
      "m" : "4611686018430021826"
    }, {
      "d" : "1756425264334853827",
      "t" : 1756425264334,
      "tn" : 1756425264334853827,
      "q" : "12.3",
      "p" : "1.2998",
      "s" : "buy",
      "i" : "RLC_USD",
      "m" : "4611686018430021825"
    }, {
      "d" : "1756425263050140424",
      "t" : 1756425263050,
      "tn" : 1756425263050140424,
      "q" : "12.3",
      "p" : "1.2998",
      "s" : "buy",
      "i" : "RLC_USD",
      "m" : "4611686018430021824"
    }, {
      "d" : "1756425261780205286",
      "t" : 1756425261780,
      "tn" : 1756425261780205286,
      "q" : "12.3",
      "p" : "1.2997",
      "s" : "buy",
      "i" : "RLC_USD",
      "m" : "4611686018430021823"
    }, {
      "d" : "1756425261284880488",
      "t" : 1756425261284,
      "tn" : 1756425261284880488,
      "q" : "12.2",
      "p" : "1.2997",
      "s" : "buy",
      "i" : "RLC_USD",
      "m" : "4611686018430021822"
    }, {
      "d" : "1756425252754223187",
      "t" : 1756425252754,
      "tn" : 1756425252754223187,
      "q" : "12.3",
      "p" : "1.2997",
      "s" : "buy",
      "i" : "RLC_USD",
      "m" : "4611686018430021821"
    }, {
      "d" : "1756425251485439229",
      "t" : 1756425251485,
      "tn" : 1756425251485439229,
      "q" : "12.3",
      "p" : "1.2997",
      "s" : "buy",
      "i" : "RLC_USD",
      "m" : "4611686018430021820"
    }, {
      "d" : "1756425250196603705",
      "t" : 1756425250196,
      "tn" : 1756425250196603705,
      "q" : "12.3",
      "p" : "1.2997",
      "s" : "buy",
      "i" : "RLC_USD",
      "m" : "4611686018430021819"
    } ]
  }
}