{
  "id" : -1,
  "method" : "public/get-trades",
  "code" : 0,
  "result" : {
    "data" : [ {
      "d" : "1756456936350510342",
      "t" : 1756456936350,
      "tn" : 1756456936350510342,
      "q" : "11.40",
      "p" : "7.032",
      "s" : "sell",
      "i" : "RPL_USD",
      "m" : "4611686018429585611"
    }, {
      "d" : "1756456785569172929",
      "t" : 1756456785569,
      "tn" : 1756456785569172929,
      "q" : "29.61",
      "p" : "7.032",
      "s" : "sell",
      "i" : "RPL_USD",
      "m" : "4611686018429585610"
    }, {
      "d" : "1756450946874418942",
      "t" : 1756450946874,
      "tn" : 1756450946874418942,
      "q" : "1.86",
      "p" : "7.204",
      "s" : "sell",
      "i" : "RPL_USD",
      "m" : "4611686018429585609"
    }, {
      "d" : "1756442055813619339",
      "t" : 1756442055813,
      "tn" : 1756442055813619339,
      "q" : "87.68",
      "p" : "7.300",
      "s" : "buy",
      "i" : "RPL_USD",
      "m" : "4611686018429585608"
    }, {
      "d" : "1756442055813055338",
      "t" : 1756442055813,
      "tn" : 1756442055813055338,
      "q" : "12.33",
      "p" : "7.300",
      "s" : "buy",
      "i" : "RPL_USD",
      "m" : "4611686018429585607"
    }, {
      "d" : "1756441250687155883",
      "t" : 1756441250687,
      "tn" : 1756441250687155883,
      "q" : "0.38",
      "p" : "7.360",
      "s" : "sell",
      "i" : "RPL_USD",
      "m" : "4611686018429585606"
    }, {
      "d" : "1756440985390815825",
      "t" : 1756440985390,
      "tn" : 1756440985390815825,
      "q" : "0.46",
      "p" : "7.335",
      "s" : "sell",
      "i" : "RPL_USD",
      "m" : "4611686018429585605"
    }, {
      "d" : "1756440111135351551",
      "t" : 1756440111135,
      "tn" : 1756440111135351551,
      "q" : "0.30",
      "p" : "7.364",
      "s" : "sell",
      "i" : "RPL_USD",
      "m" : "4611686018429585604"
    }, {
      "d" : "1756439929498342246",
      "t" : 1756439929498,
      "tn" : 1756439929498342246,
      "q" : "0.39",
      "p" : "7.360",
      "s" : "sell",
      "i" : "RPL_USD",
      "m" : "4611686018429585603"
    }, {
      "d" : "1756438323226084048",
      "t" : 1756438323226,
      "tn" : 1756438323226084048,
      "q" : "15.47",
      "p" : "7.279",
      "s" : "sell",
      "i" : "RPL_USD",
      "m" : "4611686018429585602"
    }, {
      "d" : "1756438293786773590",
      "t" : 1756438293786,
      "tn" : 1756438293786773590,
      "q" : "1.52",
      "p" : "7.325",
      "s" : "buy",
      "i" : "RPL_USD",
      "m" : "4611686018429585601"
    }, {
      "d" : "1756437392151321422",
      "t" : 1756437392151,
      "tn" : 1756437392151321422,
      "q" : "106.55",
      "p" : "7.319",
      "s" : "buy",
      "i" : "RPL_USD",
      "m" : "4611686018429585600"
    }, {
      "d" : "1756425721462290565",
      "t" : 1756425721462,
      "tn" : 1756425721462290564,
      "q" : "0.21",
      "p" : "7.480",
      "s" : "sell",
      "i" : "RPL_USD",
      "m" : "4611686018429585599"
    }, {
      "d" : "1756425721462290564",
      "t" : 1756425721462,
      "tn" : 1756425721462290564,
      "q" : "3.63",
      "p" : "7.480",
      "s" : "sell",
      "i" : "RPL_USD",
      "m" : "4611686018429585599"
    }, {
      "d" : "1756425638890069318",
      "t" : 1756425638890,
      "tn" : 1756425638890069318,
      "q" : "0.52",
      "p" : "7.479",
      "s" : "sell",
      "i" : "RPL_USD",
      "m" : "4611686018429585598"
    }, {
      "d" : "1756425556693883223",
      "t" : 1756425556693,
      "tn" : 1756425556693883223,
      "q" : "0.59",
      "p" : "7.432",
      "s" : "buy",
      "i" : "RPL_USD",
      "m" : "4611686018429585597"
    }, {
      "d" : "1756419674189910608",
      "t" : 1756419674189,
      "tn" : 1756419674189910608,
      "q" : "0.59",
      "p" : "7.440",
      "s" : "sell",
      "i" : "RPL_USD",
      "m" : "4611686018429585596"
    }, {
      "d" : "1756418855822541340",
      "t" : 1756418855822,
      "tn" : 1756418855822541340,
      "q" : "22.99",
      "p" : "7.420",
      "s" : "sell",
      "i" : "RPL_USD",
      "m" : "4611686018429585595"
    }, {
      "d" : "1756410273016026980",
      "t" : 1756410273016,
      "tn" : 1756410273016026980,
      "q" : "1.78",
      "p" : "7.259",
      "s" : "buy",
      "i" : "RPL_USD",
      "m" : "4611686018429585594"
    }, {
      "d" : "1756404921005635876",
      "t" : 1756404921005,
      "tn" : 1756404921005635876,
      "q" : "9.42",
      "p" : "7.287",
      "s" : "sell",
      "i" : "RPL_USD",
      "m" : "4611686018429585593"
    }, {
      "d" : "1756404921005632835",
      "t" : 1756404921005,
      "tn" : 1756404921005632835,
      "q" : "19.17",
      "p" : "7.297",
      "s" : "sell",
      "i" : "RPL_USD",
      "m" : "4611686018429585592"
    }, {
      "d" : "1756404921005629790",
      "t" : 1756404921005,
      "tn" : 1756404921005629790,
      "q" : "31.94",
      "p" : "7.298",
      "s" : "sell",
      "i" : "RPL_USD",
      "m" : "4611686018429585591"
    }, {
      "d" : "1756404921005626420",
      "t" : 1756404921005,
      "tn" : 1756404921005626420,
      "q" : "1.76",
      "p" : "7.299",
      "s" : "sell",
      "i" : "RPL_USD",
      "m" : "4611686018429585590"
    }, {
      "d" : "1756400458202308927",
      "t" : 1756400458202,
      "tn" : 1756400458202308927,
      "q" : "0.32",
      "p" : "7.279",
      "s" : "buy",
      "i" : "RPL_USD",
      "m" : "4611686018429585589"
    }, {
      "d" : "1756400029770540475",
      "t" : 1756400029770,
      "tn" : 1756400029770540475,
      "q" : "0.82",
      "p" : "7.381",
      "s" : "sell",
      "i" : "RPL_USD",
      "m" : "4611686018429585588"
    }, {
      "d" : "1756399824937583094",
      "t" : 1756399824937,
      "tn" : 1756399824937583094,
      "q" : "1.40",
      "p" : "7.372",
      "s" : "buy",
      "i" : "RPL_USD",
      "m" : "4611686018429585587"
    }, {
      "d" : "1756397521923779915",
      "t" : 1756397521923,
      "tn" : 1756397521923779915,
      "q" : "7.96",
      "p" : "7.402",
      "s" : "buy",
      "i" : "RPL_USD",
      "m" : "4611686018429585586"
    }, {
      "d" : "1756394448365484495",
      "t" : 1756394448365,
      "tn" : 1756394448365484495,
      "q" : "0.46",
      "p" : "7.428",
      "s" : "sell",
      "i" : "RPL_USD",
      "m" : "4611686018429585585"
    }, {
      "d" : "1756394082175283217",
      "t" : 1756394082175,
      "tn" : 1756394082175283217,
      "q" : "0.37",
      "p" : "7.494",
      "s" : "buy",
      "i" : "RPL_USD",
      "m" : "4611686018429585584"
    }, {
      "d" : "1756387021063279433",
      "t" : 1756387021063,
      "tn" : 1756387021063279433,
      "q" : "1.95",
      "p" : "7.470",
      "s" : "buy",
      "i" : "RPL_USD",
      "m" : "4611686018429585583"
    }, {
      "d" : "1756387021060177333",
      "t" : 1756387021060,
      "tn" : 1756387021060177333,
      "q" : "13.52",
      "p" : "7.470",
      "s" : "sell",
      "i" : "RPL_USD",
      "m" : "4611686018429585582"
    }, {
      "d" : "1756384819178646028",
      "t" : 1756384819178,
      "tn" : 1756384819178646028,
      "q" : "1.19",
      "p" : "7.559",
      "s" : "sell",
      "i" : "RPL_USD",
      "m" : "4611686018429585581"
    }, {
      "d" : "1756381781932623899",
      "t" : 1756381781932,
      "tn" : 1756381781932623899,
      "q" : "1.00",
      "p" : "7.422",
      "s" : "sell",
      "i" : "RPL_USD",
      "m" : "4611686018429585580"
    }, {
      "d" : "1756381416863530082",
      "t" : 1756381416863,
      "tn" : 1756381416863530082,
      "q" : "0.99",
      "p" : "7.482",
      "s" : "sell",
      "i" : "RPL_USD",
      "m" : "4611686018429585579"
    }, {
      "d" : "1756378748710926313",
      "t" : 1756378748710,
      "tn" : 1756378748710926313,
      "q" : "13.02",
      "p" : "7.479",
      "s" : "sell",
      "i" : "RPL_USD",
      "m" : "4611686018429585578"
    } ]
  }
}