{
  "id" : -1,
  "method" : "public/get-trades",
  "code" : 0,
  "result" : {
    "data" : [ {
      "d" : "1756461101298277290",
      "t" : 1756461101298,
      "tn" : 1756461101298277290,
      "q" : "10860",
      "p" : "0.0075264",
      "s" : "sell",
      "i" : "RSR_USD",
      "m" : "4611686018430214152"
    }, {
      "d" : "1756457841734255226",
      "t" : 1756457841734,
      "tn" : 1756457841734255226,
      "q" : "2160",
      "p" : "0.0074675",
      "s" : "buy",
      "i" : "RSR_USD",
      "m" : "4611686018430214151"
    }, {
      "d" : "1756457841730503875",
      "t" : 1756457841730,
      "tn" : 1756457841730503875,
      "q" : "127300",
      "p" : "0.0074676",
      "s" : "buy",
      "i" : "RSR_USD",
      "m" : "4611686018430214150"
    }, {
      "d" : "1756457841730502288",
      "t" : 1756457841730,
      "tn" : 1756457841730502288,
      "q" : "2160",
      "p" : "0.0074675",
      "s" : "buy",
      "i" : "RSR_USD",
      "m" : "4611686018430214149"
    }, {
      "d" : "1756455629811987521",
      "t" : 1756455629811,
      "tn" : 1756455629811987521,
      "q" : "5600",
      "p" : "0.0074930",
      "s" : "sell",
      "i" : "RSR_USD",
      "m" : "4611686018430214148"
    }, {
      "d" : "1756453857044963783",
      "t" : 1756453857044,
      "tn" : 1756453857044963783,
      "q" : "44770",
      "p" : "0.0075637",
      "s" : "buy",
      "i" : "RSR_USD",
      "m" : "4611686018430214147"
    }, {
      "d" : "1756453857041918975",
      "t" : 1756453857041,
      "tn" : 1756453857041918975,
      "q" : "30720",
      "p" : "0.0075637",
      "s" : "buy",
      "i" : "RSR_USD",
      "m" : "4611686018430214146"
    }, {
      "d" : "1756450949926983332",
      "t" : 1756450949926,
      "tn" : 1756450949926983332,
      "q" : "50210",
      "p" : "0.0076240",
      "s" : "sell",
      "i" : "RSR_USD",
      "m" : "4611686018430214145"
    }, {
      "d" : "1756450947770453013",
      "t" : 1756450947770,
      "tn" : 1756450947770453013,
      "q" : "52950",
      "p" : "0.0076240",
      "s" : "sell",
      "i" : "RSR_USD",
      "m" : "4611686018430214144"
    }, {
      "d" : "1756450947180338707",
      "t" : 1756450947180,
      "tn" : 1756450947180338707,
      "q" : "1370",
      "p" : "0.0076284",
      "s" : "sell",
      "i" : "RSR_USD",
      "m" : "4611686018430214143"
    }, {
      "d" : "1756450947180297694",
      "t" : 1756450947180,
      "tn" : 1756450947180297694,
      "q" : "14470",
      "p" : "0.0076284",
      "s" : "sell",
      "i" : "RSR_USD",
      "m" : "4611686018430214142"
    }, {
      "d" : "1756449525659742808",
      "t" : 1756449525659,
      "tn" : 1756449525659742808,
      "q" : "71980",
      "p" : "0.0076986",
      "s" : "sell",
      "i" : "RSR_USD",
      "m" : "4611686018430214141"
    }, {
      "d" : "1756449525658611704",
      "t" : 1756449525658,
      "tn" : 1756449525658611704,
      "q" : "9360",
      "p" : "0.0076986",
      "s" : "sell",
      "i" : "RSR_USD",
      "m" : "4611686018430214140"
    }, {
      "d" : "1756449525658609775",
      "t" : 1756449525658,
      "tn" : 1756449525658609775,
      "q" : "91290",
      "p" : "0.0077018",
      "s" : "sell",
      "i" : "RSR_USD",
      "m" : "4611686018430214139"
    }, {
      "d" : "1756449425202564387",
      "t" : 1756449425202,
      "tn" : 1756449425202564387,
      "q" : "40940",
      "p" : "0.0076950",
      "s" : "buy",
      "i" : "RSR_USD",
      "m" : "4611686018430214138"
    }, {
      "d" : "1756449424776066110",
      "t" : 1756449424776,
      "tn" : 1756449424776066110,
      "q" : "107430",
      "p" : "0.0076950",
      "s" : "buy",
      "i" : "RSR_USD",
      "m" : "4611686018430214137"
    }, {
      "d" : "1756447959148444203",
      "t" : 1756447959148,
      "tn" : 1756447959148444203,
      "q" : "1560",
      "p" : "0.0077538",
      "s" : "sell",
      "i" : "RSR_USD",
      "m" : "4611686018430214136"
    }, {
      "d" : "1756447325722818914",
      "t" : 1756447325722,
      "tn" : 1756447325722818914,
      "q" : "22470",
      "p" : "0.0077832",
      "s" : "sell",
      "i" : "RSR_USD",
      "m" : "4611686018430214135"
    }, {
      "d" : "1756447325721085933",
      "t" : 1756447325721,
      "tn" : 1756447325721085933,
      "q" : "91290",
      "p" : "0.0077832",
      "s" : "buy",
      "i" : "RSR_USD",
      "m" : "4611686018430214134"
    }, {
      "d" : "1756439196185126960",
      "t" : 1756439196185,
      "tn" : 1756439196185126960,
      "q" : "54830",
      "p" : "0.0078053",
      "s" : "buy",
      "i" : "RSR_USD",
      "m" : "4611686018430214133"
    }, {
      "d" : "1756439188277605886",
      "t" : 1756439188277,
      "tn" : 1756439188277605886,
      "q" : "6230",
      "p" : "0.0078075",
      "s" : "buy",
      "i" : "RSR_USD",
      "m" : "4611686018430214132"
    }, {
      "d" : "1756437341274766730",
      "t" : 1756437341274,
      "tn" : 1756437341274766730,
      "q" : "18670",
      "p" : "0.0078271",
      "s" : "sell",
      "i" : "RSR_USD",
      "m" : "4611686018430214131"
    }, {
      "d" : "1756437341272098011",
      "t" : 1756437341272,
      "tn" : 1756437341272098011,
      "q" : "59100",
      "p" : "0.0078460",
      "s" : "sell",
      "i" : "RSR_USD",
      "m" : "4611686018430214130"
    }, {
      "d" : "1756437341271587842",
      "t" : 1756437341271,
      "tn" : 1756437341271587842,
      "q" : "15370",
      "p" : "0.0078460",
      "s" : "sell",
      "i" : "RSR_USD",
      "m" : "4611686018430214129"
    }, {
      "d" : "1756437341267289248",
      "t" : 1756437341267,
      "tn" : 1756437341267289248,
      "q" : "91290",
      "p" : "0.0078460",
      "s" : "buy",
      "i" : "RSR_USD",
      "m" : "4611686018430214128"
    }, {
      "d" : "1756435351319220542",
      "t" : 1756435351319,
      "tn" : 1756435351319220542,
      "q" : "141370",
      "p" : "0.0078648",
      "s" : "buy",
      "i" : "RSR_USD",
      "m" : "4611686018430214127"
    }, {
      "d" : "1756435351119426636",
      "t" : 1756435351119,
      "tn" : 1756435351119426636,
      "q" : "200000",
      "p" : "0.0078648",
      "s" : "buy",
      "i" : "RSR_USD",
      "m" : "4611686018430214126"
    }, {
      "d" : "1756428012462711074",
      "t" : 1756428012462,
      "tn" : 1756428012462711074,
      "q" : "9090",
      "p" : "0.0079632",
      "s" : "buy",
      "i" : "RSR_USD",
      "m" : "4611686018430214125"
    }, {
      "d" : "1756428012457695613",
      "t" : 1756428012457,
      "tn" : 1756428012457695613,
      "q" : "28800",
      "p" : "0.0079632",
      "s" : "buy",
      "i" : "RSR_USD",
      "m" : "4611686018430214124"
    }, {
      "d" : "1756428012453451053",
      "t" : 1756428012453,
      "tn" : 1756428012453451053,
      "q" : "28800",
      "p" : "0.0079632",
      "s" : "buy",
      "i" : "RSR_USD",
      "m" : "4611686018430214123"
    }, {
      "d" : "1756420613357059447",
      "t" : 1756420613357,
      "tn" : 1756420613357059447,
      "q" : "1250",
      "p" : "0.0079344",
      "s" : "buy",
      "i" : "RSR_USD",
      "m" : "4611686018430214122"
    }, {
      "d" : "1756420613352098177",
      "t" : 1756420613352,
      "tn" : 1756420613352098177,
      "q" : "1250",
      "p" : "0.0079344",
      "s" : "buy",
      "i" : "RSR_USD",
      "m" : "4611686018430214121"
    }, {
      "d" : "1756420613347062483",
      "t" : 1756420613347,
      "tn" : 1756420613347062483,
      "q" : "1250",
      "p" : "0.0079344",
      "s" : "buy",
      "i" : "RSR_USD",
      "m" : "4611686018430214120"
    }, {
      "d" : "1756420613342069729",
      "t" : 1756420613342,
      "tn" : 1756420613342069729,
      "q" : "1250",
      "p" : "0.0079344",
      "s" : "buy",
      "i" : "RSR_USD",
      "m" : "4611686018430214119"
    }, {
      "d" : "1756420613337075213",
      "t" : 1756420613337,
      "tn" : 1756420613337075213,
      "q" : "1250",
      "p" : "0.0079344",
      "s" : "buy",
      "i" : "RSR_USD",
      "m" : "4611686018430214118"
    }, {
      "d" : "1756420613332122963",
      "t" : 1756420613332,
      "tn" : 1756420613332122963,
      "q" : "1250",
      "p" : "0.0079344",
      "s" : "buy",
      "i" : "RSR_USD",
      "m" : "4611686018430214117"
    }, {
      "d" : "1756420613327051250",
      "t" : 1756420613327,
      "tn" : 1756420613327051250,
      "q" : "1250",
      "p" : "0.0079344",
      "s" : "buy",
      "i" : "RSR_USD",
      "m" : "4611686018430214116"
    }, {
      "d" : "1756420613322094608",
      "t" : 1756420613322,
      "tn" : 1756420613322094608,
      "q" : "1250",
      "p" : "0.0079344",
      "s" : "buy",
      "i" : "RSR_USD",
      "m" : "4611686018430214115"
    }, {
      "d" : "1756420613317047560",
      "t" : 1756420613317,
      "tn" : 1756420613317047560,
      "q" : "1250",
      "p" : "0.0079344",
      "s" : "buy",
      "i" : "RSR_USD",
      "m" : "4611686018430214114"
    }, {
      "d" : "1756420613312034491",
      "t" : 1756420613312,
      "tn" : 1756420613312034491,
      "q" : "1250",
      "p" : "0.0079344",
      "s" : "buy",
      "i" : "RSR_USD",
      "m" : "4611686018430214113"
    }, {
      "d" : "1756420613307028460",
      "t" : 1756420613307,
      "tn" : 1756420613307028460,
      "q" : "1250",
      "p" : "0.0079344",
      "s" : "buy",
      "i" : "RSR_USD",
      "m" : "4611686018430214112"
    }, {
      "d" : "1756420613302060461",
      "t" : 1756420613302,
      "tn" : 1756420613302060461,
      "q" : "1250",
      "p" : "0.0079344",
      "s" : "buy",
      "i" : "RSR_USD",
      "m" : "4611686018430214111"
    }, {
      "d" : "1756420613297018650",
      "t" : 1756420613297,
      "tn" : 1756420613297018650,
      "q" : "1250",
      "p" : "0.0079344",
      "s" : "buy",
      "i" : "RSR_USD",
      "m" : "4611686018430214110"
    }, {
      "d" : "1756420613292138155",
      "t" : 1756420613292,
      "tn" : 1756420613292138155,
      "q" : "1250",
      "p" : "0.0079344",
      "s" : "buy",
      "i" : "RSR_USD",
      "m" : "4611686018430214109"
    }, {
      "d" : "1756420613286969714",
      "t" : 1756420613286,
      "tn" : 1756420613286969714,
      "q" : "1250",
      "p" : "0.0079344",
      "s" : "buy",
      "i" : "RSR_USD",
      "m" : "4611686018430214108"
    }, {
      "d" : "1756420613283910595",
      "t" : 1756420613283,
      "tn" : 1756420613283910595,
      "q" : "1250",
      "p" : "0.0079344",
      "s" : "buy",
      "i" : "RSR_USD",
      "m" : "4611686018430214107"
    }, {
      "d" : "1756420613282049229",
      "t" : 1756420613282,
      "tn" : 1756420613282049229,
      "q" : "1250",
      "p" : "0.0079344",
      "s" : "buy",
      "i" : "RSR_USD",
      "m" : "4611686018430214106"
    }, {
      "d" : "1756420613276992680",
      "t" : 1756420613276,
      "tn" : 1756420613276992680,
      "q" : "1250",
      "p" : "0.0079344",
      "s" : "buy",
      "i" : "RSR_USD",
      "m" : "4611686018430214105"
    }, {
      "d" : "1756420613271973599",
      "t" : 1756420613271,
      "tn" : 1756420613271973599,
      "q" : "1250",
      "p" : "0.0079344",
      "s" : "buy",
      "i" : "RSR_USD",
      "m" : "4611686018430214104"
    }, {
      "d" : "1756420613266965453",
      "t" : 1756420613266,
      "tn" : 1756420613266965453,
      "q" : "1250",
      "p" : "0.0079344",
      "s" : "buy",
      "i" : "RSR_USD",
      "m" : "4611686018430214103"
    }, {
      "d" : "1756420613261979999",
      "t" : 1756420613261,
      "tn" : 1756420613261979999,
      "q" : "1250",
      "p" : "0.0079344",
      "s" : "buy",
      "i" : "RSR_USD",
      "m" : "4611686018430214102"
    }, {
      "d" : "1756420613256938329",
      "t" : 1756420613256,
      "tn" : 1756420613256938329,
      "q" : "1250",
      "p" : "0.0079344",
      "s" : "buy",
      "i" : "RSR_USD",
      "m" : "4611686018430214101"
    }, {
      "d" : "1756420613251934462",
      "t" : 1756420613251,
      "tn" : 1756420613251934462,
      "q" : "1250",
      "p" : "0.0079344",
      "s" : "buy",
      "i" : "RSR_USD",
      "m" : "4611686018430214100"
    }, {
      "d" : "1756420613246928432",
      "t" : 1756420613246,
      "tn" : 1756420613246928432,
      "q" : "1250",
      "p" : "0.0079344",
      "s" : "buy",
      "i" : "RSR_USD",
      "m" : "4611686018430214099"
    }, {
      "d" : "1756420613241975208",
      "t" : 1756420613241,
      "tn" : 1756420613241975208,
      "q" : "1250",
      "p" : "0.0079344",
      "s" : "buy",
      "i" : "RSR_USD",
      "m" : "4611686018430214098"
    }, {
      "d" : "1756420613236921561",
      "t" : 1756420613236,
      "tn" : 1756420613236921561,
      "q" : "1250",
      "p" : "0.0079344",
      "s" : "buy",
      "i" : "RSR_USD",
      "m" : "4611686018430214097"
    }, {
      "d" : "1756420613231950376",
      "t" : 1756420613231,
      "tn" : 1756420613231950376,
      "q" : "1250",
      "p" : "0.0079344",
      "s" : "buy",
      "i" : "RSR_USD",
      "m" : "4611686018430214096"
    }, {
      "d" : "1756420613226895621",
      "t" : 1756420613226,
      "tn" : 1756420613226895621,
      "q" : "1250",
      "p" : "0.0079344",
      "s" : "buy",
      "i" : "RSR_USD",
      "m" : "4611686018430214095"
    }, {
      "d" : "1756420613221908842",
      "t" : 1756420613221,
      "tn" : 1756420613221908842,
      "q" : "1250",
      "p" : "0.0079344",
      "s" : "buy",
      "i" : "RSR_USD",
      "m" : "4611686018430214094"
    }, {
      "d" : "1756420613216934724",
      "t" : 1756420613216,
      "tn" : 1756420613216934724,
      "q" : "1250",
      "p" : "0.0079344",
      "s" : "buy",
      "i" : "RSR_USD",
      "m" : "4611686018430214093"
    }, {
      "d" : "1756420613211922691",
      "t" : 1756420613211,
      "tn" : 1756420613211922691,
      "q" : "1250",
      "p" : "0.0079344",
      "s" : "buy",
      "i" : "RSR_USD",
      "m" : "4611686018430214092"
    }, {
      "d" : "1756420613206895221",
      "t" : 1756420613206,
      "tn" : 1756420613206895221,
      "q" : "1250",
      "p" : "0.0079344",
      "s" : "buy",
      "i" : "RSR_USD",
      "m" : "4611686018430214091"
    }, {
      "d" : "1756420613201920430",
      "t" : 1756420613201,
      "tn" : 1756420613201920430,
      "q" : "1250",
      "p" : "0.0079344",
      "s" : "buy",
      "i" : "RSR_USD",
      "m" : "4611686018430214090"
    }, {
      "d" : "1756420613196893814",
      "t" : 1756420613196,
      "tn" : 1756420613196893814,
      "q" : "1250",
      "p" : "0.0079344",
      "s" : "buy",
      "i" : "RSR_USD",
      "m" : "4611686018430214089"
    }, {
      "d" : "1756420613191877102",
      "t" : 1756420613191,
      "tn" : 1756420613191877102,
      "q" : "1250",
      "p" : "0.0079344",
      "s" : "buy",
      "i" : "RSR_USD",
      "m" : "4611686018430214088"
    }, {
      "d" : "1756420613186851247",
      "t" : 1756420613186,
      "tn" : 1756420613186851247,
      "q" : "1250",
      "p" : "0.0079344",
      "s" : "buy",
      "i" : "RSR_USD",
      "m" : "4611686018430214087"
    }, {
      "d" : "1756420613183679744",
      "t" : 1756420613183,
      "tn" : 1756420613183679744,
      "q" : "1250",
      "p" : "0.0079344",
      "s" : "buy",
      "i" : "RSR_USD",
      "m" : "4611686018430214086"
    }, {
      "d" : "1756420613181862261",
      "t" : 1756420613181,
      "tn" : 1756420613181862261,
      "q" : "1250",
      "p" : "0.0079344",
      "s" : "buy",
      "i" : "RSR_USD",
      "m" : "4611686018430214085"
    }, {
      "d" : "1756420613177622835",
      "t" : 1756420613177,
      "tn" : 1756420613177622835,
      "q" : "1250",
      "p" : "0.0079344",
      "s" : "buy",
      "i" : "RSR_USD",
      "m" : "4611686018430214084"
    }, {
      "d" : "1756420613171885008",
      "t" : 1756420613171,
      "tn" : 1756420613171885008,
      "q" : "1250",
      "p" : "0.0079344",
      "s" : "buy",
      "i" : "RSR_USD",
      "m" : "4611686018430214083"
    }, {
      "d" : "1756420613167013699",
      "t" : 1756420613167,
      "tn" : 1756420613167013699,
      "q" : "1250",
      "p" : "0.0079344",
      "s" : "buy",
      "i" : "RSR_USD",
      "m" : "4611686018430214082"
    }, {
      "d" : "1756420613161852296",
      "t" : 1756420613161,
      "tn" : 1756420613161852296,
      "q" : "1250",
      "p" : "0.0079344",
      "s" : "buy",
      "i" : "RSR_USD",
      "m" : "4611686018430214081"
    }, {
      "d" : "1756420613156796877",
      "t" : 1756420613156,
      "tn" : 1756420613156796877,
      "q" : "1250",
      "p" : "0.0079344",
      "s" : "buy",
      "i" : "RSR_USD",
      "m" : "4611686018430214080"
    }, {
      "d" : "1756420613151802655",
      "t" : 1756420613151,
      "tn" : 1756420613151802655,
      "q" : "1250",
      "p" : "0.0079344",
      "s" : "buy",
      "i" : "RSR_USD",
      "m" : "4611686018430214079"
    }, {
      "d" : "1756420613146768545",
      "t" : 1756420613146,
      "tn" : 1756420613146768545,
      "q" : "1250",
      "p" : "0.0079344",
      "s" : "buy",
      "i" : "RSR_USD",
      "m" : "4611686018430214078"
    }, {
      "d" : "1756420613141734372",
      "t" : 1756420613141,
      "tn" : 1756420613141734372,
      "q" : "1250",
      "p" : "0.0079344",
      "s" : "buy",
      "i" : "RSR_USD",
      "m" : "4611686018430214077"
    }, {
      "d" : "1756420613136642208",
      "t" : 1756420613136,
      "tn" : 1756420613136642208,
      "q" : "1250",
      "p" : "0.0079344",
      "s" : "buy",
      "i" : "RSR_USD",
      "m" : "4611686018430214076"
    }, {
      "d" : "1756420613131671233",
      "t" : 1756420613131,
      "tn" : 1756420613131671233,
      "q" : "1250",
      "p" : "0.0079344",
      "s" : "buy",
      "i" : "RSR_USD",
      "m" : "4611686018430214075"
    }, {
      "d" : "1756420613126603656",
      "t" : 1756420613126,
      "tn" : 1756420613126603656,
      "q" : "1250",
      "p" : "0.0079344",
      "s" : "buy",
      "i" : "RSR_USD",
      "m" : "4611686018430214074"
    }, {
      "d" : "1756420613121649014",
      "t" : 1756420613121,
      "tn" : 1756420613121649014,
      "q" : "1250",
      "p" : "0.0079344",
      "s" : "buy",
      "i" : "RSR_USD",
      "m" : "4611686018430214073"
    }, {
      "d" : "1756420613116651449",
      "t" : 1756420613116,
      "tn" : 1756420613116651449,
      "q" : "1250",
      "p" : "0.0079344",
      "s" : "buy",
      "i" : "RSR_USD",
      "m" : "4611686018430214072"
    }, {
      "d" : "1756420613111641749",
      "t" : 1756420613111,
      "tn" : 1756420613111641749,
      "q" : "1250",
      "p" : "0.0079344",
      "s" : "buy",
      "i" : "RSR_USD",
      "m" : "4611686018430214071"
    }, {
      "d" : "1756420613106617645",
      "t" : 1756420613106,
      "tn" : 1756420613106617645,
      "q" : "1250",
      "p" : "0.0079344",
      "s" : "buy",
      "i" : "RSR_USD",
      "m" : "4611686018430214070"
    }, {
      "d" : "1756420613101603543",
      "t" : 1756420613101,
      "tn" : 1756420613101603543,
      "q" : "1250",
      "p" : "0.0079344",
      "s" : "buy",
      "i" : "RSR_USD",
      "m" : "4611686018430214069"
    }, {
      "d" : "1756420613096583695",
      "t" : 1756420613096,
      "tn" : 1756420613096583695,
      "q" : "1250",
      "p" : "0.0079344",
      "s" : "buy",
      "i" : "RSR_USD",
      "m" : "4611686018430214068"
    }, {
      "d" : "1756420613091588319",
      "t" : 1756420613091,
      "tn" : 1756420613091588319,
      "q" : "1250",
      "p" : "0.0079344",
      "s" : "buy",
      "i" : "RSR_USD",
      "m" : "4611686018430214067"
    }, {
      "d" : "1756420613086603474",
      "t" : 1756420613086,
      "tn" : 1756420613086603474,
      "q" : "1250",
      "p" : "0.0079344",
      "s" : "buy",
      "i" : "RSR_USD",
      "m" : "4611686018430214066"
    }, {
      "d" : "1756420613081575910",
      "t" : 1756420613081,
      "tn" : 1756420613081575910,
      "q" : "1250",
      "p" : "0.0079344",
      "s" : "buy",
      "i" : "RSR_USD",
      "m" : "4611686018430214065"
    }, {
      "d" : "1756420613076579970",
      "t" : 1756420613076,
      "tn" : 1756420613076579970,
      "q" : "1250",
      "p" : "0.0079344",
      "s" : "buy",
      "i" : "RSR_USD",
      "m" : "4611686018430214064"
    }, {
      "d" : "1756420613071553994",
      "t" : 1756420613071,
      "tn" : 1756420613071553994,
      "q" : "1250",
      "p" : "0.0079344",
      "s" : "buy",
      "i" : "RSR_USD",
      "m" : "4611686018430214063"
    }, {
      "d" : "1756420613066540979",
      "t" : 1756420613066,
      "tn" : 1756420613066540979,
      "q" : "1250",
      "p" : "0.0079344",
      "s" : "buy",
      "i" : "RSR_USD",
      "m" : "4611686018430214062"
    }, {
      "d" : "1756420613061542174",
      "t" : 1756420613061,
      "tn" : 1756420613061542174,
      "q" : "1250",
      "p" : "0.0079344",
      "s" : "buy",
      "i" : "RSR_USD",
      "m" : "4611686018430214061"
    }, {
      "d" : "1756420613056531123",
      "t" : 1756420613056,
      "tn" : 1756420613056531123,
      "q" : "1250",
      "p" : "0.0079344",
      "s" : "buy",
      "i" : "RSR_USD",
      "m" : "4611686018430214060"
    }, {
      "d" : "1756420613051546585",
      "t" : 1756420613051,
      "tn" : 1756420613051546585,
      "q" : "1250",
      "p" : "0.0079344",
      "s" : "buy",
      "i" : "RSR_USD",
      "m" : "4611686018430214059"
    }, {
      "d" : "1756420613046572436",
      "t" : 1756420613046,
      "tn" : 1756420613046572436,
      "q" : "1250",
      "p" : "0.0079344",
      "s" : "buy",
      "i" : "RSR_USD",
      "m" : "4611686018430214058"
    }, {
      "d" : "1756420613041640956",
      "t" : 1756420613041,
      "tn" : 1756420613041640956,
      "q" : "1250",
      "p" : "0.0079344",
      "s" : "buy",
      "i" : "RSR_USD",
      "m" : "4611686018430214057"
    }, {
      "d" : "1756420601876717559",
      "t" : 1756420601876,
      "tn" : 1756420601876717559,
      "q" : "1250",
      "p" : "0.0079366",
      "s" : "buy",
      "i" : "RSR_USD",
      "m" : "4611686018430214056"
    }, {
      "d" : "1756420601871690624",
      "t" : 1756420601871,
      "tn" : 1756420601871690624,
      "q" : "1250",
      "p" : "0.0079366",
      "s" : "buy",
      "i" : "RSR_USD",
      "m" : "4611686018430214055"
    }, {
      "d" : "1756420601866700236",
      "t" : 1756420601866,
      "tn" : 1756420601866700236,
      "q" : "1250",
      "p" : "0.0079366",
      "s" : "buy",
      "i" : "RSR_USD",
      "m" : "4611686018430214054"
    }, {
      "d" : "1756420601861715841",
      "t" : 1756420601861,
      "tn" : 1756420601861715841,
      "q" : "1250",
      "p" : "0.0079366",
      "s" : "buy",
      "i" : "RSR_USD",
      "m" : "4611686018430214053"
    }, {
      "d" : "1756420601856727085",
      "t" : 1756420601856,
      "tn" : 1756420601856727085,
      "q" : "1250",
      "p" : "0.0079366",
      "s" : "buy",
      "i" : "RSR_USD",
      "m" : "4611686018430214052"
    }, {
      "d" : "1756420601851676509",
      "t" : 1756420601851,
      "tn" : 1756420601851676509,
      "q" : "1250",
      "p" : "0.0079366",
      "s" : "buy",
      "i" : "RSR_USD",
      "m" : "4611686018430214051"
    }, {
      "d" : "1756420601846700257",
      "t" : 1756420601846,
      "tn" : 1756420601846700257,
      "q" : "1250",
      "p" : "0.0079366",
      "s" : "buy",
      "i" : "RSR_USD",
      "m" : "4611686018430214050"
    }, {
      "d" : "1756420601841638655",
      "t" : 1756420601841,
      "tn" : 1756420601841638655,
      "q" : "1250",
      "p" : "0.0079366",
      "s" : "buy",
      "i" : "RSR_USD",
      "m" : "4611686018430214049"
    }, {
      "d" : "1756420601836670567",
      "t" : 1756420601836,
      "tn" : 1756420601836670567,
      "q" : "1250",
      "p" : "0.0079366",
      "s" : "buy",
      "i" : "RSR_USD",
      "m" : "4611686018430214048"
    }, {
      "d" : "1756420601831637820",
      "t" : 1756420601831,
      "tn" : 1756420601831637820,
      "q" : "1250",
      "p" : "0.0079366",
      "s" : "buy",
      "i" : "RSR_USD",
      "m" : "4611686018430214047"
    }, {
      "d" : "1756420601826654837",
      "t" : 1756420601826,
      "tn" : 1756420601826654837,
      "q" : "1250",
      "p" : "0.0079366",
      "s" : "buy",
      "i" : "RSR_USD",
      "m" : "4611686018430214046"
    }, {
      "d" : "1756420601821624736",
      "t" : 1756420601821,
      "tn" : 1756420601821624736,
      "q" : "1250",
      "p" : "0.0079366",
      "s" : "buy",
      "i" : "RSR_USD",
      "m" : "4611686018430214045"
    }, {
      "d" : "1756420601816629420",
      "t" : 1756420601816,
      "tn" : 1756420601816629420,
      "q" : "1250",
      "p" : "0.0079366",
      "s" : "buy",
      "i" : "RSR_USD",
      "m" : "4611686018430214044"
    }, {
      "d" : "1756420601811600270",
      "t" : 1756420601811,
      "tn" : 1756420601811600270,
      "q" : "1250",
      "p" : "0.0079366",
      "s" : "buy",
      "i" : "RSR_USD",
      "m" : "4611686018430214043"
    }, {
      "d" : "1756420601806593247",
      "t" : 1756420601806,
      "tn" : 1756420601806593247,
      "q" : "1250",
      "p" : "0.0079366",
      "s" : "buy",
      "i" : "RSR_USD",
      "m" : "4611686018430214042"
    }, {
      "d" : "1756420601801561040",
      "t" : 1756420601801,
      "tn" : 1756420601801561040,
      "q" : "1250",
      "p" : "0.0079366",
      "s" : "buy",
      "i" : "RSR_USD",
      "m" : "4611686018430214041"
    }, {
      "d" : "1756420601796546873",
      "t" : 1756420601796,
      "tn" : 1756420601796546873,
      "q" : "1250",
      "p" : "0.0079366",
      "s" : "buy",
      "i" : "RSR_USD",
      "m" : "4611686018430214040"
    }, {
      "d" : "1756420601791808246",
      "t" : 1756420601791,
      "tn" : 1756420601791808246,
      "q" : "1250",
      "p" : "0.0079366",
      "s" : "buy",
      "i" : "RSR_USD",
      "m" : "4611686018430214039"
    }, {
      "d" : "1756420601786536979",
      "t" : 1756420601786,
      "tn" : 1756420601786536979,
      "q" : "1250",
      "p" : "0.0079366",
      "s" : "buy",
      "i" : "RSR_USD",
      "m" : "4611686018430214038"
    }, {
      "d" : "1756420601781496691",
      "t" : 1756420601781,
      "tn" : 1756420601781496691,
      "q" : "1250",
      "p" : "0.0079366",
      "s" : "buy",
      "i" : "RSR_USD",
      "m" : "4611686018430214037"
    }, {
      "d" : "1756420601776504696",
      "t" : 1756420601776,
      "tn" : 1756420601776504696,
      "q" : "1250",
      "p" : "0.0079366",
      "s" : "buy",
      "i" : "RSR_USD",
      "m" : "4611686018430214036"
    }, {
      "d" : "1756420601771489800",
      "t" : 1756420601771,
      "tn" : 1756420601771489800,
      "q" : "1250",
      "p" : "0.0079366",
      "s" : "buy",
      "i" : "RSR_USD",
      "m" : "4611686018430214035"
    }, {
      "d" : "1756420601766530227",
      "t" : 1756420601766,
      "tn" : 1756420601766530227,
      "q" : "1250",
      "p" : "0.0079366",
      "s" : "buy",
      "i" : "RSR_USD",
      "m" : "4611686018430214034"
    }, {
      "d" : "1756420601761490009",
      "t" : 1756420601761,
      "tn" : 1756420601761490009,
      "q" : "1250",
      "p" : "0.0079366",
      "s" : "buy",
      "i" : "RSR_USD",
      "m" : "4611686018430214033"
    }, {
      "d" : "1756420601756494882",
      "t" : 1756420601756,
      "tn" : 1756420601756494882,
      "q" : "1250",
      "p" : "0.0079366",
      "s" : "buy",
      "i" : "RSR_USD",
      "m" : "4611686018430214032"
    }, {
      "d" : "1756420601751436008",
      "t" : 1756420601751,
      "tn" : 1756420601751436008,
      "q" : "1250",
      "p" : "0.0079366",
      "s" : "buy",
      "i" : "RSR_USD",
      "m" : "4611686018430214031"
    }, {
      "d" : "1756420601746429767",
      "t" : 1756420601746,
      "tn" : 1756420601746429767,
      "q" : "1250",
      "p" : "0.0079366",
      "s" : "buy",
      "i" : "RSR_USD",
      "m" : "4611686018430214030"
    }, {
      "d" : "1756420601741405883",
      "t" : 1756420601741,
      "tn" : 1756420601741405883,
      "q" : "1250",
      "p" : "0.0079366",
      "s" : "buy",
      "i" : "RSR_USD",
      "m" : "4611686018430214029"
    }, {
      "d" : "1756420601736418111",
      "t" : 1756420601736,
      "tn" : 1756420601736418111,
      "q" : "1250",
      "p" : "0.0079366",
      "s" : "buy",
      "i" : "RSR_USD",
      "m" : "4611686018430214028"
    }, {
      "d" : "1756420601731378701",
      "t" : 1756420601731,
      "tn" : 1756420601731378701,
      "q" : "1250",
      "p" : "0.0079366",
      "s" : "buy",
      "i" : "RSR_USD",
      "m" : "4611686018430214027"
    }, {
      "d" : "1756420601726404864",
      "t" : 1756420601726,
      "tn" : 1756420601726404864,
      "q" : "1250",
      "p" : "0.0079366",
      "s" : "buy",
      "i" : "RSR_USD",
      "m" : "4611686018430214026"
    }, {
      "d" : "1756420601721382065",
      "t" : 1756420601721,
      "tn" : 1756420601721382065,
      "q" : "1250",
      "p" : "0.0079366",
      "s" : "buy",
      "i" : "RSR_USD",
      "m" : "4611686018430214025"
    }, {
      "d" : "1756420601716389183",
      "t" : 1756420601716,
      "tn" : 1756420601716389183,
      "q" : "1250",
      "p" : "0.0079366",
      "s" : "buy",
      "i" : "RSR_USD",
      "m" : "4611686018430214024"
    }, {
      "d" : "1756420601711365049",
      "t" : 1756420601711,
      "tn" : 1756420601711365049,
      "q" : "1250",
      "p" : "0.0079366",
      "s" : "buy",
      "i" : "RSR_USD",
      "m" : "4611686018430214023"
    }, {
      "d" : "1756420601706378717",
      "t" : 1756420601706,
      "tn" : 1756420601706378717,
      "q" : "1250",
      "p" : "0.0079366",
      "s" : "buy",
      "i" : "RSR_USD",
      "m" : "4611686018430214022"
    }, {
      "d" : "1756420601701362319",
      "t" : 1756420601701,
      "tn" : 1756420601701362319,
      "q" : "1250",
      "p" : "0.0079366",
      "s" : "buy",
      "i" : "RSR_USD",
      "m" : "4611686018430214021"
    }, {
      "d" : "1756420601696390543",
      "t" : 1756420601696,
      "tn" : 1756420601696390543,
      "q" : "1250",
      "p" : "0.0079366",
      "s" : "buy",
      "i" : "RSR_USD",
      "m" : "4611686018430214020"
    }, {
      "d" : "1756420601691395452",
      "t" : 1756420601691,
      "tn" : 1756420601691395452,
      "q" : "1250",
      "p" : "0.0079366",
      "s" : "buy",
      "i" : "RSR_USD",
      "m" : "4611686018430214019"
    }, {
      "d" : "1756420601686384438",
      "t" : 1756420601686,
      "tn" : 1756420601686384438,
      "q" : "1250",
      "p" : "0.0079366",
      "s" : "buy",
      "i" : "RSR_USD",
      "m" : "4611686018430214018"
    }, {
      "d" : "1756420601681253675",
      "t" : 1756420601681,
      "tn" : 1756420601681253675,
      "q" : "1250",
      "p" : "0.0079366",
      "s" : "buy",
      "i" : "RSR_USD",
      "m" : "4611686018430214017"
    }, {
      "d" : "1756420601676266690",
      "t" : 1756420601676,
      "tn" : 1756420601676266690,
      "q" : "1250",
      "p" : "0.0079366",
      "s" : "buy",
      "i" : "RSR_USD",
      "m" : "4611686018430214016"
    }, {
      "d" : "1756420601671234915",
      "t" : 1756420601671,
      "tn" : 1756420601671234915,
      "q" : "1250",
      "p" : "0.0079366",
      "s" : "buy",
      "i" : "RSR_USD",
      "m" : "4611686018430214015"
    }, {
      "d" : "1756420601666217442",
      "t" : 1756420601666,
      "tn" : 1756420601666217442,
      "q" : "1250",
      "p" : "0.0079366",
      "s" : "buy",
      "i" : "RSR_USD",
      "m" : "4611686018430214014"
    }, {
      "d" : "1756420601661208357",
      "t" : 1756420601661,
      "tn" : 1756420601661208357,
      "q" : "1250",
      "p" : "0.0079366",
      "s" : "buy",
      "i" : "RSR_USD",
      "m" : "4611686018430214013"
    }, {
      "d" : "1756420601656175651",
      "t" : 1756420601656,
      "tn" : 1756420601656175651,
      "q" : "1250",
      "p" : "0.0079366",
      "s" : "buy",
      "i" : "RSR_USD",
      "m" : "4611686018430214012"
    }, {
      "d" : "1756420601651164934",
      "t" : 1756420601651,
      "tn" : 1756420601651164934,
      "q" : "1250",
      "p" : "0.0079366",
      "s" : "buy",
      "i" : "RSR_USD",
      "m" : "4611686018430214011"
    }, {
      "d" : "1756420601646154781",
      "t" : 1756420601646,
      "tn" : 1756420601646154781,
      "q" : "1250",
      "p" : "0.0079366",
      "s" : "buy",
      "i" : "RSR_USD",
      "m" : "4611686018430214010"
    }, {
      "d" : "1756420601641014637",
      "t" : 1756420601641,
      "tn" : 1756420601641014637,
      "q" : "1250",
      "p" : "0.0079366",
      "s" : "buy",
      "i" : "RSR_USD",
      "m" : "4611686018430214009"
    }, {
      "d" : "1756420601636047581",
      "t" : 1756420601636,
      "tn" : 1756420601636047581,
      "q" : "1250",
      "p" : "0.0079366",
      "s" : "buy",
      "i" : "RSR_USD",
      "m" : "4611686018430214008"
    }, {
      "d" : "1756420601631006509",
      "t" : 1756420601631,
      "tn" : 1756420601631006509,
      "q" : "1250",
      "p" : "0.0079366",
      "s" : "buy",
      "i" : "RSR_USD",
      "m" : "4611686018430214007"
    }, {
      "d" : "1756420601626006365",
      "t" : 1756420601626,
      "tn" : 1756420601626006365,
      "q" : "1250",
      "p" : "0.0079366",
      "s" : "buy",
      "i" : "RSR_USD",
      "m" : "4611686018430214006"
    }, {
      "d" : "1756420601620977143",
      "t" : 1756420601620,
      "tn" : 1756420601620977143,
      "q" : "1250",
      "p" : "0.0079366",
      "s" : "buy",
      "i" : "RSR_USD",
      "m" : "4611686018430214005"
    }, {
      "d" : "1756420601616009597",
      "t" : 1756420601616,
      "tn" : 1756420601616009597,
      "q" : "1250",
      "p" : "0.0079366",
      "s" : "buy",
      "i" : "RSR_USD",
      "m" : "4611686018430214004"
    }, {
      "d" : "1756420601611000186",
      "t" : 1756420601611,
      "tn" : 1756420601611000186,
      "q" : "1250",
      "p" : "0.0079366",
      "s" : "buy",
      "i" : "RSR_USD",
      "m" : "4611686018430214003"
    } ]
  }
}