{
  "id" : -1,
  "method" : "public/get-trades",
  "code" : 0,
  "result" : {
    "data" : [ {
      "d" : "1756462016791833369",
      "t" : 1756462016791,
      "tn" : 1756462016791833369,
      "q" : "17320",
      "p" : "0.0075591",
      "s" : "buy",
      "i" : "RSR_USDT",
      "m" : "4611686018430791166"
    }, {
      "d" : "1756461004566305251",
      "t" : 1756461004566,
      "tn" : 1756461004566305251,
      "q" : "3610",
      "p" : "0.0075463",
      "s" : "sell",
      "i" : "RSR_USDT",
      "m" : "4611686018430791165"
    }, {
      "d" : "1756460918857826052",
      "t" : 1756460918857,
      "tn" : 1756460918857826052,
      "q" : "15150",
      "p" : "0.0075504",
      "s" : "sell",
      "i" : "RSR_USDT",
      "m" : "4611686018430791164"
    }, {
      "d" : "1756460863433075991",
      "t" : 1756460863433,
      "tn" : 1756460863433075991,
      "q" : "16900",
      "p" : "0.0075425",
      "s" : "sell",
      "i" : "RSR_USDT",
      "m" : "4611686018430791163"
    }, {
      "d" : "1756460750253080862",
      "t" : 1756460750253,
      "tn" : 1756460750253080862,
      "q" : "19570",
      "p" : "0.0075222",
      "s" : "buy",
      "i" : "RSR_USDT",
      "m" : "4611686018430791162"
    }, {
      "d" : "1756460713505915831",
      "t" : 1756460713505,
      "tn" : 1756460713505915831,
      "q" : "16100",
      "p" : "0.0075158",
      "s" : "buy",
      "i" : "RSR_USDT",
      "m" : "4611686018430791161"
    }, {
      "d" : "1756460431995931547",
      "t" : 1756460431995,
      "tn" : 1756460431995931547,
      "q" : "17390",
      "p" : "0.0075028",
      "s" : "buy",
      "i" : "RSR_USDT",
      "m" : "4611686018430791160"
    }, {
      "d" : "1756460206931913844",
      "t" : 1756460206931,
      "tn" : 1756460206931913844,
      "q" : "15140",
      "p" : "0.0075021",
      "s" : "sell",
      "i" : "RSR_USDT",
      "m" : "4611686018430791159"
    }, {
      "d" : "1756460052982043116",
      "t" : 1756460052982,
      "tn" : 1756460052982043116,
      "q" : "17170",
      "p" : "0.0074942",
      "s" : "sell",
      "i" : "RSR_USDT",
      "m" : "4611686018430791158"
    }, {
      "d" : "1756459621504340739",
      "t" : 1756459621504,
      "tn" : 1756459621504340739,
      "q" : "15980",
      "p" : "0.0074894",
      "s" : "buy",
      "i" : "RSR_USDT",
      "m" : "4611686018430791157"
    }, {
      "d" : "1756459510020168548",
      "t" : 1756459510020,
      "tn" : 1756459510020168548,
      "q" : "16330",
      "p" : "0.0074890",
      "s" : "buy",
      "i" : "RSR_USDT",
      "m" : "4611686018430791156"
    }, {
      "d" : "1756457841730495878",
      "t" : 1756457841730,
      "tn" : 1756457841730495878,
      "q" : "100750",
      "p" : "0.0074649",
      "s" : "buy",
      "i" : "RSR_USDT",
      "m" : "4611686018430791155"
    }, {
      "d" : "1756457841730216663",
      "t" : 1756457841730,
      "tn" : 1756457841730216663,
      "q" : "17400",
      "p" : "0.0074616",
      "s" : "buy",
      "i" : "RSR_USDT",
      "m" : "4611686018430791154"
    }, {
      "d" : "1756457688246724809",
      "t" : 1756457688246,
      "tn" : 1756457688246724809,
      "q" : "11690",
      "p" : "0.0074697",
      "s" : "sell",
      "i" : "RSR_USDT",
      "m" : "4611686018430791153"
    }, {
      "d" : "1756457157341985048",
      "t" : 1756457157341,
      "tn" : 1756457157341985048,
      "q" : "12360",
      "p" : "0.0075055",
      "s" : "sell",
      "i" : "RSR_USDT",
      "m" : "4611686018430791152"
    }, {
      "d" : "1756457152628156653",
      "t" : 1756457152628,
      "tn" : 1756457152628156653,
      "q" : "19270",
      "p" : "0.0075086",
      "s" : "sell",
      "i" : "RSR_USDT",
      "m" : "4611686018430791151"
    }, {
      "d" : "1756457150674035242",
      "t" : 1756457150674,
      "tn" : 1756457150674035242,
      "q" : "18590",
      "p" : "0.0075065",
      "s" : "sell",
      "i" : "RSR_USDT",
      "m" : "4611686018430791150"
    }, {
      "d" : "1756457143487265880",
      "t" : 1756457143487,
      "tn" : 1756457143487265880,
      "q" : "50230",
      "p" : "0.0075000",
      "s" : "buy",
      "i" : "RSR_USDT",
      "m" : "4611686018430791149"
    }, {
      "d" : "1756452775965423708",
      "t" : 1756452775965,
      "tn" : 1756452775965423708,
      "q" : "19450",
      "p" : "0.0075653",
      "s" : "sell",
      "i" : "RSR_USDT",
      "m" : "4611686018430791148"
    }, {
      "d" : "1756452775734975917",
      "t" : 1756452775734,
      "tn" : 1756452775734975917,
      "q" : "16380",
      "p" : "0.0075653",
      "s" : "sell",
      "i" : "RSR_USDT",
      "m" : "4611686018430791147"
    }, {
      "d" : "1756452775624813361",
      "t" : 1756452775624,
      "tn" : 1756452775624813361,
      "q" : "18460",
      "p" : "0.0075654",
      "s" : "sell",
      "i" : "RSR_USDT",
      "m" : "4611686018430791146"
    }, {
      "d" : "1756452775548849065",
      "t" : 1756452775548,
      "tn" : 1756452775548849065,
      "q" : "18300",
      "p" : "0.0075654",
      "s" : "sell",
      "i" : "RSR_USDT",
      "m" : "4611686018430791145"
    }, {
      "d" : "1756452775393471454",
      "t" : 1756452775393,
      "tn" : 1756452775393471454,
      "q" : "19430",
      "p" : "0.0075656",
      "s" : "sell",
      "i" : "RSR_USDT",
      "m" : "4611686018430791144"
    }, {
      "d" : "1756452775198199249",
      "t" : 1756452775198,
      "tn" : 1756452775198199249,
      "q" : "18140",
      "p" : "0.0075656",
      "s" : "sell",
      "i" : "RSR_USDT",
      "m" : "4611686018430791143"
    }, {
      "d" : "1756452775133179659",
      "t" : 1756452775133,
      "tn" : 1756452775133179659,
      "q" : "17290",
      "p" : "0.0075654",
      "s" : "sell",
      "i" : "RSR_USDT",
      "m" : "4611686018430791142"
    }, {
      "d" : "1756452730443906307",
      "t" : 1756452730443,
      "tn" : 1756452730443906307,
      "q" : "10270",
      "p" : "0.0075470",
      "s" : "sell",
      "i" : "RSR_USDT",
      "m" : "4611686018430791141"
    }, {
      "d" : "1756452730388876845",
      "t" : 1756452730388,
      "tn" : 1756452730388876845,
      "q" : "18500",
      "p" : "0.0075470",
      "s" : "sell",
      "i" : "RSR_USDT",
      "m" : "4611686018430791140"
    }, {
      "d" : "1756452402032960704",
      "t" : 1756452402032,
      "tn" : 1756452402032960704,
      "q" : "18900",
      "p" : "0.0075062",
      "s" : "sell",
      "i" : "RSR_USDT",
      "m" : "4611686018430791139"
    }, {
      "d" : "1756452027380259411",
      "t" : 1756452027380,
      "tn" : 1756452027380259411,
      "q" : "12580",
      "p" : "0.0075389",
      "s" : "sell",
      "i" : "RSR_USDT",
      "m" : "4611686018430791138"
    }, {
      "d" : "1756452025416496462",
      "t" : 1756452025416,
      "tn" : 1756452025416496462,
      "q" : "15350",
      "p" : "0.0075390",
      "s" : "sell",
      "i" : "RSR_USDT",
      "m" : "4611686018430791137"
    }, {
      "d" : "1756452024590290488",
      "t" : 1756452024590,
      "tn" : 1756452024590290488,
      "q" : "19510",
      "p" : "0.0075390",
      "s" : "sell",
      "i" : "RSR_USDT",
      "m" : "4611686018430791136"
    }, {
      "d" : "1756452024408892531",
      "t" : 1756452024408,
      "tn" : 1756452024408892531,
      "q" : "16260",
      "p" : "0.0075390",
      "s" : "sell",
      "i" : "RSR_USDT",
      "m" : "4611686018430791135"
    }, {
      "d" : "1756452024328778365",
      "t" : 1756452024328,
      "tn" : 1756452024328778365,
      "q" : "16840",
      "p" : "0.0075391",
      "s" : "sell",
      "i" : "RSR_USDT",
      "m" : "4611686018430791134"
    }, {
      "d" : "1756452023095983323",
      "t" : 1756452023095,
      "tn" : 1756452023095983323,
      "q" : "17310",
      "p" : "0.0075391",
      "s" : "sell",
      "i" : "RSR_USDT",
      "m" : "4611686018430791133"
    }, {
      "d" : "1756452023025863728",
      "t" : 1756452023025,
      "tn" : 1756452023025863728,
      "q" : "19240",
      "p" : "0.0075392",
      "s" : "sell",
      "i" : "RSR_USDT",
      "m" : "4611686018430791132"
    }, {
      "d" : "1756452022925797831",
      "t" : 1756452022925,
      "tn" : 1756452022925797831,
      "q" : "15460",
      "p" : "0.0075392",
      "s" : "sell",
      "i" : "RSR_USDT",
      "m" : "4611686018430791131"
    }, {
      "d" : "1756452011150805188",
      "t" : 1756452011150,
      "tn" : 1756452011150805188,
      "q" : "18940",
      "p" : "0.0075402",
      "s" : "sell",
      "i" : "RSR_USDT",
      "m" : "4611686018430791130"
    }, {
      "d" : "1756451972673775859",
      "t" : 1756451972673,
      "tn" : 1756451972673775859,
      "q" : "18860",
      "p" : "0.0075408",
      "s" : "sell",
      "i" : "RSR_USDT",
      "m" : "4611686018430791129"
    }, {
      "d" : "1756451970862879181",
      "t" : 1756451970862,
      "tn" : 1756451970862879181,
      "q" : "19670",
      "p" : "0.0075409",
      "s" : "sell",
      "i" : "RSR_USDT",
      "m" : "4611686018430791128"
    }, {
      "d" : "1756451965681897601",
      "t" : 1756451965681,
      "tn" : 1756451965681897601,
      "q" : "18790",
      "p" : "0.0075481",
      "s" : "sell",
      "i" : "RSR_USDT",
      "m" : "4611686018430791127"
    }, {
      "d" : "1756451914630141480",
      "t" : 1756451914630,
      "tn" : 1756451914630141480,
      "q" : "18040",
      "p" : "0.0075445",
      "s" : "sell",
      "i" : "RSR_USDT",
      "m" : "4611686018430791126"
    }, {
      "d" : "1756451855524809752",
      "t" : 1756451855524,
      "tn" : 1756451855524809752,
      "q" : "15890",
      "p" : "0.0075472",
      "s" : "sell",
      "i" : "RSR_USDT",
      "m" : "4611686018430791125"
    }, {
      "d" : "1756451761426889456",
      "t" : 1756451761426,
      "tn" : 1756451761426889456,
      "q" : "18470",
      "p" : "0.0075427",
      "s" : "sell",
      "i" : "RSR_USDT",
      "m" : "4611686018430791124"
    }, {
      "d" : "1756451757762197759",
      "t" : 1756451757762,
      "tn" : 1756451757762197759,
      "q" : "16150",
      "p" : "0.0075482",
      "s" : "sell",
      "i" : "RSR_USDT",
      "m" : "4611686018430791123"
    }, {
      "d" : "1756451671004138326",
      "t" : 1756451671004,
      "tn" : 1756451671004138326,
      "q" : "17190",
      "p" : "0.0075536",
      "s" : "buy",
      "i" : "RSR_USDT",
      "m" : "4611686018430791122"
    }, {
      "d" : "1756451629564697270",
      "t" : 1756451629564,
      "tn" : 1756451629564697270,
      "q" : "16360",
      "p" : "0.0075682",
      "s" : "buy",
      "i" : "RSR_USDT",
      "m" : "4611686018430791121"
    }, {
      "d" : "1756451625517995280",
      "t" : 1756451625517,
      "tn" : 1756451625517995280,
      "q" : "15200",
      "p" : "0.0075623",
      "s" : "buy",
      "i" : "RSR_USDT",
      "m" : "4611686018430791120"
    }, {
      "d" : "1756451620499966920",
      "t" : 1756451620499,
      "tn" : 1756451620499966920,
      "q" : "18570",
      "p" : "0.0075608",
      "s" : "buy",
      "i" : "RSR_USDT",
      "m" : "4611686018430791119"
    }, {
      "d" : "1756451569308000367",
      "t" : 1756451569308,
      "tn" : 1756451569308000367,
      "q" : "17140",
      "p" : "0.0075824",
      "s" : "buy",
      "i" : "RSR_USDT",
      "m" : "4611686018430791118"
    }, {
      "d" : "1756451376192943074",
      "t" : 1756451376192,
      "tn" : 1756451376192943074,
      "q" : "18780",
      "p" : "0.0076063",
      "s" : "buy",
      "i" : "RSR_USDT",
      "m" : "4611686018430791117"
    }, {
      "d" : "1756451269652025965",
      "t" : 1756451269652,
      "tn" : 1756451269652025965,
      "q" : "17580",
      "p" : "0.0076139",
      "s" : "sell",
      "i" : "RSR_USDT",
      "m" : "4611686018430791116"
    }, {
      "d" : "1756451257513147881",
      "t" : 1756451257513,
      "tn" : 1756451257513147881,
      "q" : "16500",
      "p" : "0.0076120",
      "s" : "sell",
      "i" : "RSR_USDT",
      "m" : "4611686018430791115"
    }, {
      "d" : "1756451246698970255",
      "t" : 1756451246698,
      "tn" : 1756451246698970255,
      "q" : "15470",
      "p" : "0.0076172",
      "s" : "sell",
      "i" : "RSR_USDT",
      "m" : "4611686018430791114"
    }, {
      "d" : "1756451043549902808",
      "t" : 1756451043549,
      "tn" : 1756451043549902808,
      "q" : "19740",
      "p" : "0.0076352",
      "s" : "buy",
      "i" : "RSR_USDT",
      "m" : "4611686018430791113"
    }, {
      "d" : "1756450947009740197",
      "t" : 1756450947009,
      "tn" : 1756450947009740197,
      "q" : "18850",
      "p" : "0.0076336",
      "s" : "sell",
      "i" : "RSR_USDT",
      "m" : "4611686018430791112"
    }, {
      "d" : "1756450905579106104",
      "t" : 1756450905579,
      "tn" : 1756450905579106104,
      "q" : "15300",
      "p" : "0.0076427",
      "s" : "buy",
      "i" : "RSR_USDT",
      "m" : "4611686018430791111"
    }, {
      "d" : "1756450897582000962",
      "t" : 1756450897582,
      "tn" : 1756450897582000962,
      "q" : "15360",
      "p" : "0.0076405",
      "s" : "sell",
      "i" : "RSR_USDT",
      "m" : "4611686018430791110"
    }, {
      "d" : "1756450893186440498",
      "t" : 1756450893186,
      "tn" : 1756450893186440498,
      "q" : "10990",
      "p" : "0.0076557",
      "s" : "sell",
      "i" : "RSR_USDT",
      "m" : "4611686018430791109"
    }, {
      "d" : "1756450893177386901",
      "t" : 1756450893177,
      "tn" : 1756450893177386901,
      "q" : "17740",
      "p" : "0.0076561",
      "s" : "sell",
      "i" : "RSR_USDT",
      "m" : "4611686018430791108"
    }, {
      "d" : "1756450893090090344",
      "t" : 1756450893090,
      "tn" : 1756450893090090344,
      "q" : "17310",
      "p" : "0.0076564",
      "s" : "sell",
      "i" : "RSR_USDT",
      "m" : "4611686018430791107"
    }, {
      "d" : "1756449656454793408",
      "t" : 1756449656454,
      "tn" : 1756449656454793408,
      "q" : "18890",
      "p" : "0.0076704",
      "s" : "buy",
      "i" : "RSR_USDT",
      "m" : "4611686018430791106"
    }, {
      "d" : "1756449605875129450",
      "t" : 1756449605875,
      "tn" : 1756449605875129450,
      "q" : "18900",
      "p" : "0.0076765",
      "s" : "sell",
      "i" : "RSR_USDT",
      "m" : "4611686018430791105"
    }, {
      "d" : "1756449584417629725",
      "t" : 1756449584417,
      "tn" : 1756449584417629725,
      "q" : "15940",
      "p" : "0.0076812",
      "s" : "buy",
      "i" : "RSR_USDT",
      "m" : "4611686018430791104"
    }, {
      "d" : "1756449563575840566",
      "t" : 1756449563575,
      "tn" : 1756449563575840566,
      "q" : "19760",
      "p" : "0.0076799",
      "s" : "buy",
      "i" : "RSR_USDT",
      "m" : "4611686018430791103"
    }, {
      "d" : "1756449562485902168",
      "t" : 1756449562485,
      "tn" : 1756449562485902168,
      "q" : "19520",
      "p" : "0.0076798",
      "s" : "buy",
      "i" : "RSR_USDT",
      "m" : "4611686018430791102"
    }, {
      "d" : "1756449553780096162",
      "t" : 1756449553780,
      "tn" : 1756449553780096162,
      "q" : "16570",
      "p" : "0.0076815",
      "s" : "buy",
      "i" : "RSR_USDT",
      "m" : "4611686018430791101"
    }, {
      "d" : "1756449553708426471",
      "t" : 1756449553708,
      "tn" : 1756449553708426471,
      "q" : "15160",
      "p" : "0.0076813",
      "s" : "buy",
      "i" : "RSR_USDT",
      "m" : "4611686018430791100"
    }, {
      "d" : "1756449553629514014",
      "t" : 1756449553629,
      "tn" : 1756449553629514014,
      "q" : "17070",
      "p" : "0.0076814",
      "s" : "buy",
      "i" : "RSR_USDT",
      "m" : "4611686018430791099"
    }, {
      "d" : "1756449553321488851",
      "t" : 1756449553321,
      "tn" : 1756449553321488851,
      "q" : "16020",
      "p" : "0.0076811",
      "s" : "buy",
      "i" : "RSR_USDT",
      "m" : "4611686018430791098"
    }, {
      "d" : "1756449552754893246",
      "t" : 1756449552754,
      "tn" : 1756449552754893246,
      "q" : "16390",
      "p" : "0.0076814",
      "s" : "buy",
      "i" : "RSR_USDT",
      "m" : "4611686018430791097"
    }, {
      "d" : "1756449552748975590",
      "t" : 1756449552748,
      "tn" : 1756449552748975590,
      "q" : "17100",
      "p" : "0.0076814",
      "s" : "buy",
      "i" : "RSR_USDT",
      "m" : "4611686018430791096"
    }, {
      "d" : "1756449552599566971",
      "t" : 1756449552599,
      "tn" : 1756449552599566971,
      "q" : "16310",
      "p" : "0.0076813",
      "s" : "buy",
      "i" : "RSR_USDT",
      "m" : "4611686018430791095"
    }, {
      "d" : "1756449552444633592",
      "t" : 1756449552444,
      "tn" : 1756449552444633592,
      "q" : "16240",
      "p" : "0.0076814",
      "s" : "buy",
      "i" : "RSR_USDT",
      "m" : "4611686018430791094"
    }, {
      "d" : "1756449552214331588",
      "t" : 1756449552214,
      "tn" : 1756449552214331588,
      "q" : "17880",
      "p" : "0.0076815",
      "s" : "buy",
      "i" : "RSR_USDT",
      "m" : "4611686018430791093"
    }, {
      "d" : "1756449552059056964",
      "t" : 1756449552059,
      "tn" : 1756449552059056964,
      "q" : "16930",
      "p" : "0.0076813",
      "s" : "buy",
      "i" : "RSR_USDT",
      "m" : "4611686018430791092"
    }, {
      "d" : "1756449551983974160",
      "t" : 1756449551983,
      "tn" : 1756449551983974160,
      "q" : "19990",
      "p" : "0.0076812",
      "s" : "buy",
      "i" : "RSR_USDT",
      "m" : "4611686018430791091"
    }, {
      "d" : "1756449551703615450",
      "t" : 1756449551703,
      "tn" : 1756449551703615450,
      "q" : "17820",
      "p" : "0.0076813",
      "s" : "buy",
      "i" : "RSR_USDT",
      "m" : "4611686018430791090"
    }, {
      "d" : "1756449546769763621",
      "t" : 1756449546769,
      "tn" : 1756449546769763621,
      "q" : "17400",
      "p" : "0.0076818",
      "s" : "buy",
      "i" : "RSR_USDT",
      "m" : "4611686018430791089"
    }, {
      "d" : "1756449546217484075",
      "t" : 1756449546217,
      "tn" : 1756449546217484075,
      "q" : "15290",
      "p" : "0.0076823",
      "s" : "buy",
      "i" : "RSR_USDT",
      "m" : "4611686018430791088"
    }, {
      "d" : "1756449545867026286",
      "t" : 1756449545867,
      "tn" : 1756449545867026286,
      "q" : "18630",
      "p" : "0.0076823",
      "s" : "buy",
      "i" : "RSR_USDT",
      "m" : "4611686018430791087"
    }, {
      "d" : "1756449545262842983",
      "t" : 1756449545262,
      "tn" : 1756449545262842983,
      "q" : "16270",
      "p" : "0.0076882",
      "s" : "buy",
      "i" : "RSR_USDT",
      "m" : "4611686018430791086"
    }, {
      "d" : "1756449538441901856",
      "t" : 1756449538441,
      "tn" : 1756449538441901856,
      "q" : "15920",
      "p" : "0.0076974",
      "s" : "buy",
      "i" : "RSR_USDT",
      "m" : "4611686018430791085"
    }, {
      "d" : "1756449535401528693",
      "t" : 1756449535401,
      "tn" : 1756449535401528693,
      "q" : "18220",
      "p" : "0.0076973",
      "s" : "buy",
      "i" : "RSR_USDT",
      "m" : "4611686018430791084"
    }, {
      "d" : "1756449525659722435",
      "t" : 1756449525659,
      "tn" : 1756449525659722435,
      "q" : "97500",
      "p" : "0.0076986",
      "s" : "sell",
      "i" : "RSR_USDT",
      "m" : "4611686018430791083"
    }, {
      "d" : "1756449525658600142",
      "t" : 1756449525658,
      "tn" : 1756449525658600142,
      "q" : "91290",
      "p" : "0.0077010",
      "s" : "sell",
      "i" : "RSR_USDT",
      "m" : "4611686018430791082"
    }, {
      "d" : "1756449525658597598",
      "t" : 1756449525658,
      "tn" : 1756449525658597598,
      "q" : "19710",
      "p" : "0.0077053",
      "s" : "sell",
      "i" : "RSR_USDT",
      "m" : "4611686018430791081"
    }, {
      "d" : "1756448068997056126",
      "t" : 1756448068997,
      "tn" : 1756448068997056126,
      "q" : "16430",
      "p" : "0.0077422",
      "s" : "buy",
      "i" : "RSR_USDT",
      "m" : "4611686018430791080"
    }, {
      "d" : "1756446386677783710",
      "t" : 1756446386677,
      "tn" : 1756446386677783710,
      "q" : "960",
      "p" : "0.0077910",
      "s" : "sell",
      "i" : "RSR_USDT",
      "m" : "4611686018430791079"
    }, {
      "d" : "1756446363301725047",
      "t" : 1756446363301,
      "tn" : 1756446363301725047,
      "q" : "17140",
      "p" : "0.0077911",
      "s" : "sell",
      "i" : "RSR_USDT",
      "m" : "4611686018430791078"
    }, {
      "d" : "1756446333478859455",
      "t" : 1756446333478,
      "tn" : 1756446333478859455,
      "q" : "16510",
      "p" : "0.0077900",
      "s" : "sell",
      "i" : "RSR_USDT",
      "m" : "4611686018430791077"
    }, {
      "d" : "1756446319690668686",
      "t" : 1756446319690,
      "tn" : 1756446319690668686,
      "q" : "16330",
      "p" : "0.0077894",
      "s" : "sell",
      "i" : "RSR_USDT",
      "m" : "4611686018430791076"
    }, {
      "d" : "1756446317182660786",
      "t" : 1756446317182,
      "tn" : 1756446317182660786,
      "q" : "16590",
      "p" : "0.0077907",
      "s" : "sell",
      "i" : "RSR_USDT",
      "m" : "4611686018430791075"
    }, {
      "d" : "1756446220391856817",
      "t" : 1756446220391,
      "tn" : 1756446220391856817,
      "q" : "19690",
      "p" : "0.0077897",
      "s" : "sell",
      "i" : "RSR_USDT",
      "m" : "4611686018430791074"
    }, {
      "d" : "1756446179118739669",
      "t" : 1756446179118,
      "tn" : 1756446179118739669,
      "q" : "15650",
      "p" : "0.0077896",
      "s" : "sell",
      "i" : "RSR_USDT",
      "m" : "4611686018430791073"
    }, {
      "d" : "1756446086959937234",
      "t" : 1756446086959,
      "tn" : 1756446086959937234,
      "q" : "17830",
      "p" : "0.0077926",
      "s" : "sell",
      "i" : "RSR_USDT",
      "m" : "4611686018430791072"
    }, {
      "d" : "1756446015435695892",
      "t" : 1756446015435,
      "tn" : 1756446015435695892,
      "q" : "15980",
      "p" : "0.0077999",
      "s" : "sell",
      "i" : "RSR_USDT",
      "m" : "4611686018430791071"
    }, {
      "d" : "1756445980519824684",
      "t" : 1756445980519,
      "tn" : 1756445980519824684,
      "q" : "17170",
      "p" : "0.0077989",
      "s" : "sell",
      "i" : "RSR_USDT",
      "m" : "4611686018430791070"
    }, {
      "d" : "1756445927459762123",
      "t" : 1756445927459,
      "tn" : 1756445927459762123,
      "q" : "18600",
      "p" : "0.0077930",
      "s" : "sell",
      "i" : "RSR_USDT",
      "m" : "4611686018430791069"
    }, {
      "d" : "1756445925421007423",
      "t" : 1756445925421,
      "tn" : 1756445925421007423,
      "q" : "15620",
      "p" : "0.0077921",
      "s" : "sell",
      "i" : "RSR_USDT",
      "m" : "4611686018430791068"
    }, {
      "d" : "1756445883975353082",
      "t" : 1756445883975,
      "tn" : 1756445883975353082,
      "q" : "16840",
      "p" : "0.0077919",
      "s" : "sell",
      "i" : "RSR_USDT",
      "m" : "4611686018430791067"
    }, {
      "d" : "1756445515584877307",
      "t" : 1756445515584,
      "tn" : 1756445515584877307,
      "q" : "19960",
      "p" : "0.0077860",
      "s" : "sell",
      "i" : "RSR_USDT",
      "m" : "4611686018430791066"
    }, {
      "d" : "1756445374985176782",
      "t" : 1756445374985,
      "tn" : 1756445374985176782,
      "q" : "17300",
      "p" : "0.0077891",
      "s" : "sell",
      "i" : "RSR_USDT",
      "m" : "4611686018430791065"
    }, {
      "d" : "1756445204289749111",
      "t" : 1756445204289,
      "tn" : 1756445204289749111,
      "q" : "16060",
      "p" : "0.0077862",
      "s" : "sell",
      "i" : "RSR_USDT",
      "m" : "4611686018430791064"
    }, {
      "d" : "1756445187652658245",
      "t" : 1756445187652,
      "tn" : 1756445187652658245,
      "q" : "19450",
      "p" : "0.0077842",
      "s" : "sell",
      "i" : "RSR_USDT",
      "m" : "4611686018430791063"
    }, {
      "d" : "1756445168481832927",
      "t" : 1756445168481,
      "tn" : 1756445168481832927,
      "q" : "17770",
      "p" : "0.0077823",
      "s" : "sell",
      "i" : "RSR_USDT",
      "m" : "4611686018430791062"
    }, {
      "d" : "1756445151187165999",
      "t" : 1756445151187,
      "tn" : 1756445151187165999,
      "q" : "15350",
      "p" : "0.0077853",
      "s" : "sell",
      "i" : "RSR_USDT",
      "m" : "4611686018430791061"
    }, {
      "d" : "1756440021235906898",
      "t" : 1756440021235,
      "tn" : 1756440021235906898,
      "q" : "16520",
      "p" : "0.0078211",
      "s" : "buy",
      "i" : "RSR_USDT",
      "m" : "4611686018430791060"
    }, {
      "d" : "1756439703246094841",
      "t" : 1756439703246,
      "tn" : 1756439703246094841,
      "q" : "16460",
      "p" : "0.0078494",
      "s" : "sell",
      "i" : "RSR_USDT",
      "m" : "4611686018430791059"
    }, {
      "d" : "1756439181894151121",
      "t" : 1756439181894,
      "tn" : 1756439181894151121,
      "q" : "16990",
      "p" : "0.0078087",
      "s" : "buy",
      "i" : "RSR_USDT",
      "m" : "4611686018430791058"
    }, {
      "d" : "1756439180770882388",
      "t" : 1756439180770,
      "tn" : 1756439180770882388,
      "q" : "17570",
      "p" : "0.0078074",
      "s" : "buy",
      "i" : "RSR_USDT",
      "m" : "4611686018430791057"
    }, {
      "d" : "1756439166374908943",
      "t" : 1756439166374,
      "tn" : 1756439166374908943,
      "q" : "18440",
      "p" : "0.0078102",
      "s" : "buy",
      "i" : "RSR_USDT",
      "m" : "4611686018430791056"
    }, {
      "d" : "1756439149380518141",
      "t" : 1756439149380,
      "tn" : 1756439149380518141,
      "q" : "16070",
      "p" : "0.0078130",
      "s" : "buy",
      "i" : "RSR_USDT",
      "m" : "4611686018430791055"
    }, {
      "d" : "1756439127123767209",
      "t" : 1756439127123,
      "tn" : 1756439127123767209,
      "q" : "16840",
      "p" : "0.0078086",
      "s" : "buy",
      "i" : "RSR_USDT",
      "m" : "4611686018430791054"
    }, {
      "d" : "1756438982509089039",
      "t" : 1756438982509,
      "tn" : 1756438982509089039,
      "q" : "15830",
      "p" : "0.0078289",
      "s" : "buy",
      "i" : "RSR_USDT",
      "m" : "4611686018430791053"
    }, {
      "d" : "1756438819532284949",
      "t" : 1756438819532,
      "tn" : 1756438819532284949,
      "q" : "16670",
      "p" : "0.0078323",
      "s" : "sell",
      "i" : "RSR_USDT",
      "m" : "4611686018430791052"
    }, {
      "d" : "1756438800208210953",
      "t" : 1756438800208,
      "tn" : 1756438800208210953,
      "q" : "19770",
      "p" : "0.0078354",
      "s" : "sell",
      "i" : "RSR_USDT",
      "m" : "4611686018430791051"
    }, {
      "d" : "1756438788300117700",
      "t" : 1756438788300,
      "tn" : 1756438788300117700,
      "q" : "16260",
      "p" : "0.0078325",
      "s" : "sell",
      "i" : "RSR_USDT",
      "m" : "4611686018430791050"
    }, {
      "d" : "1756438738576140568",
      "t" : 1756438738576,
      "tn" : 1756438738576140568,
      "q" : "15700",
      "p" : "0.0078226",
      "s" : "sell",
      "i" : "RSR_USDT",
      "m" : "4611686018430791049"
    }, {
      "d" : "1756438683035045226",
      "t" : 1756438683035,
      "tn" : 1756438683035045226,
      "q" : "15250",
      "p" : "0.0078328",
      "s" : "sell",
      "i" : "RSR_USDT",
      "m" : "4611686018430791048"
    }, {
      "d" : "1756438676294575689",
      "t" : 1756438676294,
      "tn" : 1756438676294575689,
      "q" : "17910",
      "p" : "0.0078187",
      "s" : "sell",
      "i" : "RSR_USDT",
      "m" : "4611686018430791047"
    }, {
      "d" : "1756437341273824218",
      "t" : 1756437341273,
      "tn" : 1756437341273824218,
      "q" : "18680",
      "p" : "0.0078333",
      "s" : "buy",
      "i" : "RSR_USDT",
      "m" : "4611686018430791046"
    }, {
      "d" : "1756437341270915991",
      "t" : 1756437341270,
      "tn" : 1756437341270915991,
      "q" : "15380",
      "p" : "0.0078325",
      "s" : "buy",
      "i" : "RSR_USDT",
      "m" : "4611686018430791045"
    }, {
      "d" : "1756437300519401029",
      "t" : 1756437300519,
      "tn" : 1756437300519401029,
      "q" : "6670",
      "p" : "0.0078372",
      "s" : "buy",
      "i" : "RSR_USDT",
      "m" : "4611686018430791044"
    }, {
      "d" : "1756437297454817733",
      "t" : 1756437297454,
      "tn" : 1756437297454817733,
      "q" : "17100",
      "p" : "0.0078370",
      "s" : "buy",
      "i" : "RSR_USDT",
      "m" : "4611686018430791043"
    }, {
      "d" : "1756437287248814942",
      "t" : 1756437287248,
      "tn" : 1756437287248814942,
      "q" : "17110",
      "p" : "0.0078357",
      "s" : "buy",
      "i" : "RSR_USDT",
      "m" : "4611686018430791042"
    }, {
      "d" : "1756437282729935773",
      "t" : 1756437282729,
      "tn" : 1756437282729935773,
      "q" : "16500",
      "p" : "0.0078381",
      "s" : "buy",
      "i" : "RSR_USDT",
      "m" : "4611686018430791041"
    }, {
      "d" : "1756437277751985864",
      "t" : 1756437277751,
      "tn" : 1756437277751985864,
      "q" : "18150",
      "p" : "0.0078425",
      "s" : "buy",
      "i" : "RSR_USDT",
      "m" : "4611686018430791040"
    }, {
      "d" : "1756437272191813146",
      "t" : 1756437272191,
      "tn" : 1756437272191813146,
      "q" : "18310",
      "p" : "0.0078452",
      "s" : "buy",
      "i" : "RSR_USDT",
      "m" : "4611686018430791039"
    }, {
      "d" : "1756437265284976613",
      "t" : 1756437265284,
      "tn" : 1756437265284976613,
      "q" : "15430",
      "p" : "0.0078442",
      "s" : "buy",
      "i" : "RSR_USDT",
      "m" : "4611686018430791038"
    }, {
      "d" : "1756437264265955089",
      "t" : 1756437264265,
      "tn" : 1756437264265955089,
      "q" : "17250",
      "p" : "0.0078433",
      "s" : "buy",
      "i" : "RSR_USDT",
      "m" : "4611686018430791037"
    }, {
      "d" : "1756437261932762986",
      "t" : 1756437261932,
      "tn" : 1756437261932762986,
      "q" : "18790",
      "p" : "0.0078432",
      "s" : "buy",
      "i" : "RSR_USDT",
      "m" : "4611686018430791036"
    }, {
      "d" : "1756437260305955321",
      "t" : 1756437260305,
      "tn" : 1756437260305955321,
      "q" : "17010",
      "p" : "0.0078413",
      "s" : "buy",
      "i" : "RSR_USDT",
      "m" : "4611686018430791035"
    }, {
      "d" : "1756437259515490727",
      "t" : 1756437259515,
      "tn" : 1756437259515490727,
      "q" : "17860",
      "p" : "0.0078432",
      "s" : "buy",
      "i" : "RSR_USDT",
      "m" : "4611686018430791034"
    }, {
      "d" : "1756437217560786631",
      "t" : 1756437217560,
      "tn" : 1756437217560786631,
      "q" : "19050",
      "p" : "0.0078543",
      "s" : "buy",
      "i" : "RSR_USDT",
      "m" : "4611686018430791033"
    }, {
      "d" : "1756437209124918774",
      "t" : 1756437209124,
      "tn" : 1756437209124918774,
      "q" : "18880",
      "p" : "0.0078533",
      "s" : "buy",
      "i" : "RSR_USDT",
      "m" : "4611686018430791032"
    }, {
      "d" : "1756437092814731542",
      "t" : 1756437092814,
      "tn" : 1756437092814731542,
      "q" : "16090",
      "p" : "0.0078701",
      "s" : "sell",
      "i" : "RSR_USDT",
      "m" : "4611686018430791031"
    }, {
      "d" : "1756437018950905680",
      "t" : 1756437018950,
      "tn" : 1756437018950905680,
      "q" : "19620",
      "p" : "0.0078753",
      "s" : "sell",
      "i" : "RSR_USDT",
      "m" : "4611686018430791030"
    }, {
      "d" : "1756437000475992354",
      "t" : 1756437000475,
      "tn" : 1756437000475992354,
      "q" : "18760",
      "p" : "0.0078745",
      "s" : "sell",
      "i" : "RSR_USDT",
      "m" : "4611686018430791029"
    }, {
      "d" : "1756436993788852940",
      "t" : 1756436993788,
      "tn" : 1756436993788852940,
      "q" : "19930",
      "p" : "0.0078725",
      "s" : "sell",
      "i" : "RSR_USDT",
      "m" : "4611686018430791028"
    }, {
      "d" : "1756436977038125932",
      "t" : 1756436977038,
      "tn" : 1756436977038125932,
      "q" : "17040",
      "p" : "0.0078716",
      "s" : "sell",
      "i" : "RSR_USDT",
      "m" : "4611686018430791027"
    }, {
      "d" : "1756436970252117386",
      "t" : 1756436970252,
      "tn" : 1756436970252117386,
      "q" : "18960",
      "p" : "0.0078636",
      "s" : "sell",
      "i" : "RSR_USDT",
      "m" : "4611686018430791026"
    }, {
      "d" : "1756436963110357086",
      "t" : 1756436963110,
      "tn" : 1756436963110357086,
      "q" : "16890",
      "p" : "0.0078616",
      "s" : "sell",
      "i" : "RSR_USDT",
      "m" : "4611686018430791025"
    }, {
      "d" : "1756436954089282404",
      "t" : 1756436954089,
      "tn" : 1756436954089282404,
      "q" : "15690",
      "p" : "0.0078626",
      "s" : "sell",
      "i" : "RSR_USDT",
      "m" : "4611686018430791024"
    }, {
      "d" : "1756436887746416090",
      "t" : 1756436887746,
      "tn" : 1756436887746416090,
      "q" : "19340",
      "p" : "0.0078674",
      "s" : "buy",
      "i" : "RSR_USDT",
      "m" : "4611686018430791023"
    }, {
      "d" : "1756436797479288587",
      "t" : 1756436797479,
      "tn" : 1756436797479288587,
      "q" : "18290",
      "p" : "0.0078506",
      "s" : "buy",
      "i" : "RSR_USDT",
      "m" : "4611686018430791022"
    }, {
      "d" : "1756436795224809847",
      "t" : 1756436795224,
      "tn" : 1756436795224809847,
      "q" : "17770",
      "p" : "0.0078463",
      "s" : "buy",
      "i" : "RSR_USDT",
      "m" : "4611686018430791021"
    }, {
      "d" : "1756436779678206400",
      "t" : 1756436779678,
      "tn" : 1756436779678206400,
      "q" : "18260",
      "p" : "0.0078454",
      "s" : "buy",
      "i" : "RSR_USDT",
      "m" : "4611686018430791020"
    }, {
      "d" : "1756436766012970004",
      "t" : 1756436766012,
      "tn" : 1756436766012970004,
      "q" : "16010",
      "p" : "0.0078490",
      "s" : "buy",
      "i" : "RSR_USDT",
      "m" : "4611686018430791019"
    }, {
      "d" : "1756436751017862529",
      "t" : 1756436751017,
      "tn" : 1756436751017862529,
      "q" : "16940",
      "p" : "0.0078506",
      "s" : "buy",
      "i" : "RSR_USDT",
      "m" : "4611686018430791018"
    }, {
      "d" : "1756436729599740952",
      "t" : 1756436729599,
      "tn" : 1756436729599740952,
      "q" : "16500",
      "p" : "0.0078475",
      "s" : "buy",
      "i" : "RSR_USDT",
      "m" : "4611686018430791017"
    } ]
  }
}