{
  "id" : -1,
  "method" : "public/get-trades",
  "code" : 0,
  "result" : {
    "data" : [ {
      "d" : "1756458174814954254",
      "t" : 1756458174814,
      "tn" : 1756458174814954254,
      "q" : "525.1",
      "p" : "1.1961",
      "s" : "buy",
      "i" : "RUNE_USD",
      "m" : "4611686018430302554"
    }, {
      "d" : "1756455170930697632",
      "t" : 1756455170930,
      "tn" : 1756455170930697632,
      "q" : "779.4",
      "p" : "1.2052",
      "s" : "buy",
      "i" : "RUNE_USD",
      "m" : "4611686018430302553"
    }, {
      "d" : "1756455165520188759",
      "t" : 1756455165520,
      "tn" : 1756455165520188759,
      "q" : "20.3",
      "p" : "1.2053",
      "s" : "buy",
      "i" : "RUNE_USD",
      "m" : "4611686018430302552"
    }, {
      "d" : "1756455162305621306",
      "t" : 1756455162305,
      "tn" : 1756455162305621306,
      "q" : "20.3",
      "p" : "1.2053",
      "s" : "buy",
      "i" : "RUNE_USD",
      "m" : "4611686018430302551"
    }, {
      "d" : "1756453340690055326",
      "t" : 1756453340690,
      "tn" : 1756453340690055326,
      "q" : "10.3",
      "p" : "1.2133",
      "s" : "sell",
      "i" : "RUNE_USD",
      "m" : "4611686018430302550"
    }, {
      "d" : "1756452082548920273",
      "t" : 1756452082548,
      "tn" : 1756452082548920273,
      "q" : "11.9",
      "p" : "1.2133",
      "s" : "buy",
      "i" : "RUNE_USD",
      "m" : "4611686018430302549"
    }, {
      "d" : "1756452082546975280",
      "t" : 1756452082546,
      "tn" : 1756452082546975280,
      "q" : "19.4",
      "p" : "1.2133",
      "s" : "sell",
      "i" : "RUNE_USD",
      "m" : "4611686018430302548"
    }, {
      "d" : "1756450955730891806",
      "t" : 1756450955730,
      "tn" : 1756450955730891806,
      "q" : "18.6",
      "p" : "1.2232",
      "s" : "sell",
      "i" : "RUNE_USD",
      "m" : "4611686018430302547"
    }, {
      "d" : "1756450850923947105",
      "t" : 1756450850923,
      "tn" : 1756450850923947105,
      "q" : "814.4",
      "p" : "1.2278",
      "s" : "sell",
      "i" : "RUNE_USD",
      "m" : "4611686018430302546"
    }, {
      "d" : "1756450570919620542",
      "t" : 1756450570919,
      "tn" : 1756450570919620542,
      "q" : "816.7",
      "p" : "1.2243",
      "s" : "buy",
      "i" : "RUNE_USD",
      "m" : "4611686018430302545"
    }, {
      "d" : "1756450570913809532",
      "t" : 1756450570913,
      "tn" : 1756450570913809532,
      "q" : "816.7",
      "p" : "1.2243",
      "s" : "buy",
      "i" : "RUNE_USD",
      "m" : "4611686018430302544"
    }, {
      "d" : "1756449608043399233",
      "t" : 1756449608043,
      "tn" : 1756449608043399233,
      "q" : "10.7",
      "p" : "1.2280",
      "s" : "sell",
      "i" : "RUNE_USD",
      "m" : "4611686018430302543"
    }, {
      "d" : "1756449567071370915",
      "t" : 1756449567071,
      "tn" : 1756449567071370915,
      "q" : "666.2",
      "p" : "1.2309",
      "s" : "buy",
      "i" : "RUNE_USD",
      "m" : "4611686018430302542"
    }, {
      "d" : "1756449567067611100",
      "t" : 1756449567067,
      "tn" : 1756449567067611100,
      "q" : "73.1",
      "p" : "1.2309",
      "s" : "buy",
      "i" : "RUNE_USD",
      "m" : "4611686018430302541"
    }, {
      "d" : "1756449567067529164",
      "t" : 1756449567067,
      "tn" : 1756449567067529164,
      "q" : "73.1",
      "p" : "1.2309",
      "s" : "buy",
      "i" : "RUNE_USD",
      "m" : "4611686018430302540"
    }, {
      "d" : "1756449567060398935",
      "t" : 1756449567060,
      "tn" : 1756449567060398935,
      "q" : "812.4",
      "p" : "1.2309",
      "s" : "buy",
      "i" : "RUNE_USD",
      "m" : "4611686018430302539"
    }, {
      "d" : "1756449290798178681",
      "t" : 1756449290798,
      "tn" : 1756449290798178681,
      "q" : "7.0",
      "p" : "1.2343",
      "s" : "sell",
      "i" : "RUNE_USD",
      "m" : "4611686018430302538"
    }, {
      "d" : "1756436977316990178",
      "t" : 1756436977316,
      "tn" : 1756436977316990176,
      "q" : "12.4",
      "p" : "1.2462",
      "s" : "buy",
      "i" : "RUNE_USD",
      "m" : "4611686018430302537"
    }, {
      "d" : "1756436977316990177",
      "t" : 1756436977316,
      "tn" : 1756436977316990176,
      "q" : "285.4",
      "p" : "1.2462",
      "s" : "buy",
      "i" : "RUNE_USD",
      "m" : "4611686018430302537"
    }, {
      "d" : "1756436977316990176",
      "t" : 1756436977316,
      "tn" : 1756436977316990176,
      "q" : "80.6",
      "p" : "1.2462",
      "s" : "buy",
      "i" : "RUNE_USD",
      "m" : "4611686018430302537"
    }, {
      "d" : "1756434004059458909",
      "t" : 1756434004059,
      "tn" : 1756434004059458909,
      "q" : "202.3",
      "p" : "1.2395",
      "s" : "buy",
      "i" : "RUNE_USD",
      "m" : "4611686018430302536"
    }, {
      "d" : "1756434004058818531",
      "t" : 1756434004058,
      "tn" : 1756434004058818531,
      "q" : "72.6",
      "p" : "1.2395",
      "s" : "buy",
      "i" : "RUNE_USD",
      "m" : "4611686018430302535"
    }, {
      "d" : "1756434004053913993",
      "t" : 1756434004053,
      "tn" : 1756434004053913993,
      "q" : "80.6",
      "p" : "1.2395",
      "s" : "sell",
      "i" : "RUNE_USD",
      "m" : "4611686018430302534"
    }, {
      "d" : "1756432081098020229",
      "t" : 1756432081098,
      "tn" : 1756432081098020229,
      "q" : "17.3",
      "p" : "1.2408",
      "s" : "buy",
      "i" : "RUNE_USD",
      "m" : "4611686018430302533"
    }, {
      "d" : "1756431774141867572",
      "t" : 1756431774141,
      "tn" : 1756431774141867572,
      "q" : "18.9",
      "p" : "1.2458",
      "s" : "buy",
      "i" : "RUNE_USD",
      "m" : "4611686018430302532"
    }, {
      "d" : "1756431552850977190",
      "t" : 1756431552850,
      "tn" : 1756431552850977190,
      "q" : "19.0",
      "p" : "1.2428",
      "s" : "buy",
      "i" : "RUNE_USD",
      "m" : "4611686018430302531"
    }, {
      "d" : "1756426590125844884",
      "t" : 1756426590125,
      "tn" : 1756426590125844884,
      "q" : "18.8",
      "p" : "1.2527",
      "s" : "sell",
      "i" : "RUNE_USD",
      "m" : "4611686018430302530"
    }, {
      "d" : "1756419218097323142",
      "t" : 1756419218097,
      "tn" : 1756419218097323142,
      "q" : "0.1",
      "p" : "1.2526",
      "s" : "buy",
      "i" : "RUNE_USD",
      "m" : "4611686018430302529"
    }, {
      "d" : "1756419218094127904",
      "t" : 1756419218094,
      "tn" : 1756419218094127904,
      "q" : "159.6",
      "p" : "1.2526",
      "s" : "buy",
      "i" : "RUNE_USD",
      "m" : "4611686018430302528"
    }, {
      "d" : "1756413073658962901",
      "t" : 1756413073658,
      "tn" : 1756413073658962901,
      "q" : "804.6",
      "p" : "1.2418",
      "s" : "sell",
      "i" : "RUNE_USD",
      "m" : "4611686018430302527"
    }, {
      "d" : "1756410350450446626",
      "t" : 1756410350450,
      "tn" : 1756410350450446626,
      "q" : "651.2",
      "p" : "1.2445",
      "s" : "buy",
      "i" : "RUNE_USD",
      "m" : "4611686018430302526"
    }, {
      "d" : "1756410350445042442",
      "t" : 1756410350445,
      "tn" : 1756410350445042442,
      "q" : "18.2",
      "p" : "1.2445",
      "s" : "sell",
      "i" : "RUNE_USD",
      "m" : "4611686018430302525"
    }, {
      "d" : "1756405625453460026",
      "t" : 1756405625453,
      "tn" : 1756405625453460026,
      "q" : "8.4",
      "p" : "1.2517",
      "s" : "sell",
      "i" : "RUNE_USD",
      "m" : "4611686018430302524"
    }, {
      "d" : "1756405625453457787",
      "t" : 1756405625453,
      "tn" : 1756405625453457787,
      "q" : "18.8",
      "p" : "1.2518",
      "s" : "sell",
      "i" : "RUNE_USD",
      "m" : "4611686018430302523"
    }, {
      "d" : "1756404414402271569",
      "t" : 1756404414402,
      "tn" : 1756404414402271569,
      "q" : "800.8",
      "p" : "1.2478",
      "s" : "sell",
      "i" : "RUNE_USD",
      "m" : "4611686018430302522"
    }, {
      "d" : "1756401203897254421",
      "t" : 1756401203897,
      "tn" : 1756401203897254421,
      "q" : "1.4",
      "p" : "1.2452",
      "s" : "buy",
      "i" : "RUNE_USD",
      "m" : "4611686018430302521"
    }, {
      "d" : "1756400748568426468",
      "t" : 1756400748568,
      "tn" : 1756400748568426468,
      "q" : "804.6",
      "p" : "1.2427",
      "s" : "sell",
      "i" : "RUNE_USD",
      "m" : "4611686018430302520"
    }, {
      "d" : "1756400748568423951",
      "t" : 1756400748568,
      "tn" : 1756400748568423951,
      "q" : "19.0",
      "p" : "1.2428",
      "s" : "sell",
      "i" : "RUNE_USD",
      "m" : "4611686018430302519"
    }, {
      "d" : "1756400499376929982",
      "t" : 1756400499376,
      "tn" : 1756400499376929982,
      "q" : "506.1",
      "p" : "1.2480",
      "s" : "sell",
      "i" : "RUNE_USD",
      "m" : "4611686018430302518"
    }, {
      "d" : "1756400499374418875",
      "t" : 1756400499374,
      "tn" : 1756400499374418875,
      "q" : "13.0",
      "p" : "1.2480",
      "s" : "buy",
      "i" : "RUNE_USD",
      "m" : "4611686018430302517"
    }, {
      "d" : "1756400482671180483",
      "t" : 1756400482671,
      "tn" : 1756400482671180483,
      "q" : "803.2",
      "p" : "1.2450",
      "s" : "buy",
      "i" : "RUNE_USD",
      "m" : "4611686018430302516"
    }, {
      "d" : "1756400482671041797",
      "t" : 1756400482671,
      "tn" : 1756400482671041797,
      "q" : "1201.4",
      "p" : "1.2449",
      "s" : "buy",
      "i" : "RUNE_USD",
      "m" : "4611686018430302515"
    }, {
      "d" : "1756400482671039795",
      "t" : 1756400482671,
      "tn" : 1756400482671039795,
      "q" : "280.2",
      "p" : "1.2447",
      "s" : "buy",
      "i" : "RUNE_USD",
      "m" : "4611686018430302514"
    }, {
      "d" : "1756400482671036274",
      "t" : 1756400482671,
      "tn" : 1756400482671036274,
      "q" : "19.0",
      "p" : "1.2446",
      "s" : "buy",
      "i" : "RUNE_USD",
      "m" : "4611686018430302513"
    }, {
      "d" : "1756400223084329688",
      "t" : 1756400223084,
      "tn" : 1756400223084329688,
      "q" : "801.5",
      "p" : "1.2476",
      "s" : "buy",
      "i" : "RUNE_USD",
      "m" : "4611686018430302512"
    }, {
      "d" : "1756400223084326801",
      "t" : 1756400223084,
      "tn" : 1756400223084326801,
      "q" : "18.9",
      "p" : "1.2475",
      "s" : "buy",
      "i" : "RUNE_USD",
      "m" : "4611686018430302511"
    }, {
      "d" : "1756400113989026220",
      "t" : 1756400113989,
      "tn" : 1756400113989026220,
      "q" : "18.8",
      "p" : "1.2476",
      "s" : "sell",
      "i" : "RUNE_USD",
      "m" : "4611686018430302510"
    }, {
      "d" : "1756396161794077726",
      "t" : 1756396161794,
      "tn" : 1756396161794077726,
      "q" : "113.0",
      "p" : "1.2500",
      "s" : "sell",
      "i" : "RUNE_USD",
      "m" : "4611686018430302509"
    }, {
      "d" : "1756394735409721069",
      "t" : 1756394735409,
      "tn" : 1756394735409721069,
      "q" : "490.8",
      "p" : "1.2587",
      "s" : "sell",
      "i" : "RUNE_USD",
      "m" : "4611686018430302508"
    }, {
      "d" : "1756394735403024354",
      "t" : 1756394735403,
      "tn" : 1756394735403024354,
      "q" : "140.3",
      "p" : "1.2587",
      "s" : "sell",
      "i" : "RUNE_USD",
      "m" : "4611686018430302507"
    }, {
      "d" : "1756394735400626632",
      "t" : 1756394735400,
      "tn" : 1756394735400626632,
      "q" : "490.8",
      "p" : "1.2587",
      "s" : "sell",
      "i" : "RUNE_USD",
      "m" : "4611686018430302506"
    }, {
      "d" : "1756393527115094501",
      "t" : 1756393527115,
      "tn" : 1756393527115094501,
      "q" : "4.0",
      "p" : "1.2678",
      "s" : "sell",
      "i" : "RUNE_USD",
      "m" : "4611686018430302505"
    }, {
      "d" : "1756392178722390539",
      "t" : 1756392178722,
      "tn" : 1756392178722390539,
      "q" : "2.0",
      "p" : "1.2680",
      "s" : "buy",
      "i" : "RUNE_USD",
      "m" : "4611686018430302504"
    }, {
      "d" : "1756391602995992833",
      "t" : 1756391602995,
      "tn" : 1756391602995992833,
      "q" : "0.8",
      "p" : "1.2630",
      "s" : "buy",
      "i" : "RUNE_USD",
      "m" : "4611686018430302503"
    }, {
      "d" : "1756391543893105144",
      "t" : 1756391543893,
      "tn" : 1756391543893105144,
      "q" : "50.0",
      "p" : "1.2628",
      "s" : "buy",
      "i" : "RUNE_USD",
      "m" : "4611686018430302502"
    }, {
      "d" : "1756391088331848152",
      "t" : 1756391088331,
      "tn" : 1756391088331848152,
      "q" : "119.6",
      "p" : "1.2623",
      "s" : "sell",
      "i" : "RUNE_USD",
      "m" : "4611686018430302501"
    }, {
      "d" : "1756390297893238748",
      "t" : 1756390297893,
      "tn" : 1756390297893238748,
      "q" : "786.8",
      "p" : "1.2698",
      "s" : "sell",
      "i" : "RUNE_USD",
      "m" : "4611686018430302500"
    }, {
      "d" : "1756389041006232631",
      "t" : 1756389041006,
      "tn" : 1756389041006232631,
      "q" : "5.2",
      "p" : "1.2634",
      "s" : "sell",
      "i" : "RUNE_USD",
      "m" : "4611686018430302499"
    }, {
      "d" : "1756388748918468904",
      "t" : 1756388748918,
      "tn" : 1756388748918468904,
      "q" : "821.5",
      "p" : "1.2648",
      "s" : "sell",
      "i" : "RUNE_USD",
      "m" : "4611686018430302498"
    }, {
      "d" : "1756388251553949194",
      "t" : 1756388251553,
      "tn" : 1756388251553949194,
      "q" : "542.0",
      "p" : "1.2674",
      "s" : "buy",
      "i" : "RUNE_USD",
      "m" : "4611686018430302497"
    }, {
      "d" : "1756388251550299945",
      "t" : 1756388251550,
      "tn" : 1756388251550299945,
      "q" : "789.4",
      "p" : "1.2674",
      "s" : "buy",
      "i" : "RUNE_USD",
      "m" : "4611686018430302496"
    }, {
      "d" : "1756388248547199334",
      "t" : 1756388248547,
      "tn" : 1756388248547199334,
      "q" : "0.1",
      "p" : "1.2687",
      "s" : "buy",
      "i" : "RUNE_USD",
      "m" : "4611686018430302495"
    }, {
      "d" : "1756388248546290335",
      "t" : 1756388248546,
      "tn" : 1756388248546290335,
      "q" : "268.5",
      "p" : "1.2687",
      "s" : "buy",
      "i" : "RUNE_USD",
      "m" : "4611686018430302494"
    }, {
      "d" : "1756388248534201865",
      "t" : 1756388248534,
      "tn" : 1756388248534201865,
      "q" : "379.0",
      "p" : "1.2687",
      "s" : "buy",
      "i" : "RUNE_USD",
      "m" : "4611686018430302493"
    }, {
      "d" : "1756388248534102531",
      "t" : 1756388248534,
      "tn" : 1756388248534102531,
      "q" : "267.5",
      "p" : "1.2687",
      "s" : "buy",
      "i" : "RUNE_USD",
      "m" : "4611686018430302492"
    }, {
      "d" : "1756388248525527642",
      "t" : 1756388248525,
      "tn" : 1756388248525527642,
      "q" : "327.2",
      "p" : "1.2687",
      "s" : "buy",
      "i" : "RUNE_USD",
      "m" : "4611686018430302491"
    }, {
      "d" : "1756388248525457086",
      "t" : 1756388248525,
      "tn" : 1756388248525457086,
      "q" : "368.0",
      "p" : "1.2687",
      "s" : "buy",
      "i" : "RUNE_USD",
      "m" : "4611686018430302490"
    }, {
      "d" : "1756388248525453862",
      "t" : 1756388248525,
      "tn" : 1756388248525453862,
      "q" : "565.5",
      "p" : "1.2687",
      "s" : "buy",
      "i" : "RUNE_USD",
      "m" : "4611686018430302489"
    }, {
      "d" : "1756388248513018081",
      "t" : 1756388248513,
      "tn" : 1756388248513018081,
      "q" : "788.2",
      "p" : "1.2687",
      "s" : "sell",
      "i" : "RUNE_USD",
      "m" : "4611686018430302488"
    }, {
      "d" : "1756388248312167214",
      "t" : 1756388248312,
      "tn" : 1756388248312167214,
      "q" : "344.0",
      "p" : "1.2687",
      "s" : "buy",
      "i" : "RUNE_USD",
      "m" : "4611686018430302487"
    }, {
      "d" : "1756388248307677274",
      "t" : 1756388248307,
      "tn" : 1756388248307677274,
      "q" : "357.7",
      "p" : "1.2687",
      "s" : "buy",
      "i" : "RUNE_USD",
      "m" : "4611686018430302486"
    }, {
      "d" : "1756388248307567984",
      "t" : 1756388248307,
      "tn" : 1756388248307567984,
      "q" : "267.2",
      "p" : "1.2687",
      "s" : "buy",
      "i" : "RUNE_USD",
      "m" : "4611686018430302485"
    }, {
      "d" : "1756388248307444542",
      "t" : 1756388248307,
      "tn" : 1756388248307444542,
      "q" : "344.0",
      "p" : "1.2687",
      "s" : "buy",
      "i" : "RUNE_USD",
      "m" : "4611686018430302484"
    }, {
      "d" : "1756388248302894951",
      "t" : 1756388248302,
      "tn" : 1756388248302894951,
      "q" : "862.9",
      "p" : "1.2687",
      "s" : "buy",
      "i" : "RUNE_USD",
      "m" : "4611686018430302483"
    }, {
      "d" : "1756388248300103056",
      "t" : 1756388248300,
      "tn" : 1756388248300103056,
      "q" : "788.2",
      "p" : "1.2687",
      "s" : "sell",
      "i" : "RUNE_USD",
      "m" : "4611686018430302482"
    }, {
      "d" : "1756386410437000636",
      "t" : 1756386410437,
      "tn" : 1756386410437000636,
      "q" : "1.8",
      "p" : "1.2681",
      "s" : "buy",
      "i" : "RUNE_USD",
      "m" : "4611686018430302481"
    }, {
      "d" : "1756386398881233932",
      "t" : 1756386398881,
      "tn" : 1756386398881233932,
      "q" : "37.6",
      "p" : "1.2677",
      "s" : "buy",
      "i" : "RUNE_USD",
      "m" : "4611686018430302480"
    }, {
      "d" : "1756386387845303758",
      "t" : 1756386387845,
      "tn" : 1756386387845303758,
      "q" : "50.0",
      "p" : "1.2677",
      "s" : "buy",
      "i" : "RUNE_USD",
      "m" : "4611686018430302479"
    }, {
      "d" : "1756386386986717236",
      "t" : 1756386386986,
      "tn" : 1756386386986717236,
      "q" : "50.0",
      "p" : "1.2677",
      "s" : "buy",
      "i" : "RUNE_USD",
      "m" : "4611686018430302478"
    }, {
      "d" : "1756386386214152687",
      "t" : 1756386386214,
      "tn" : 1756386386214152687,
      "q" : "50.0",
      "p" : "1.2677",
      "s" : "buy",
      "i" : "RUNE_USD",
      "m" : "4611686018430302477"
    }, {
      "d" : "1756386385515427794",
      "t" : 1756386385515,
      "tn" : 1756386385515427794,
      "q" : "50.0",
      "p" : "1.2677",
      "s" : "buy",
      "i" : "RUNE_USD",
      "m" : "4611686018430302476"
    }, {
      "d" : "1756386384958252878",
      "t" : 1756386384958,
      "tn" : 1756386384958252878,
      "q" : "50.0",
      "p" : "1.2677",
      "s" : "buy",
      "i" : "RUNE_USD",
      "m" : "4611686018430302475"
    }, {
      "d" : "1756386384147861666",
      "t" : 1756386384147,
      "tn" : 1756386384147861666,
      "q" : "50.0",
      "p" : "1.2677",
      "s" : "buy",
      "i" : "RUNE_USD",
      "m" : "4611686018430302474"
    }, {
      "d" : "1756386383279216319",
      "t" : 1756386383279,
      "tn" : 1756386383279216319,
      "q" : "50.0",
      "p" : "1.2677",
      "s" : "buy",
      "i" : "RUNE_USD",
      "m" : "4611686018430302473"
    }, {
      "d" : "1756386382443484600",
      "t" : 1756386382443,
      "tn" : 1756386382443484600,
      "q" : "50.0",
      "p" : "1.2677",
      "s" : "buy",
      "i" : "RUNE_USD",
      "m" : "4611686018430302472"
    }, {
      "d" : "1756386381155853978",
      "t" : 1756386381155,
      "tn" : 1756386381155853978,
      "q" : "50.0",
      "p" : "1.2677",
      "s" : "buy",
      "i" : "RUNE_USD",
      "m" : "4611686018430302471"
    }, {
      "d" : "1756386380535213980",
      "t" : 1756386380535,
      "tn" : 1756386380535213980,
      "q" : "50.0",
      "p" : "1.2677",
      "s" : "buy",
      "i" : "RUNE_USD",
      "m" : "4611686018430302470"
    }, {
      "d" : "1756386379935515387",
      "t" : 1756386379935,
      "tn" : 1756386379935515387,
      "q" : "50.0",
      "p" : "1.2677",
      "s" : "buy",
      "i" : "RUNE_USD",
      "m" : "4611686018430302469"
    }, {
      "d" : "1756386379441123940",
      "t" : 1756386379441,
      "tn" : 1756386379441123940,
      "q" : "50.0",
      "p" : "1.2677",
      "s" : "buy",
      "i" : "RUNE_USD",
      "m" : "4611686018430302468"
    }, {
      "d" : "1756386378296369953",
      "t" : 1756386378296,
      "tn" : 1756386378296369953,
      "q" : "50.0",
      "p" : "1.2677",
      "s" : "buy",
      "i" : "RUNE_USD",
      "m" : "4611686018430302467"
    }, {
      "d" : "1756386377748138598",
      "t" : 1756386377748,
      "tn" : 1756386377748138598,
      "q" : "50.0",
      "p" : "1.2677",
      "s" : "buy",
      "i" : "RUNE_USD",
      "m" : "4611686018430302466"
    }, {
      "d" : "1756386376799850052",
      "t" : 1756386376799,
      "tn" : 1756386376799850052,
      "q" : "50.0",
      "p" : "1.2677",
      "s" : "buy",
      "i" : "RUNE_USD",
      "m" : "4611686018430302465"
    }, {
      "d" : "1756385762173300248",
      "t" : 1756385762173,
      "tn" : 1756385762173300248,
      "q" : "126.9",
      "p" : "1.2693",
      "s" : "buy",
      "i" : "RUNE_USD",
      "m" : "4611686018430302464"
    }, {
      "d" : "1756385762173297772",
      "t" : 1756385762173,
      "tn" : 1756385762173297772,
      "q" : "660.7",
      "p" : "1.2690",
      "s" : "buy",
      "i" : "RUNE_USD",
      "m" : "4611686018430302463"
    }, {
      "d" : "1756385202044498608",
      "t" : 1756385202044,
      "tn" : 1756385202044498608,
      "q" : "658.2",
      "p" : "1.2648",
      "s" : "sell",
      "i" : "RUNE_USD",
      "m" : "4611686018430302462"
    }, {
      "d" : "1756384229053417727",
      "t" : 1756384229053,
      "tn" : 1756384229053417727,
      "q" : "938.7",
      "p" : "1.2665",
      "s" : "sell",
      "i" : "RUNE_USD",
      "m" : "4611686018430302461"
    }, {
      "d" : "1756383872956569317",
      "t" : 1756383872956,
      "tn" : 1756383872956569317,
      "q" : "14.9",
      "p" : "1.2630",
      "s" : "sell",
      "i" : "RUNE_USD",
      "m" : "4611686018430302460"
    }, {
      "d" : "1756383507084323333",
      "t" : 1756383507084,
      "tn" : 1756383507084323333,
      "q" : "793.5",
      "p" : "1.2626",
      "s" : "buy",
      "i" : "RUNE_USD",
      "m" : "4611686018430302459"
    }, {
      "d" : "1756383507081296384",
      "t" : 1756383507081,
      "tn" : 1756383507081296383,
      "q" : "278.6",
      "p" : "1.2626",
      "s" : "sell",
      "i" : "RUNE_USD",
      "m" : "4611686018430302458"
    }, {
      "d" : "1756383507081296383",
      "t" : 1756383507081,
      "tn" : 1756383507081296383,
      "q" : "792.0",
      "p" : "1.2626",
      "s" : "sell",
      "i" : "RUNE_USD",
      "m" : "4611686018430302458"
    }, {
      "d" : "1756383035822051343",
      "t" : 1756383035822,
      "tn" : 1756383035822051343,
      "q" : "60.4",
      "p" : "1.2676",
      "s" : "buy",
      "i" : "RUNE_USD",
      "m" : "4611686018430302457"
    }, {
      "d" : "1756382832847489731",
      "t" : 1756382832847,
      "tn" : 1756382832847489731,
      "q" : "320.5",
      "p" : "1.2657",
      "s" : "buy",
      "i" : "RUNE_USD",
      "m" : "4611686018430302456"
    }, {
      "d" : "1756377915434437088",
      "t" : 1756377915434,
      "tn" : 1756377915434437088,
      "q" : "791.8",
      "p" : "1.2618",
      "s" : "sell",
      "i" : "RUNE_USD",
      "m" : "4611686018430302455"
    } ]
  }
}