{
  "id" : -1,
  "method" : "public/get-trades",
  "code" : 0,
  "result" : {
    "data" : [ {
      "d" : "1756444202790926273",
      "t" : 1756444202790,
      "tn" : 1756444202790926273,
      "q" : "0.1",
      "p" : "1.2433",
      "s" : "sell",
      "i" : "RUNEUSD-PERP",
      "m" : "4611686018430591401"
    }, {
      "d" : "1756443142136333607",
      "t" : 1756443142136,
      "tn" : 1756443142136333607,
      "q" : "0.1",
      "p" : "1.2463",
      "s" : "sell",
      "i" : "RUNEUSD-PERP",
      "m" : "4611686018430591400"
    }, {
      "d" : "1756443060011489568",
      "t" : 1756443060011,
      "tn" : 1756443060011489568,
      "q" : "0.1",
      "p" : "1.2473",
      "s" : "sell",
      "i" : "RUNEUSD-PERP",
      "m" : "4611686018430591399"
    }, {
      "d" : "1756443049995037214",
      "t" : 1756443049995,
      "tn" : 1756443049995037214,
      "q" : "0.1",
      "p" : "1.2473",
      "s" : "sell",
      "i" : "RUNEUSD-PERP",
      "m" : "4611686018430591398"
    }, {
      "d" : "1756443039947384476",
      "t" : 1756443039947,
      "tn" : 1756443039947384476,
      "q" : "0.1",
      "p" : "1.2473",
      "s" : "sell",
      "i" : "RUNEUSD-PERP",
      "m" : "4611686018430591397"
    }, {
      "d" : "1756443029908858263",
      "t" : 1756443029908,
      "tn" : 1756443029908858263,
      "q" : "0.1",
      "p" : "1.2473",
      "s" : "sell",
      "i" : "RUNEUSD-PERP",
      "m" : "4611686018430591396"
    }, {
      "d" : "1756443019905207494",
      "t" : 1756443019905,
      "tn" : 1756443019905207494,
      "q" : "0.1",
      "p" : "1.2473",
      "s" : "sell",
      "i" : "RUNEUSD-PERP",
      "m" : "4611686018430591395"
    }, {
      "d" : "1756443009857097569",
      "t" : 1756443009857,
      "tn" : 1756443009857097569,
      "q" : "0.1",
      "p" : "1.2471",
      "s" : "sell",
      "i" : "RUNEUSD-PERP",
      "m" : "4611686018430591394"
    }, {
      "d" : "1756442967967946662",
      "t" : 1756442967967,
      "tn" : 1756442967967946662,
      "q" : "0.1",
      "p" : "1.2473",
      "s" : "sell",
      "i" : "RUNEUSD-PERP",
      "m" : "4611686018430591393"
    }, {
      "d" : "1756442909338627763",
      "t" : 1756442909338,
      "tn" : 1756442909338627763,
      "q" : "0.1",
      "p" : "1.2473",
      "s" : "sell",
      "i" : "RUNEUSD-PERP",
      "m" : "4611686018430591392"
    }, {
      "d" : "1756442899291720206",
      "t" : 1756442899291,
      "tn" : 1756442899291720206,
      "q" : "0.1",
      "p" : "1.2473",
      "s" : "sell",
      "i" : "RUNEUSD-PERP",
      "m" : "4611686018430591391"
    }, {
      "d" : "1756442889259041042",
      "t" : 1756442889259,
      "tn" : 1756442889259041042,
      "q" : "0.1",
      "p" : "1.2473",
      "s" : "sell",
      "i" : "RUNEUSD-PERP",
      "m" : "4611686018430591390"
    }, {
      "d" : "1756442781056062924",
      "t" : 1756442781056,
      "tn" : 1756442781056062924,
      "q" : "0.1",
      "p" : "1.2473",
      "s" : "sell",
      "i" : "RUNEUSD-PERP",
      "m" : "4611686018430591389"
    }, {
      "d" : "1756442708976458092",
      "t" : 1756442708976,
      "tn" : 1756442708976458092,
      "q" : "0.1",
      "p" : "1.2473",
      "s" : "sell",
      "i" : "RUNEUSD-PERP",
      "m" : "4611686018430591388"
    }, {
      "d" : "1756442670416703477",
      "t" : 1756442670416,
      "tn" : 1756442670416703477,
      "q" : "0.1",
      "p" : "1.2480",
      "s" : "sell",
      "i" : "RUNEUSD-PERP",
      "m" : "4611686018430591387"
    }, {
      "d" : "1756442670416701013",
      "t" : 1756442670416,
      "tn" : 1756442670416701013,
      "q" : "0.1",
      "p" : "1.2483",
      "s" : "sell",
      "i" : "RUNEUSD-PERP",
      "m" : "4611686018430591386"
    }, {
      "d" : "1756442660401938417",
      "t" : 1756442660401,
      "tn" : 1756442660401938417,
      "q" : "0.1",
      "p" : "1.2480",
      "s" : "sell",
      "i" : "RUNEUSD-PERP",
      "m" : "4611686018430591385"
    }, {
      "d" : "1756442660401936088",
      "t" : 1756442660401,
      "tn" : 1756442660401936088,
      "q" : "0.1",
      "p" : "1.2483",
      "s" : "sell",
      "i" : "RUNEUSD-PERP",
      "m" : "4611686018430591384"
    }, {
      "d" : "1756442650401344452",
      "t" : 1756442650401,
      "tn" : 1756442650401344452,
      "q" : "0.1",
      "p" : "1.2480",
      "s" : "sell",
      "i" : "RUNEUSD-PERP",
      "m" : "4611686018430591383"
    }, {
      "d" : "1756442650401342090",
      "t" : 1756442650401,
      "tn" : 1756442650401342090,
      "q" : "0.1",
      "p" : "1.2483",
      "s" : "sell",
      "i" : "RUNEUSD-PERP",
      "m" : "4611686018430591382"
    }, {
      "d" : "1756442640399198491",
      "t" : 1756442640399,
      "tn" : 1756442640399198491,
      "q" : "0.1",
      "p" : "1.2480",
      "s" : "sell",
      "i" : "RUNEUSD-PERP",
      "m" : "4611686018430591381"
    }, {
      "d" : "1756442640399196264",
      "t" : 1756442640399,
      "tn" : 1756442640399196264,
      "q" : "0.1",
      "p" : "1.2483",
      "s" : "sell",
      "i" : "RUNEUSD-PERP",
      "m" : "4611686018430591380"
    }, {
      "d" : "1756442630367737316",
      "t" : 1756442630367,
      "tn" : 1756442630367737316,
      "q" : "0.1",
      "p" : "1.2480",
      "s" : "sell",
      "i" : "RUNEUSD-PERP",
      "m" : "4611686018430591379"
    }, {
      "d" : "1756442630367734873",
      "t" : 1756442630367,
      "tn" : 1756442630367734873,
      "q" : "0.1",
      "p" : "1.2483",
      "s" : "sell",
      "i" : "RUNEUSD-PERP",
      "m" : "4611686018430591378"
    }, {
      "d" : "1756442620355641375",
      "t" : 1756442620355,
      "tn" : 1756442620355641375,
      "q" : "0.1",
      "p" : "1.2480",
      "s" : "sell",
      "i" : "RUNEUSD-PERP",
      "m" : "4611686018430591377"
    }, {
      "d" : "1756442620355639029",
      "t" : 1756442620355,
      "tn" : 1756442620355639029,
      "q" : "0.1",
      "p" : "1.2483",
      "s" : "sell",
      "i" : "RUNEUSD-PERP",
      "m" : "4611686018430591376"
    }, {
      "d" : "1756442610339486092",
      "t" : 1756442610339,
      "tn" : 1756442610339486092,
      "q" : "0.1",
      "p" : "1.2480",
      "s" : "sell",
      "i" : "RUNEUSD-PERP",
      "m" : "4611686018430591375"
    }, {
      "d" : "1756442610339483045",
      "t" : 1756442610339,
      "tn" : 1756442610339483045,
      "q" : "0.1",
      "p" : "1.2483",
      "s" : "sell",
      "i" : "RUNEUSD-PERP",
      "m" : "4611686018430591374"
    }, {
      "d" : "1756442600293832151",
      "t" : 1756442600293,
      "tn" : 1756442600293832151,
      "q" : "0.1",
      "p" : "1.2480",
      "s" : "sell",
      "i" : "RUNEUSD-PERP",
      "m" : "4611686018430591373"
    }, {
      "d" : "1756442600293829702",
      "t" : 1756442600293,
      "tn" : 1756442600293829702,
      "q" : "0.1",
      "p" : "1.2483",
      "s" : "sell",
      "i" : "RUNEUSD-PERP",
      "m" : "4611686018430591372"
    }, {
      "d" : "1756442590259818198",
      "t" : 1756442590259,
      "tn" : 1756442590259818198,
      "q" : "0.1",
      "p" : "1.2480",
      "s" : "sell",
      "i" : "RUNEUSD-PERP",
      "m" : "4611686018430591371"
    }, {
      "d" : "1756442590259815612",
      "t" : 1756442590259,
      "tn" : 1756442590259815612,
      "q" : "0.1",
      "p" : "1.2483",
      "s" : "sell",
      "i" : "RUNEUSD-PERP",
      "m" : "4611686018430591370"
    }, {
      "d" : "1756442580221447192",
      "t" : 1756442580221,
      "tn" : 1756442580221447192,
      "q" : "0.1",
      "p" : "1.2480",
      "s" : "sell",
      "i" : "RUNEUSD-PERP",
      "m" : "4611686018430591369"
    }, {
      "d" : "1756442580221444600",
      "t" : 1756442580221,
      "tn" : 1756442580221444600,
      "q" : "0.1",
      "p" : "1.2483",
      "s" : "sell",
      "i" : "RUNEUSD-PERP",
      "m" : "4611686018430591368"
    }, {
      "d" : "1756442574223911374",
      "t" : 1756442574223,
      "tn" : 1756442574223911374,
      "q" : "0.1",
      "p" : "1.2484",
      "s" : "sell",
      "i" : "RUNEUSD-PERP",
      "m" : "4611686018430591367"
    }, {
      "d" : "1756442570212167808",
      "t" : 1756442570212,
      "tn" : 1756442570212167808,
      "q" : "0.1",
      "p" : "1.2484",
      "s" : "sell",
      "i" : "RUNEUSD-PERP",
      "m" : "4611686018430591366"
    }, {
      "d" : "1756442446047802691",
      "t" : 1756442446047,
      "tn" : 1756442446047802691,
      "q" : "0.1",
      "p" : "1.2470",
      "s" : "sell",
      "i" : "RUNEUSD-PERP",
      "m" : "4611686018430591365"
    }, {
      "d" : "1756442446047800149",
      "t" : 1756442446047,
      "tn" : 1756442446047800149,
      "q" : "0.1",
      "p" : "1.2474",
      "s" : "sell",
      "i" : "RUNEUSD-PERP",
      "m" : "4611686018430591364"
    }, {
      "d" : "1756442445059691001",
      "t" : 1756442445059,
      "tn" : 1756442445059691001,
      "q" : "0.1",
      "p" : "1.2474",
      "s" : "sell",
      "i" : "RUNEUSD-PERP",
      "m" : "4611686018430591363"
    }, {
      "d" : "1756442435992928540",
      "t" : 1756442435992,
      "tn" : 1756442435992928540,
      "q" : "0.1",
      "p" : "1.2474",
      "s" : "sell",
      "i" : "RUNEUSD-PERP",
      "m" : "4611686018430591362"
    }, {
      "d" : "1756442435004244597",
      "t" : 1756442435004,
      "tn" : 1756442435004244597,
      "q" : "0.1",
      "p" : "1.2474",
      "s" : "sell",
      "i" : "RUNEUSD-PERP",
      "m" : "4611686018430591361"
    }, {
      "d" : "1756442425989505170",
      "t" : 1756442425989,
      "tn" : 1756442425989505170,
      "q" : "0.1",
      "p" : "1.2474",
      "s" : "sell",
      "i" : "RUNEUSD-PERP",
      "m" : "4611686018430591360"
    }, {
      "d" : "1756442424999631134",
      "t" : 1756442424999,
      "tn" : 1756442424999631134,
      "q" : "0.1",
      "p" : "1.2474",
      "s" : "sell",
      "i" : "RUNEUSD-PERP",
      "m" : "4611686018430591359"
    }, {
      "d" : "1756442415987170516",
      "t" : 1756442415987,
      "tn" : 1756442415987170516,
      "q" : "0.1",
      "p" : "1.2474",
      "s" : "sell",
      "i" : "RUNEUSD-PERP",
      "m" : "4611686018430591358"
    }, {
      "d" : "1756442414994140923",
      "t" : 1756442414994,
      "tn" : 1756442414994140923,
      "q" : "0.1",
      "p" : "1.2474",
      "s" : "sell",
      "i" : "RUNEUSD-PERP",
      "m" : "4611686018430591357"
    }, {
      "d" : "1756442294684903883",
      "t" : 1756442294684,
      "tn" : 1756442294684903883,
      "q" : "0.1",
      "p" : "1.2464",
      "s" : "sell",
      "i" : "RUNEUSD-PERP",
      "m" : "4611686018430591356"
    }, {
      "d" : "1756442293693500955",
      "t" : 1756442293693,
      "tn" : 1756442293693500955,
      "q" : "0.1",
      "p" : "1.2464",
      "s" : "sell",
      "i" : "RUNEUSD-PERP",
      "m" : "4611686018430591355"
    }, {
      "d" : "1756442284639217963",
      "t" : 1756442284639,
      "tn" : 1756442284639217963,
      "q" : "0.1",
      "p" : "1.2464",
      "s" : "sell",
      "i" : "RUNEUSD-PERP",
      "m" : "4611686018430591354"
    }, {
      "d" : "1756442283645396453",
      "t" : 1756442283645,
      "tn" : 1756442283645396453,
      "q" : "0.1",
      "p" : "1.2464",
      "s" : "sell",
      "i" : "RUNEUSD-PERP",
      "m" : "4611686018430591353"
    }, {
      "d" : "1756442169220031835",
      "t" : 1756442169220,
      "tn" : 1756442169220031835,
      "q" : "0.1",
      "p" : "1.2464",
      "s" : "sell",
      "i" : "RUNEUSD-PERP",
      "m" : "4611686018430591352"
    }, {
      "d" : "1756442165200914360",
      "t" : 1756442165200,
      "tn" : 1756442165200914360,
      "q" : "0.1",
      "p" : "1.2464",
      "s" : "sell",
      "i" : "RUNEUSD-PERP",
      "m" : "4611686018430591351"
    }, {
      "d" : "1756442094835186761",
      "t" : 1756442094835,
      "tn" : 1756442094835186761,
      "q" : "0.1",
      "p" : "1.2464",
      "s" : "sell",
      "i" : "RUNEUSD-PERP",
      "m" : "4611686018430591350"
    }, {
      "d" : "1756442085160935907",
      "t" : 1756442085160,
      "tn" : 1756442085160935907,
      "q" : "0.1",
      "p" : "1.2474",
      "s" : "sell",
      "i" : "RUNEUSD-PERP",
      "m" : "4611686018430591349"
    }, {
      "d" : "1756442080493538073",
      "t" : 1756442080493,
      "tn" : 1756442080493538073,
      "q" : "0.1",
      "p" : "1.2474",
      "s" : "sell",
      "i" : "RUNEUSD-PERP",
      "m" : "4611686018430591348"
    }, {
      "d" : "1756441993515787528",
      "t" : 1756441993515,
      "tn" : 1756441993515787528,
      "q" : "0.1",
      "p" : "1.2474",
      "s" : "sell",
      "i" : "RUNEUSD-PERP",
      "m" : "4611686018430591347"
    }, {
      "d" : "1756441993453945382",
      "t" : 1756441993453,
      "tn" : 1756441993453945382,
      "q" : "0.1",
      "p" : "1.2474",
      "s" : "sell",
      "i" : "RUNEUSD-PERP",
      "m" : "4611686018430591346"
    }, {
      "d" : "1756441983493402245",
      "t" : 1756441983493,
      "tn" : 1756441983493402245,
      "q" : "0.1",
      "p" : "1.2474",
      "s" : "sell",
      "i" : "RUNEUSD-PERP",
      "m" : "4611686018430591345"
    }, {
      "d" : "1756441983431453100",
      "t" : 1756441983431,
      "tn" : 1756441983431453100,
      "q" : "0.1",
      "p" : "1.2474",
      "s" : "sell",
      "i" : "RUNEUSD-PERP",
      "m" : "4611686018430591344"
    }, {
      "d" : "1756441973460375205",
      "t" : 1756441973460,
      "tn" : 1756441973460375205,
      "q" : "0.1",
      "p" : "1.2474",
      "s" : "sell",
      "i" : "RUNEUSD-PERP",
      "m" : "4611686018430591343"
    }, {
      "d" : "1756441973397777314",
      "t" : 1756441973397,
      "tn" : 1756441973397777314,
      "q" : "0.1",
      "p" : "1.2474",
      "s" : "sell",
      "i" : "RUNEUSD-PERP",
      "m" : "4611686018430591342"
    }, {
      "d" : "1756441963412820035",
      "t" : 1756441963412,
      "tn" : 1756441963412820035,
      "q" : "0.1",
      "p" : "1.2474",
      "s" : "sell",
      "i" : "RUNEUSD-PERP",
      "m" : "4611686018430591341"
    }, {
      "d" : "1756441963350812360",
      "t" : 1756441963350,
      "tn" : 1756441963350812360,
      "q" : "0.1",
      "p" : "1.2474",
      "s" : "sell",
      "i" : "RUNEUSD-PERP",
      "m" : "4611686018430591340"
    }, {
      "d" : "1756441953402910928",
      "t" : 1756441953402,
      "tn" : 1756441953402910928,
      "q" : "0.1",
      "p" : "1.2470",
      "s" : "sell",
      "i" : "RUNEUSD-PERP",
      "m" : "4611686018430591339"
    }, {
      "d" : "1756441953341064259",
      "t" : 1756441953341,
      "tn" : 1756441953341064259,
      "q" : "0.1",
      "p" : "1.2474",
      "s" : "sell",
      "i" : "RUNEUSD-PERP",
      "m" : "4611686018430591338"
    }, {
      "d" : "1756441883166631518",
      "t" : 1756441883166,
      "tn" : 1756441883166631518,
      "q" : "0.1",
      "p" : "1.2474",
      "s" : "sell",
      "i" : "RUNEUSD-PERP",
      "m" : "4611686018430591337"
    }, {
      "d" : "1756441878168548625",
      "t" : 1756441878168,
      "tn" : 1756441878168548625,
      "q" : "0.1",
      "p" : "1.2474",
      "s" : "sell",
      "i" : "RUNEUSD-PERP",
      "m" : "4611686018430591336"
    }, {
      "d" : "1756441808978869965",
      "t" : 1756441808978,
      "tn" : 1756441808978869965,
      "q" : "0.1",
      "p" : "1.2474",
      "s" : "sell",
      "i" : "RUNEUSD-PERP",
      "m" : "4611686018430591335"
    }, {
      "d" : "1756441808917213746",
      "t" : 1756441808917,
      "tn" : 1756441808917213746,
      "q" : "0.1",
      "p" : "1.2474",
      "s" : "sell",
      "i" : "RUNEUSD-PERP",
      "m" : "4611686018430591334"
    }, {
      "d" : "1756441796456616874",
      "t" : 1756441796456,
      "tn" : 1756441796456616874,
      "q" : "0.1",
      "p" : "1.2484",
      "s" : "sell",
      "i" : "RUNEUSD-PERP",
      "m" : "4611686018430591333"
    }, {
      "d" : "1756441791781623910",
      "t" : 1756441791781,
      "tn" : 1756441791781623910,
      "q" : "0.1",
      "p" : "1.2480",
      "s" : "sell",
      "i" : "RUNEUSD-PERP",
      "m" : "4611686018430591332"
    }, {
      "d" : "1756441791781621383",
      "t" : 1756441791781,
      "tn" : 1756441791781621383,
      "q" : "0.1",
      "p" : "1.2484",
      "s" : "sell",
      "i" : "RUNEUSD-PERP",
      "m" : "4611686018430591331"
    }, {
      "d" : "1756441786408881397",
      "t" : 1756441786408,
      "tn" : 1756441786408881397,
      "q" : "0.1",
      "p" : "1.2484",
      "s" : "sell",
      "i" : "RUNEUSD-PERP",
      "m" : "4611686018430591330"
    }, {
      "d" : "1756441781751307118",
      "t" : 1756441781751,
      "tn" : 1756441781751307118,
      "q" : "0.1",
      "p" : "1.2480",
      "s" : "sell",
      "i" : "RUNEUSD-PERP",
      "m" : "4611686018430591329"
    }, {
      "d" : "1756441781751304185",
      "t" : 1756441781751,
      "tn" : 1756441781751304185,
      "q" : "0.1",
      "p" : "1.2484",
      "s" : "sell",
      "i" : "RUNEUSD-PERP",
      "m" : "4611686018430591328"
    }, {
      "d" : "1756441776387490225",
      "t" : 1756441776387,
      "tn" : 1756441776387490225,
      "q" : "0.1",
      "p" : "1.2484",
      "s" : "sell",
      "i" : "RUNEUSD-PERP",
      "m" : "4611686018430591327"
    }, {
      "d" : "1756441771713853287",
      "t" : 1756441771713,
      "tn" : 1756441771713853287,
      "q" : "0.1",
      "p" : "1.2480",
      "s" : "sell",
      "i" : "RUNEUSD-PERP",
      "m" : "4611686018430591326"
    }, {
      "d" : "1756441771713850576",
      "t" : 1756441771713,
      "tn" : 1756441771713850576,
      "q" : "0.1",
      "p" : "1.2484",
      "s" : "sell",
      "i" : "RUNEUSD-PERP",
      "m" : "4611686018430591325"
    }, {
      "d" : "1756441766351609493",
      "t" : 1756441766351,
      "tn" : 1756441766351609493,
      "q" : "0.1",
      "p" : "1.2484",
      "s" : "sell",
      "i" : "RUNEUSD-PERP",
      "m" : "4611686018430591324"
    }, {
      "d" : "1756441761667820032",
      "t" : 1756441761667,
      "tn" : 1756441761667820032,
      "q" : "0.1",
      "p" : "1.2481",
      "s" : "sell",
      "i" : "RUNEUSD-PERP",
      "m" : "4611686018430591323"
    }, {
      "d" : "1756441761667817314",
      "t" : 1756441761667,
      "tn" : 1756441761667817314,
      "q" : "0.1",
      "p" : "1.2484",
      "s" : "sell",
      "i" : "RUNEUSD-PERP",
      "m" : "4611686018430591322"
    }, {
      "d" : "1756441756349998669",
      "t" : 1756441756349,
      "tn" : 1756441756349998669,
      "q" : "0.1",
      "p" : "1.2484",
      "s" : "sell",
      "i" : "RUNEUSD-PERP",
      "m" : "4611686018430591321"
    }, {
      "d" : "1756441751614899486",
      "t" : 1756441751614,
      "tn" : 1756441751614899486,
      "q" : "0.1",
      "p" : "1.2481",
      "s" : "sell",
      "i" : "RUNEUSD-PERP",
      "m" : "4611686018430591320"
    }, {
      "d" : "1756441751614896519",
      "t" : 1756441751614,
      "tn" : 1756441751614896519,
      "q" : "0.1",
      "p" : "1.2484",
      "s" : "sell",
      "i" : "RUNEUSD-PERP",
      "m" : "4611686018430591319"
    }, {
      "d" : "1756441746343460122",
      "t" : 1756441746343,
      "tn" : 1756441746343460122,
      "q" : "0.1",
      "p" : "1.2484",
      "s" : "sell",
      "i" : "RUNEUSD-PERP",
      "m" : "4611686018430591318"
    }, {
      "d" : "1756441741570871609",
      "t" : 1756441741570,
      "tn" : 1756441741570871609,
      "q" : "0.1",
      "p" : "1.2481",
      "s" : "sell",
      "i" : "RUNEUSD-PERP",
      "m" : "4611686018430591317"
    }, {
      "d" : "1756441741570869136",
      "t" : 1756441741570,
      "tn" : 1756441741570869136,
      "q" : "0.1",
      "p" : "1.2484",
      "s" : "sell",
      "i" : "RUNEUSD-PERP",
      "m" : "4611686018430591316"
    }, {
      "d" : "1756441736315821374",
      "t" : 1756441736315,
      "tn" : 1756441736315821374,
      "q" : "0.1",
      "p" : "1.2484",
      "s" : "sell",
      "i" : "RUNEUSD-PERP",
      "m" : "4611686018430591315"
    }, {
      "d" : "1756441731565622202",
      "t" : 1756441731565,
      "tn" : 1756441731565622202,
      "q" : "0.1",
      "p" : "1.2481",
      "s" : "sell",
      "i" : "RUNEUSD-PERP",
      "m" : "4611686018430591314"
    }, {
      "d" : "1756441731565619811",
      "t" : 1756441731565,
      "tn" : 1756441731565619811,
      "q" : "0.1",
      "p" : "1.2484",
      "s" : "sell",
      "i" : "RUNEUSD-PERP",
      "m" : "4611686018430591313"
    }, {
      "d" : "1756441726258066249",
      "t" : 1756441726258,
      "tn" : 1756441726258066249,
      "q" : "0.1",
      "p" : "1.2484",
      "s" : "sell",
      "i" : "RUNEUSD-PERP",
      "m" : "4611686018430591312"
    }, {
      "d" : "1756441721545543212",
      "t" : 1756441721545,
      "tn" : 1756441721545543212,
      "q" : "0.1",
      "p" : "1.2481",
      "s" : "sell",
      "i" : "RUNEUSD-PERP",
      "m" : "4611686018430591311"
    }, {
      "d" : "1756441721545540624",
      "t" : 1756441721545,
      "tn" : 1756441721545540624,
      "q" : "0.1",
      "p" : "1.2484",
      "s" : "sell",
      "i" : "RUNEUSD-PERP",
      "m" : "4611686018430591310"
    }, {
      "d" : "1756441716257108749",
      "t" : 1756441716257,
      "tn" : 1756441716257108749,
      "q" : "0.1",
      "p" : "1.2484",
      "s" : "sell",
      "i" : "RUNEUSD-PERP",
      "m" : "4611686018430591309"
    }, {
      "d" : "1756441711506856875",
      "t" : 1756441711506,
      "tn" : 1756441711506856875,
      "q" : "0.1",
      "p" : "1.2481",
      "s" : "sell",
      "i" : "RUNEUSD-PERP",
      "m" : "4611686018430591308"
    }, {
      "d" : "1756441711506854627",
      "t" : 1756441711506,
      "tn" : 1756441711506854627,
      "q" : "0.1",
      "p" : "1.2484",
      "s" : "sell",
      "i" : "RUNEUSD-PERP",
      "m" : "4611686018430591307"
    }, {
      "d" : "1756441706197886306",
      "t" : 1756441706197,
      "tn" : 1756441706197886306,
      "q" : "0.1",
      "p" : "1.2484",
      "s" : "sell",
      "i" : "RUNEUSD-PERP",
      "m" : "4611686018430591306"
    }, {
      "d" : "1756441701505018962",
      "t" : 1756441701505,
      "tn" : 1756441701505018962,
      "q" : "0.1",
      "p" : "1.2481",
      "s" : "sell",
      "i" : "RUNEUSD-PERP",
      "m" : "4611686018430591305"
    }, {
      "d" : "1756441701505016222",
      "t" : 1756441701505,
      "tn" : 1756441701505016222,
      "q" : "0.1",
      "p" : "1.2484",
      "s" : "sell",
      "i" : "RUNEUSD-PERP",
      "m" : "4611686018430591304"
    }, {
      "d" : "1756441696142643524",
      "t" : 1756441696142,
      "tn" : 1756441696142643524,
      "q" : "0.1",
      "p" : "1.2484",
      "s" : "sell",
      "i" : "RUNEUSD-PERP",
      "m" : "4611686018430591303"
    }, {
      "d" : "1756441691468494800",
      "t" : 1756441691468,
      "tn" : 1756441691468494800,
      "q" : "0.1",
      "p" : "1.2481",
      "s" : "sell",
      "i" : "RUNEUSD-PERP",
      "m" : "4611686018430591302"
    }, {
      "d" : "1756441691468492469",
      "t" : 1756441691468,
      "tn" : 1756441691468492469,
      "q" : "0.1",
      "p" : "1.2484",
      "s" : "sell",
      "i" : "RUNEUSD-PERP",
      "m" : "4611686018430591301"
    }, {
      "d" : "1756441686098162795",
      "t" : 1756441686098,
      "tn" : 1756441686098162795,
      "q" : "0.1",
      "p" : "1.2484",
      "s" : "sell",
      "i" : "RUNEUSD-PERP",
      "m" : "4611686018430591300"
    }, {
      "d" : "1756441681141200952",
      "t" : 1756441681141,
      "tn" : 1756441681141200952,
      "q" : "0.1",
      "p" : "1.2481",
      "s" : "sell",
      "i" : "RUNEUSD-PERP",
      "m" : "4611686018430591299"
    }, {
      "d" : "1756441681141198482",
      "t" : 1756441681141,
      "tn" : 1756441681141198482,
      "q" : "0.1",
      "p" : "1.2484",
      "s" : "sell",
      "i" : "RUNEUSD-PERP",
      "m" : "4611686018430591298"
    }, {
      "d" : "1756441676083771267",
      "t" : 1756441676083,
      "tn" : 1756441676083771267,
      "q" : "0.1",
      "p" : "1.2484",
      "s" : "sell",
      "i" : "RUNEUSD-PERP",
      "m" : "4611686018430591297"
    }, {
      "d" : "1756441671082642844",
      "t" : 1756441671082,
      "tn" : 1756441671082642844,
      "q" : "0.1",
      "p" : "1.2481",
      "s" : "sell",
      "i" : "RUNEUSD-PERP",
      "m" : "4611686018430591296"
    }, {
      "d" : "1756441671082640439",
      "t" : 1756441671082,
      "tn" : 1756441671082640439,
      "q" : "0.1",
      "p" : "1.2484",
      "s" : "sell",
      "i" : "RUNEUSD-PERP",
      "m" : "4611686018430591295"
    }, {
      "d" : "1756441666076118428",
      "t" : 1756441666076,
      "tn" : 1756441666076118428,
      "q" : "0.1",
      "p" : "1.2484",
      "s" : "sell",
      "i" : "RUNEUSD-PERP",
      "m" : "4611686018430591294"
    }, {
      "d" : "1756441661077576373",
      "t" : 1756441661077,
      "tn" : 1756441661077576373,
      "q" : "0.1",
      "p" : "1.2484",
      "s" : "sell",
      "i" : "RUNEUSD-PERP",
      "m" : "4611686018430591293"
    }, {
      "d" : "1756441591658772439",
      "t" : 1756441591658,
      "tn" : 1756441591658772439,
      "q" : "0.1",
      "p" : "1.2481",
      "s" : "sell",
      "i" : "RUNEUSD-PERP",
      "m" : "4611686018430591292"
    }, {
      "d" : "1756441591658770840",
      "t" : 1756441591658,
      "tn" : 1756441591658770840,
      "q" : "0.1",
      "p" : "1.2482",
      "s" : "sell",
      "i" : "RUNEUSD-PERP",
      "m" : "4611686018430591291"
    }, {
      "d" : "1756441590112278204",
      "t" : 1756441590112,
      "tn" : 1756441590112278204,
      "q" : "0.1",
      "p" : "1.2474",
      "s" : "sell",
      "i" : "RUNEUSD-PERP",
      "m" : "4611686018430591290"
    }, {
      "d" : "1756441590049960778",
      "t" : 1756441590049,
      "tn" : 1756441590049960778,
      "q" : "0.1",
      "p" : "1.2474",
      "s" : "sell",
      "i" : "RUNEUSD-PERP",
      "m" : "4611686018430591289"
    }, {
      "d" : "1756441580095644895",
      "t" : 1756441580095,
      "tn" : 1756441580095644895,
      "q" : "0.1",
      "p" : "1.2474",
      "s" : "sell",
      "i" : "RUNEUSD-PERP",
      "m" : "4611686018430591288"
    }, {
      "d" : "1756441580034132178",
      "t" : 1756441580034,
      "tn" : 1756441580034132178,
      "q" : "0.1",
      "p" : "1.2474",
      "s" : "sell",
      "i" : "RUNEUSD-PERP",
      "m" : "4611686018430591287"
    }, {
      "d" : "1756441570054461819",
      "t" : 1756441570054,
      "tn" : 1756441570054461819,
      "q" : "0.1",
      "p" : "1.2474",
      "s" : "sell",
      "i" : "RUNEUSD-PERP",
      "m" : "4611686018430591286"
    }, {
      "d" : "1756441569993348686",
      "t" : 1756441569993,
      "tn" : 1756441569993348686,
      "q" : "0.1",
      "p" : "1.2474",
      "s" : "sell",
      "i" : "RUNEUSD-PERP",
      "m" : "4611686018430591285"
    }, {
      "d" : "1756441560005317961",
      "t" : 1756441560005,
      "tn" : 1756441560005317961,
      "q" : "0.1",
      "p" : "1.2474",
      "s" : "sell",
      "i" : "RUNEUSD-PERP",
      "m" : "4611686018430591284"
    }, {
      "d" : "1756441559942571073",
      "t" : 1756441559942,
      "tn" : 1756441559942571073,
      "q" : "0.1",
      "p" : "1.2474",
      "s" : "sell",
      "i" : "RUNEUSD-PERP",
      "m" : "4611686018430591283"
    }, {
      "d" : "1756441549985098559",
      "t" : 1756441549985,
      "tn" : 1756441549985098559,
      "q" : "0.1",
      "p" : "1.2471",
      "s" : "sell",
      "i" : "RUNEUSD-PERP",
      "m" : "4611686018430591282"
    }, {
      "d" : "1756441549923671464",
      "t" : 1756441549923,
      "tn" : 1756441549923671464,
      "q" : "0.1",
      "p" : "1.2474",
      "s" : "sell",
      "i" : "RUNEUSD-PERP",
      "m" : "4611686018430591281"
    }, {
      "d" : "1756441526201473256",
      "t" : 1756441526201,
      "tn" : 1756441526201473256,
      "q" : "0.1",
      "p" : "1.2471",
      "s" : "sell",
      "i" : "RUNEUSD-PERP",
      "m" : "4611686018430591280"
    }, {
      "d" : "1756441526201471019",
      "t" : 1756441526201,
      "tn" : 1756441526201471019,
      "q" : "0.1",
      "p" : "1.2474",
      "s" : "sell",
      "i" : "RUNEUSD-PERP",
      "m" : "4611686018430591279"
    }, {
      "d" : "1756441520185014393",
      "t" : 1756441520185,
      "tn" : 1756441520185014393,
      "q" : "0.1",
      "p" : "1.2474",
      "s" : "sell",
      "i" : "RUNEUSD-PERP",
      "m" : "4611686018430591278"
    }, {
      "d" : "1756441516179900509",
      "t" : 1756441516179,
      "tn" : 1756441516179900509,
      "q" : "0.1",
      "p" : "1.2471",
      "s" : "sell",
      "i" : "RUNEUSD-PERP",
      "m" : "4611686018430591277"
    }, {
      "d" : "1756441516179898266",
      "t" : 1756441516179,
      "tn" : 1756441516179898266,
      "q" : "0.1",
      "p" : "1.2474",
      "s" : "sell",
      "i" : "RUNEUSD-PERP",
      "m" : "4611686018430591276"
    }, {
      "d" : "1756441510179765141",
      "t" : 1756441510179,
      "tn" : 1756441510179765141,
      "q" : "0.1",
      "p" : "1.2474",
      "s" : "sell",
      "i" : "RUNEUSD-PERP",
      "m" : "4611686018430591275"
    }, {
      "d" : "1756441506161196463",
      "t" : 1756441506161,
      "tn" : 1756441506161196463,
      "q" : "0.1",
      "p" : "1.2471",
      "s" : "sell",
      "i" : "RUNEUSD-PERP",
      "m" : "4611686018430591274"
    }, {
      "d" : "1756441506161194019",
      "t" : 1756441506161,
      "tn" : 1756441506161194019,
      "q" : "0.1",
      "p" : "1.2474",
      "s" : "sell",
      "i" : "RUNEUSD-PERP",
      "m" : "4611686018430591273"
    }, {
      "d" : "1756441500164251345",
      "t" : 1756441500164,
      "tn" : 1756441500164251345,
      "q" : "0.1",
      "p" : "1.2474",
      "s" : "sell",
      "i" : "RUNEUSD-PERP",
      "m" : "4611686018430591272"
    }, {
      "d" : "1756441496135834339",
      "t" : 1756441496135,
      "tn" : 1756441496135834339,
      "q" : "0.1",
      "p" : "1.2474",
      "s" : "sell",
      "i" : "RUNEUSD-PERP",
      "m" : "4611686018430591271"
    }, {
      "d" : "1756441423539576625",
      "t" : 1756441423539,
      "tn" : 1756441423539576625,
      "q" : "0.1",
      "p" : "1.2461",
      "s" : "sell",
      "i" : "RUNEUSD-PERP",
      "m" : "4611686018430591270"
    }, {
      "d" : "1756441423477769916",
      "t" : 1756441423477,
      "tn" : 1756441423477769916,
      "q" : "0.1",
      "p" : "1.2464",
      "s" : "sell",
      "i" : "RUNEUSD-PERP",
      "m" : "4611686018430591269"
    }, {
      "d" : "1756441155626419050",
      "t" : 1756441155626,
      "tn" : 1756441155626419050,
      "q" : "0.1",
      "p" : "1.2461",
      "s" : "sell",
      "i" : "RUNEUSD-PERP",
      "m" : "4611686018430591268"
    }, {
      "d" : "1756441155626416139",
      "t" : 1756441155626,
      "tn" : 1756441155626416139,
      "q" : "0.1",
      "p" : "1.2464",
      "s" : "sell",
      "i" : "RUNEUSD-PERP",
      "m" : "4611686018430591267"
    }, {
      "d" : "1756441150646242579",
      "t" : 1756441150646,
      "tn" : 1756441150646242579,
      "q" : "0.1",
      "p" : "1.2464",
      "s" : "sell",
      "i" : "RUNEUSD-PERP",
      "m" : "4611686018430591266"
    }, {
      "d" : "1756441145612174517",
      "t" : 1756441145612,
      "tn" : 1756441145612174517,
      "q" : "0.1",
      "p" : "1.2461",
      "s" : "sell",
      "i" : "RUNEUSD-PERP",
      "m" : "4611686018430591265"
    }, {
      "d" : "1756441145612171491",
      "t" : 1756441145612,
      "tn" : 1756441145612171491,
      "q" : "0.1",
      "p" : "1.2464",
      "s" : "sell",
      "i" : "RUNEUSD-PERP",
      "m" : "4611686018430591264"
    }, {
      "d" : "1756441139019473693",
      "t" : 1756441139019,
      "tn" : 1756441139019473693,
      "q" : "0.1",
      "p" : "1.2464",
      "s" : "sell",
      "i" : "RUNEUSD-PERP",
      "m" : "4611686018430591263"
    }, {
      "d" : "1756441135574143255",
      "t" : 1756441135574,
      "tn" : 1756441135574143255,
      "q" : "0.1",
      "p" : "1.2464",
      "s" : "sell",
      "i" : "RUNEUSD-PERP",
      "m" : "4611686018430591262"
    }, {
      "d" : "1756440856615123051",
      "t" : 1756440856615,
      "tn" : 1756440856615123051,
      "q" : "963.2",
      "p" : "1.2449",
      "s" : "sell",
      "i" : "RUNEUSD-PERP",
      "m" : "4611686018430591261"
    }, {
      "d" : "1756440856615120230",
      "t" : 1756440856615,
      "tn" : 1756440856615120230,
      "q" : "0.1",
      "p" : "1.2451",
      "s" : "sell",
      "i" : "RUNEUSD-PERP",
      "m" : "4611686018430591260"
    }, {
      "d" : "1756440856554147323",
      "t" : 1756440856554,
      "tn" : 1756440856554147323,
      "q" : "0.1",
      "p" : "1.2454",
      "s" : "sell",
      "i" : "RUNEUSD-PERP",
      "m" : "4611686018430591259"
    }, {
      "d" : "1756440356369311364",
      "t" : 1756440356369,
      "tn" : 1756440356369311364,
      "q" : "0.1",
      "p" : "1.2474",
      "s" : "sell",
      "i" : "RUNEUSD-PERP",
      "m" : "4611686018430591258"
    }, {
      "d" : "1756440311219588949",
      "t" : 1756440311219,
      "tn" : 1756440311219588949,
      "q" : "0.1",
      "p" : "1.2471",
      "s" : "sell",
      "i" : "RUNEUSD-PERP",
      "m" : "4611686018430591257"
    }, {
      "d" : "1756440311219587208",
      "t" : 1756440311219,
      "tn" : 1756440311219587208,
      "q" : "0.1",
      "p" : "1.2474",
      "s" : "sell",
      "i" : "RUNEUSD-PERP",
      "m" : "4611686018430591256"
    }, {
      "d" : "1756440310231229160",
      "t" : 1756440310231,
      "tn" : 1756440310231229160,
      "q" : "0.1",
      "p" : "1.2471",
      "s" : "sell",
      "i" : "RUNEUSD-PERP",
      "m" : "4611686018430591255"
    }, {
      "d" : "1756440310231226859",
      "t" : 1756440310231,
      "tn" : 1756440310231226859,
      "q" : "0.1",
      "p" : "1.2474",
      "s" : "sell",
      "i" : "RUNEUSD-PERP",
      "m" : "4611686018430591254"
    }, {
      "d" : "1756440297315159252",
      "t" : 1756440297315,
      "tn" : 1756440297315159252,
      "q" : "0.1",
      "p" : "1.2465",
      "s" : "sell",
      "i" : "RUNEUSD-PERP",
      "m" : "4611686018430591253"
    }, {
      "d" : "1756440287309291466",
      "t" : 1756440287309,
      "tn" : 1756440287309291466,
      "q" : "0.1",
      "p" : "1.2465",
      "s" : "sell",
      "i" : "RUNEUSD-PERP",
      "m" : "4611686018430591252"
    } ]
  }
}