{
  "id" : -1,
  "method" : "public/get-trades",
  "code" : 0,
  "result" : {
    "data" : [ {
      "d" : "1756460795220131084",
      "t" : 1756460795220,
      "tn" : 1756460795220131084,
      "q" : "307.6",
      "p" : "1.1976",
      "s" : "buy",
      "i" : "RUNE_USDT",
      "m" : "4611686018430329074"
    }, {
      "d" : "1756459209067793636",
      "t" : 1756459209067,
      "tn" : 1756459209067793636,
      "q" : "6.3",
      "p" : "1.2012",
      "s" : "buy",
      "i" : "RUNE_USDT",
      "m" : "4611686018430329073"
    }, {
      "d" : "1756459207753801859",
      "t" : 1756459207753,
      "tn" : 1756459207753801859,
      "q" : "475.9",
      "p" : "1.2005",
      "s" : "buy",
      "i" : "RUNE_USDT",
      "m" : "4611686018430329072"
    }, {
      "d" : "1756459181859789357",
      "t" : 1756459181859,
      "tn" : 1756459181859789357,
      "q" : "487.9",
      "p" : "1.1995",
      "s" : "buy",
      "i" : "RUNE_USDT",
      "m" : "4611686018430329071"
    }, {
      "d" : "1756450956123993322",
      "t" : 1756450956123,
      "tn" : 1756450956123993322,
      "q" : "167.3",
      "p" : "1.2207",
      "s" : "sell",
      "i" : "RUNE_USDT",
      "m" : "4611686018430329070"
    }, {
      "d" : "1756450570922690821",
      "t" : 1756450570922,
      "tn" : 1756450570922690821,
      "q" : "101.9",
      "p" : "1.2231",
      "s" : "buy",
      "i" : "RUNE_USDT",
      "m" : "4611686018430329069"
    }, {
      "d" : "1756450570921177206",
      "t" : 1756450570921,
      "tn" : 1756450570921177206,
      "q" : "396.4",
      "p" : "1.2231",
      "s" : "buy",
      "i" : "RUNE_USDT",
      "m" : "4611686018430329068"
    }, {
      "d" : "1756450570921172482",
      "t" : 1756450570921,
      "tn" : 1756450570921172482,
      "q" : "319.2",
      "p" : "1.2231",
      "s" : "buy",
      "i" : "RUNE_USDT",
      "m" : "4611686018430329067"
    }, {
      "d" : "1756450570912706095",
      "t" : 1756450570912,
      "tn" : 1756450570912706095,
      "q" : "817.5",
      "p" : "1.2231",
      "s" : "buy",
      "i" : "RUNE_USDT",
      "m" : "4611686018430329066"
    }, {
      "d" : "1756450133427231117",
      "t" : 1756450133427,
      "tn" : 1756450133427231117,
      "q" : "212.3",
      "p" : "1.2307",
      "s" : "sell",
      "i" : "RUNE_USDT",
      "m" : "4611686018430329065"
    }, {
      "d" : "1756450123458823715",
      "t" : 1756450123458,
      "tn" : 1756450123458823715,
      "q" : "54.5",
      "p" : "1.2307",
      "s" : "sell",
      "i" : "RUNE_USDT",
      "m" : "4611686018430329064"
    }, {
      "d" : "1756450123458811171",
      "t" : 1756450123458,
      "tn" : 1756450123458811171,
      "q" : "212.2",
      "p" : "1.2307",
      "s" : "sell",
      "i" : "RUNE_USDT",
      "m" : "4611686018430329063"
    }, {
      "d" : "1756450123306530437",
      "t" : 1756450123306,
      "tn" : 1756450123306530437,
      "q" : "257.0",
      "p" : "1.2307",
      "s" : "sell",
      "i" : "RUNE_USDT",
      "m" : "4611686018430329062"
    }, {
      "d" : "1756450123231355626",
      "t" : 1756450123231,
      "tn" : 1756450123231355626,
      "q" : "294.8",
      "p" : "1.2315",
      "s" : "sell",
      "i" : "RUNE_USDT",
      "m" : "4611686018430329061"
    }, {
      "d" : "1756449603553901075",
      "t" : 1756449603553,
      "tn" : 1756449603553901075,
      "q" : "699.3",
      "p" : "1.2306",
      "s" : "sell",
      "i" : "RUNE_USDT",
      "m" : "4611686018430329060"
    }, {
      "d" : "1756449567075649631",
      "t" : 1756449567075,
      "tn" : 1756449567075649631,
      "q" : "0.1",
      "p" : "1.2310",
      "s" : "buy",
      "i" : "RUNE_USDT",
      "m" : "4611686018430329059"
    }, {
      "d" : "1756449567074209605",
      "t" : 1756449567074,
      "tn" : 1756449567074209605,
      "q" : "401.2",
      "p" : "1.2310",
      "s" : "buy",
      "i" : "RUNE_USDT",
      "m" : "4611686018430329058"
    }, {
      "d" : "1756449567068826949",
      "t" : 1756449567068,
      "tn" : 1756449567068826949,
      "q" : "411.0",
      "p" : "1.2310",
      "s" : "buy",
      "i" : "RUNE_USDT",
      "m" : "4611686018430329057"
    }, {
      "d" : "1756449567061907510",
      "t" : 1756449567061,
      "tn" : 1756449567061907510,
      "q" : "739.2",
      "p" : "1.2310",
      "s" : "buy",
      "i" : "RUNE_USDT",
      "m" : "4611686018430329056"
    }, {
      "d" : "1756449567059685650",
      "t" : 1756449567059,
      "tn" : 1756449567059685650,
      "q" : "73.1",
      "p" : "1.2310",
      "s" : "buy",
      "i" : "RUNE_USDT",
      "m" : "4611686018430329055"
    }, {
      "d" : "1756444685574829421",
      "t" : 1756444685574,
      "tn" : 1756444685574829421,
      "q" : "8.4",
      "p" : "1.2402",
      "s" : "sell",
      "i" : "RUNE_USDT",
      "m" : "4611686018430329054"
    }, {
      "d" : "1756441132082544529",
      "t" : 1756441132082,
      "tn" : 1756441132082544529,
      "q" : "749.1",
      "p" : "1.2448",
      "s" : "buy",
      "i" : "RUNE_USDT",
      "m" : "4611686018430329053"
    }, {
      "d" : "1756441132072882037",
      "t" : 1756441132072,
      "tn" : 1756441132072882037,
      "q" : "54.2",
      "p" : "1.2448",
      "s" : "buy",
      "i" : "RUNE_USDT",
      "m" : "4611686018430329052"
    }, {
      "d" : "1756441132067853240",
      "t" : 1756441132067,
      "tn" : 1756441132067853240,
      "q" : "109.2",
      "p" : "1.2448",
      "s" : "buy",
      "i" : "RUNE_USDT",
      "m" : "4611686018430329051"
    }, {
      "d" : "1756441132065253199",
      "t" : 1756441132065,
      "tn" : 1756441132065253199,
      "q" : "694.1",
      "p" : "1.2448",
      "s" : "buy",
      "i" : "RUNE_USDT",
      "m" : "4611686018430329050"
    }, {
      "d" : "1756441132052745233",
      "t" : 1756441132052,
      "tn" : 1756441132052745233,
      "q" : "803.3",
      "p" : "1.2448",
      "s" : "buy",
      "i" : "RUNE_USDT",
      "m" : "4611686018430329049"
    }, {
      "d" : "1756431272932743455",
      "t" : 1756431272932,
      "tn" : 1756431272932743455,
      "q" : "10.1",
      "p" : "1.2437",
      "s" : "buy",
      "i" : "RUNE_USDT",
      "m" : "4611686018430329048"
    }, {
      "d" : "1756419640792640387",
      "t" : 1756419640792,
      "tn" : 1756419640792640387,
      "q" : "10.0",
      "p" : "1.2545",
      "s" : "buy",
      "i" : "RUNE_USDT",
      "m" : "4611686018430329047"
    }, {
      "d" : "1756419218094157580",
      "t" : 1756419218094,
      "tn" : 1756419218094157580,
      "q" : "10.1",
      "p" : "1.2524",
      "s" : "buy",
      "i" : "RUNE_USDT",
      "m" : "4611686018430329046"
    }, {
      "d" : "1756419218094156574",
      "t" : 1756419218094,
      "tn" : 1756419218094156574,
      "q" : "35.9",
      "p" : "1.2523",
      "s" : "buy",
      "i" : "RUNE_USDT",
      "m" : "4611686018430329045"
    }, {
      "d" : "1756419218093119613",
      "t" : 1756419218093,
      "tn" : 1756419218093119613,
      "q" : "10.0",
      "p" : "1.2523",
      "s" : "buy",
      "i" : "RUNE_USDT",
      "m" : "4611686018430329044"
    }, {
      "d" : "1756419218092313116",
      "t" : 1756419218092,
      "tn" : 1756419218092313116,
      "q" : "113.8",
      "p" : "1.2523",
      "s" : "buy",
      "i" : "RUNE_USDT",
      "m" : "4611686018430329043"
    }, {
      "d" : "1756412343900932596",
      "t" : 1756412343900,
      "tn" : 1756412343900932596,
      "q" : "137.1",
      "p" : "1.2396",
      "s" : "buy",
      "i" : "RUNE_USDT",
      "m" : "4611686018430329042"
    }, {
      "d" : "1756412343900384116",
      "t" : 1756412343900,
      "tn" : 1756412343900384116,
      "q" : "312.3",
      "p" : "1.2396",
      "s" : "buy",
      "i" : "RUNE_USDT",
      "m" : "4611686018430329041"
    }, {
      "d" : "1756412343900257227",
      "t" : 1756412343900,
      "tn" : 1756412343900257227,
      "q" : "357.3",
      "p" : "1.2396",
      "s" : "buy",
      "i" : "RUNE_USDT",
      "m" : "4611686018430329040"
    }, {
      "d" : "1756410882673139909",
      "t" : 1756410882673,
      "tn" : 1756410882673139909,
      "q" : "10.1",
      "p" : "1.2432",
      "s" : "sell",
      "i" : "RUNE_USDT",
      "m" : "4611686018430329039"
    }, {
      "d" : "1756400482671185652",
      "t" : 1756400482671,
      "tn" : 1756400482671185652,
      "q" : "10.2",
      "p" : "1.2445",
      "s" : "buy",
      "i" : "RUNE_USDT",
      "m" : "4611686018430329038"
    }, {
      "d" : "1756383587202551975",
      "t" : 1756383587202,
      "tn" : 1756383587202551975,
      "q" : "6.0",
      "p" : "1.2645",
      "s" : "sell",
      "i" : "RUNE_USDT",
      "m" : "4611686018430329037"
    }, {
      "d" : "1756383585175257452",
      "t" : 1756383585175,
      "tn" : 1756383585175257452,
      "q" : "1.1",
      "p" : "1.2645",
      "s" : "sell",
      "i" : "RUNE_USDT",
      "m" : "4611686018430329036"
    } ]
  }
}