{
  "id" : -1,
  "method" : "public/get-trades",
  "code" : 0,
  "result" : {
    "data" : [ {
      "d" : "1756462263920573586",
      "t" : 1756462263920,
      "tn" : 1756462263920573586,
      "q" : "10860",
      "p" : "0.013359",
      "s" : "sell",
      "i" : "RVN_USD",
      "m" : "4611686018429797097"
    }, {
      "d" : "1756462263917281292",
      "t" : 1756462263917,
      "tn" : 1756462263917281292,
      "q" : "1520",
      "p" : "0.013359",
      "s" : "buy",
      "i" : "RVN_USD",
      "m" : "4611686018429797096"
    }, {
      "d" : "1756461228783204216",
      "t" : 1756461228783,
      "tn" : 1756461228783204216,
      "q" : "66620",
      "p" : "0.013288",
      "s" : "sell",
      "i" : "RVN_USD",
      "m" : "4611686018429797095"
    }, {
      "d" : "1756461228779922650",
      "t" : 1756461228779,
      "tn" : 1756461228779922650,
      "q" : "7620",
      "p" : "0.013288",
      "s" : "buy",
      "i" : "RVN_USD",
      "m" : "4611686018429797094"
    }, {
      "d" : "1756461225747307530",
      "t" : 1756461225747,
      "tn" : 1756461225747307530,
      "q" : "64160",
      "p" : "0.013285",
      "s" : "sell",
      "i" : "RVN_USD",
      "m" : "4611686018429797093"
    }, {
      "d" : "1756461225745122731",
      "t" : 1756461225745,
      "tn" : 1756461225745122731,
      "q" : "3040",
      "p" : "0.013285",
      "s" : "buy",
      "i" : "RVN_USD",
      "m" : "4611686018429797092"
    }, {
      "d" : "1756461225745121047",
      "t" : 1756461225745,
      "tn" : 1756461225745121047,
      "q" : "23800",
      "p" : "0.013284",
      "s" : "buy",
      "i" : "RVN_USD",
      "m" : "4611686018429797091"
    }, {
      "d" : "1756461223197238248",
      "t" : 1756461223197,
      "tn" : 1756461223197238248,
      "q" : "91000",
      "p" : "0.013285",
      "s" : "buy",
      "i" : "RVN_USD",
      "m" : "4611686018429797090"
    }, {
      "d" : "1756460491508855827",
      "t" : 1756460491508,
      "tn" : 1756460491508855827,
      "q" : "700",
      "p" : "0.013229",
      "s" : "sell",
      "i" : "RVN_USD",
      "m" : "4611686018429797089"
    }, {
      "d" : "1756460487740027843",
      "t" : 1756460487740,
      "tn" : 1756460487740027843,
      "q" : "2270",
      "p" : "0.013229",
      "s" : "buy",
      "i" : "RVN_USD",
      "m" : "4611686018429797088"
    }, {
      "d" : "1756460486509265769",
      "t" : 1756460486509,
      "tn" : 1756460486509265769,
      "q" : "1800",
      "p" : "0.013229",
      "s" : "sell",
      "i" : "RVN_USD",
      "m" : "4611686018429797087"
    }, {
      "d" : "1756458866255642603",
      "t" : 1756458866255,
      "tn" : 1756458866255642603,
      "q" : "2820",
      "p" : "0.013181",
      "s" : "buy",
      "i" : "RVN_USD",
      "m" : "4611686018429797086"
    }, {
      "d" : "1756458866255640835",
      "t" : 1756458866255,
      "tn" : 1756458866255640835,
      "q" : "4010",
      "p" : "0.013180",
      "s" : "buy",
      "i" : "RVN_USD",
      "m" : "4611686018429797085"
    }, {
      "d" : "1756458866239212392",
      "t" : 1756458866239,
      "tn" : 1756458866239212392,
      "q" : "6830",
      "p" : "0.013180",
      "s" : "buy",
      "i" : "RVN_USD",
      "m" : "4611686018429797084"
    }, {
      "d" : "1756458676497843349",
      "t" : 1756458676497,
      "tn" : 1756458676497843349,
      "q" : "8470",
      "p" : "0.013168",
      "s" : "sell",
      "i" : "RVN_USD",
      "m" : "4611686018429797083"
    }, {
      "d" : "1756458676493896839",
      "t" : 1756458676493,
      "tn" : 1756458676493896839,
      "q" : "18170",
      "p" : "0.013171",
      "s" : "sell",
      "i" : "RVN_USD",
      "m" : "4611686018429797082"
    }, {
      "d" : "1756458557584544802",
      "t" : 1756458557584,
      "tn" : 1756458557584544802,
      "q" : "18350",
      "p" : "0.013189",
      "s" : "buy",
      "i" : "RVN_USD",
      "m" : "4611686018429797081"
    }, {
      "d" : "1756458557584542618",
      "t" : 1756458557584,
      "tn" : 1756458557584542618,
      "q" : "7620",
      "p" : "0.013179",
      "s" : "buy",
      "i" : "RVN_USD",
      "m" : "4611686018429797080"
    }, {
      "d" : "1756458557584539826",
      "t" : 1756458557584,
      "tn" : 1756458557584539826,
      "q" : "7620",
      "p" : "0.013168",
      "s" : "buy",
      "i" : "RVN_USD",
      "m" : "4611686018429797079"
    }, {
      "d" : "1756458557584536507",
      "t" : 1756458557584,
      "tn" : 1756458557584536507,
      "q" : "6410",
      "p" : "0.013167",
      "s" : "buy",
      "i" : "RVN_USD",
      "m" : "4611686018429797078"
    }, {
      "d" : "1756458503775914017",
      "t" : 1756458503775,
      "tn" : 1756458503775914017,
      "q" : "1810",
      "p" : "0.013130",
      "s" : "sell",
      "i" : "RVN_USD",
      "m" : "4611686018429797077"
    }, {
      "d" : "1756458485626380706",
      "t" : 1756458485626,
      "tn" : 1756458485626380706,
      "q" : "260",
      "p" : "0.013130",
      "s" : "sell",
      "i" : "RVN_USD",
      "m" : "4611686018429797076"
    }, {
      "d" : "1756458485626378557",
      "t" : 1756458485626,
      "tn" : 1756458485626378557,
      "q" : "1580",
      "p" : "0.013131",
      "s" : "sell",
      "i" : "RVN_USD",
      "m" : "4611686018429797075"
    }, {
      "d" : "1756458439179660875",
      "t" : 1756458439179,
      "tn" : 1756458439179660875,
      "q" : "3170",
      "p" : "0.013150",
      "s" : "sell",
      "i" : "RVN_USD",
      "m" : "4611686018429797074"
    }, {
      "d" : "1756458439179658674",
      "t" : 1756458439179,
      "tn" : 1756458439179658674,
      "q" : "5910",
      "p" : "0.013151",
      "s" : "sell",
      "i" : "RVN_USD",
      "m" : "4611686018429797073"
    }, {
      "d" : "1756458197639671097",
      "t" : 1756458197639,
      "tn" : 1756458197639671097,
      "q" : "1810",
      "p" : "0.013132",
      "s" : "sell",
      "i" : "RVN_USD",
      "m" : "4611686018429797072"
    }, {
      "d" : "1756458179199752635",
      "t" : 1756458179199,
      "tn" : 1756458179199752635,
      "q" : "1460",
      "p" : "0.013143",
      "s" : "sell",
      "i" : "RVN_USD",
      "m" : "4611686018429797071"
    }, {
      "d" : "1756458140371730633",
      "t" : 1756458140371,
      "tn" : 1756458140371730633,
      "q" : "1520",
      "p" : "0.013192",
      "s" : "buy",
      "i" : "RVN_USD",
      "m" : "4611686018429797070"
    }, {
      "d" : "1756458123721184721",
      "t" : 1756458123721,
      "tn" : 1756458123721184721,
      "q" : "1820",
      "p" : "0.013184",
      "s" : "sell",
      "i" : "RVN_USD",
      "m" : "4611686018429797069"
    }, {
      "d" : "1756457841754876934",
      "t" : 1756457841754,
      "tn" : 1756457841754876934,
      "q" : "400",
      "p" : "0.013226",
      "s" : "sell",
      "i" : "RVN_USD",
      "m" : "4611686018429797068"
    }, {
      "d" : "1756457490661623592",
      "t" : 1756457490661,
      "tn" : 1756457490661623592,
      "q" : "970",
      "p" : "0.013290",
      "s" : "sell",
      "i" : "RVN_USD",
      "m" : "4611686018429797067"
    }, {
      "d" : "1756457490655801699",
      "t" : 1756457490655,
      "tn" : 1756457490655801699,
      "q" : "3910",
      "p" : "0.013290",
      "s" : "buy",
      "i" : "RVN_USD",
      "m" : "4611686018429797066"
    }, {
      "d" : "1756457335363637586",
      "t" : 1756457335363,
      "tn" : 1756457335363637586,
      "q" : "1160",
      "p" : "0.013291",
      "s" : "buy",
      "i" : "RVN_USD",
      "m" : "4611686018429797065"
    }, {
      "d" : "1756456832284620797",
      "t" : 1756456832284,
      "tn" : 1756456832284620797,
      "q" : "2130",
      "p" : "0.013296",
      "s" : "buy",
      "i" : "RVN_USD",
      "m" : "4611686018429797064"
    }, {
      "d" : "1756455627356187556",
      "t" : 1756455627356,
      "tn" : 1756455627356187556,
      "q" : "630",
      "p" : "0.013287",
      "s" : "sell",
      "i" : "RVN_USD",
      "m" : "4611686018429797063"
    }, {
      "d" : "1756455437654675702",
      "t" : 1756455437654,
      "tn" : 1756455437654675702,
      "q" : "6340",
      "p" : "0.013291",
      "s" : "sell",
      "i" : "RVN_USD",
      "m" : "4611686018429797062"
    }, {
      "d" : "1756455137911466700",
      "t" : 1756455137911,
      "tn" : 1756455137911466700,
      "q" : "3640",
      "p" : "0.013309",
      "s" : "buy",
      "i" : "RVN_USD",
      "m" : "4611686018429797061"
    }, {
      "d" : "1756455120066065218",
      "t" : 1756455120066,
      "tn" : 1756455120066065218,
      "q" : "810",
      "p" : "0.013287",
      "s" : "sell",
      "i" : "RVN_USD",
      "m" : "4611686018429797060"
    }, {
      "d" : "1756454415197226045",
      "t" : 1756454415197,
      "tn" : 1756454415197226045,
      "q" : "1090",
      "p" : "0.013317",
      "s" : "sell",
      "i" : "RVN_USD",
      "m" : "4611686018429797059"
    }, {
      "d" : "1756453823843067112",
      "t" : 1756453823843,
      "tn" : 1756453823843067112,
      "q" : "1090",
      "p" : "0.013380",
      "s" : "buy",
      "i" : "RVN_USD",
      "m" : "4611686018429797058"
    }, {
      "d" : "1756452274143783964",
      "t" : 1756452274143,
      "tn" : 1756452274143783964,
      "q" : "3310",
      "p" : "0.013331",
      "s" : "sell",
      "i" : "RVN_USD",
      "m" : "4611686018429797057"
    }, {
      "d" : "1756451799503789360",
      "t" : 1756451799503,
      "tn" : 1756451799503789360,
      "q" : "870",
      "p" : "0.013387",
      "s" : "sell",
      "i" : "RVN_USD",
      "m" : "4611686018429797056"
    }, {
      "d" : "1756451779465250699",
      "t" : 1756451779465,
      "tn" : 1756451779465250699,
      "q" : "870",
      "p" : "0.013452",
      "s" : "buy",
      "i" : "RVN_USD",
      "m" : "4611686018429797055"
    }, {
      "d" : "1756451574140602036",
      "t" : 1756451574140,
      "tn" : 1756451574140602036,
      "q" : "1490",
      "p" : "0.013403",
      "s" : "buy",
      "i" : "RVN_USD",
      "m" : "4611686018429797054"
    }, {
      "d" : "1756451418613582297",
      "t" : 1756451418613,
      "tn" : 1756451418613582297,
      "q" : "1000",
      "p" : "0.013430",
      "s" : "buy",
      "i" : "RVN_USD",
      "m" : "4611686018429797053"
    }, {
      "d" : "1756451292541706716",
      "t" : 1756451292541,
      "tn" : 1756451292541706716,
      "q" : "1430",
      "p" : "0.013431",
      "s" : "sell",
      "i" : "RVN_USD",
      "m" : "4611686018429797052"
    }, {
      "d" : "1756450947297212477",
      "t" : 1756450947297,
      "tn" : 1756450947297212477,
      "q" : "610",
      "p" : "0.013537",
      "s" : "sell",
      "i" : "RVN_USD",
      "m" : "4611686018429797051"
    }, {
      "d" : "1756450336704848189",
      "t" : 1756450336704,
      "tn" : 1756450336704848189,
      "q" : "1330",
      "p" : "0.013572",
      "s" : "sell",
      "i" : "RVN_USD",
      "m" : "4611686018429797050"
    }, {
      "d" : "1756449489665786881",
      "t" : 1756449489665,
      "tn" : 1756449489665786880,
      "q" : "210",
      "p" : "0.013537",
      "s" : "sell",
      "i" : "RVN_USD",
      "m" : "4611686018429797049"
    }, {
      "d" : "1756449489665786880",
      "t" : 1756449489665,
      "tn" : 1756449489665786880,
      "q" : "820",
      "p" : "0.013537",
      "s" : "sell",
      "i" : "RVN_USD",
      "m" : "4611686018429797049"
    }, {
      "d" : "1756449486480245127",
      "t" : 1756449486480,
      "tn" : 1756449486480245127,
      "q" : "820",
      "p" : "0.013538",
      "s" : "sell",
      "i" : "RVN_USD",
      "m" : "4611686018429797048"
    }, {
      "d" : "1756449332535387331",
      "t" : 1756449332535,
      "tn" : 1756449332535387331,
      "q" : "1000",
      "p" : "0.013560",
      "s" : "buy",
      "i" : "RVN_USD",
      "m" : "4611686018429797047"
    }, {
      "d" : "1756448159246298522",
      "t" : 1756448159246,
      "tn" : 1756448159246298522,
      "q" : "1410",
      "p" : "0.013575",
      "s" : "sell",
      "i" : "RVN_USD",
      "m" : "4611686018429797046"
    }, {
      "d" : "1756448069975254006",
      "t" : 1756448069975,
      "tn" : 1756448069975254006,
      "q" : "1070",
      "p" : "0.013590",
      "s" : "sell",
      "i" : "RVN_USD",
      "m" : "4611686018429797045"
    }, {
      "d" : "1756445291424583478",
      "t" : 1756445291424,
      "tn" : 1756445291424583478,
      "q" : "1070",
      "p" : "0.013633",
      "s" : "buy",
      "i" : "RVN_USD",
      "m" : "4611686018429797044"
    }, {
      "d" : "1756444706384907215",
      "t" : 1756444706384,
      "tn" : 1756444706384907215,
      "q" : "1760",
      "p" : "0.013583",
      "s" : "sell",
      "i" : "RVN_USD",
      "m" : "4611686018429797043"
    }, {
      "d" : "1756444700255716664",
      "t" : 1756444700255,
      "tn" : 1756444700255716664,
      "q" : "10840",
      "p" : "0.013596",
      "s" : "sell",
      "i" : "RVN_USD",
      "m" : "4611686018429797042"
    }, {
      "d" : "1756444559154953850",
      "t" : 1756444559154,
      "tn" : 1756444559154953850,
      "q" : "3860",
      "p" : "0.013604",
      "s" : "sell",
      "i" : "RVN_USD",
      "m" : "4611686018429797041"
    }, {
      "d" : "1756444202386277434",
      "t" : 1756444202386,
      "tn" : 1756444202386277434,
      "q" : "7150",
      "p" : "0.013657",
      "s" : "buy",
      "i" : "RVN_USD",
      "m" : "4611686018429797040"
    }, {
      "d" : "1756442752277526803",
      "t" : 1756442752277,
      "tn" : 1756442752277526803,
      "q" : "1780",
      "p" : "0.013680",
      "s" : "buy",
      "i" : "RVN_USD",
      "m" : "4611686018429797039"
    }, {
      "d" : "1756442382158432397",
      "t" : 1756442382158,
      "tn" : 1756442382158432397,
      "q" : "1430",
      "p" : "0.013670",
      "s" : "buy",
      "i" : "RVN_USD",
      "m" : "4611686018429797038"
    }, {
      "d" : "1756442366048153939",
      "t" : 1756442366048,
      "tn" : 1756442366048153939,
      "q" : "1070",
      "p" : "0.013670",
      "s" : "buy",
      "i" : "RVN_USD",
      "m" : "4611686018429797037"
    }, {
      "d" : "1756441870783798464",
      "t" : 1756441870783,
      "tn" : 1756441870783798464,
      "q" : "400",
      "p" : "0.013635",
      "s" : "sell",
      "i" : "RVN_USD",
      "m" : "4611686018429797036"
    }, {
      "d" : "1756441865240039899",
      "t" : 1756441865240,
      "tn" : 1756441865240039899,
      "q" : "3670",
      "p" : "0.013639",
      "s" : "buy",
      "i" : "RVN_USD",
      "m" : "4611686018429797035"
    }, {
      "d" : "1756441865207270677",
      "t" : 1756441865207,
      "tn" : 1756441865207270677,
      "q" : "6600",
      "p" : "0.013639",
      "s" : "buy",
      "i" : "RVN_USD",
      "m" : "4611686018429797034"
    }, {
      "d" : "1756441865189874915",
      "t" : 1756441865189,
      "tn" : 1756441865189874915,
      "q" : "6600",
      "p" : "0.013639",
      "s" : "buy",
      "i" : "RVN_USD",
      "m" : "4611686018429797033"
    }, {
      "d" : "1756441865184487232",
      "t" : 1756441865184,
      "tn" : 1756441865184487232,
      "q" : "15660",
      "p" : "0.013639",
      "s" : "sell",
      "i" : "RVN_USD",
      "m" : "4611686018429797032"
    }, {
      "d" : "1756441807381941658",
      "t" : 1756441807381,
      "tn" : 1756441807381941658,
      "q" : "9380",
      "p" : "0.013656",
      "s" : "sell",
      "i" : "RVN_USD",
      "m" : "4611686018429797031"
    }, {
      "d" : "1756441798802216150",
      "t" : 1756441798802,
      "tn" : 1756441798802216150,
      "q" : "2070",
      "p" : "0.013663",
      "s" : "sell",
      "i" : "RVN_USD",
      "m" : "4611686018429797030"
    }, {
      "d" : "1756441314082717288",
      "t" : 1756441314082,
      "tn" : 1756441314082717287,
      "q" : "5460",
      "p" : "0.013674",
      "s" : "buy",
      "i" : "RVN_USD",
      "m" : "4611686018429797029"
    }, {
      "d" : "1756441314082717287",
      "t" : 1756441314082,
      "tn" : 1756441314082717287,
      "q" : "840",
      "p" : "0.013674",
      "s" : "buy",
      "i" : "RVN_USD",
      "m" : "4611686018429797029"
    }, {
      "d" : "1756440753069990068",
      "t" : 1756440753069,
      "tn" : 1756440753069990067,
      "q" : "2590",
      "p" : "0.013647",
      "s" : "buy",
      "i" : "RVN_USD",
      "m" : "4611686018429797028"
    }, {
      "d" : "1756440753069990067",
      "t" : 1756440753069,
      "tn" : 1756440753069990067,
      "q" : "840",
      "p" : "0.013647",
      "s" : "buy",
      "i" : "RVN_USD",
      "m" : "4611686018429797028"
    }, {
      "d" : "1756440749804433573",
      "t" : 1756440749804,
      "tn" : 1756440749804433573,
      "q" : "10840",
      "p" : "0.013635",
      "s" : "buy",
      "i" : "RVN_USD",
      "m" : "4611686018429797027"
    }, {
      "d" : "1756440662274607136",
      "t" : 1756440662274,
      "tn" : 1756440662274607135,
      "q" : "1870",
      "p" : "0.013630",
      "s" : "sell",
      "i" : "RVN_USD",
      "m" : "4611686018429797026"
    }, {
      "d" : "1756440662274607135",
      "t" : 1756440662274,
      "tn" : 1756440662274607135,
      "q" : "340",
      "p" : "0.013630",
      "s" : "sell",
      "i" : "RVN_USD",
      "m" : "4611686018429797026"
    }, {
      "d" : "1756439246236095310",
      "t" : 1756439246236,
      "tn" : 1756439246236095310,
      "q" : "10500",
      "p" : "0.013632",
      "s" : "sell",
      "i" : "RVN_USD",
      "m" : "4611686018429797025"
    }, {
      "d" : "1756439175590058346",
      "t" : 1756439175590,
      "tn" : 1756439175590058346,
      "q" : "1400",
      "p" : "0.013634",
      "s" : "sell",
      "i" : "RVN_USD",
      "m" : "4611686018429797024"
    }, {
      "d" : "1756435667282519193",
      "t" : 1756435667282,
      "tn" : 1756435667282519193,
      "q" : "21290",
      "p" : "0.013693",
      "s" : "buy",
      "i" : "RVN_USD",
      "m" : "4611686018429797023"
    }, {
      "d" : "1756434974954049680",
      "t" : 1756434974954,
      "tn" : 1756434974954049679,
      "q" : "100",
      "p" : "0.013681",
      "s" : "buy",
      "i" : "RVN_USD",
      "m" : "4611686018429797022"
    }, {
      "d" : "1756434974954049679",
      "t" : 1756434974954,
      "tn" : 1756434974954049679,
      "q" : "1680",
      "p" : "0.013681",
      "s" : "buy",
      "i" : "RVN_USD",
      "m" : "4611686018429797022"
    }, {
      "d" : "1756434415642853042",
      "t" : 1756434415642,
      "tn" : 1756434415642853042,
      "q" : "3360",
      "p" : "0.013677",
      "s" : "buy",
      "i" : "RVN_USD",
      "m" : "4611686018429797021"
    }, {
      "d" : "1756434415597886025",
      "t" : 1756434415597,
      "tn" : 1756434415597886025,
      "q" : "2060",
      "p" : "0.013678",
      "s" : "buy",
      "i" : "RVN_USD",
      "m" : "4611686018429797020"
    }, {
      "d" : "1756434415597882921",
      "t" : 1756434415597,
      "tn" : 1756434415597882921,
      "q" : "6710",
      "p" : "0.013677",
      "s" : "buy",
      "i" : "RVN_USD",
      "m" : "4611686018429797019"
    }, {
      "d" : "1756433631220202541",
      "t" : 1756433631220,
      "tn" : 1756433631220202541,
      "q" : "2060",
      "p" : "0.013622",
      "s" : "sell",
      "i" : "RVN_USD",
      "m" : "4611686018429797018"
    }, {
      "d" : "1756433080259967696",
      "t" : 1756433080259,
      "tn" : 1756433080259967696,
      "q" : "1530",
      "p" : "0.013605",
      "s" : "buy",
      "i" : "RVN_USD",
      "m" : "4611686018429797017"
    }, {
      "d" : "1756431561756548851",
      "t" : 1756431561756,
      "tn" : 1756431561756548851,
      "q" : "1130",
      "p" : "0.013587",
      "s" : "sell",
      "i" : "RVN_USD",
      "m" : "4611686018429797016"
    }, {
      "d" : "1756431120236407597",
      "t" : 1756431120236,
      "tn" : 1756431120236407597,
      "q" : "400",
      "p" : "0.013601",
      "s" : "sell",
      "i" : "RVN_USD",
      "m" : "4611686018429797015"
    }, {
      "d" : "1756430751280098820",
      "t" : 1756430751280,
      "tn" : 1756430751280098820,
      "q" : "300",
      "p" : "0.013594",
      "s" : "buy",
      "i" : "RVN_USD",
      "m" : "4611686018429797014"
    }, {
      "d" : "1756430751274366817",
      "t" : 1756430751274,
      "tn" : 1756430751274366817,
      "q" : "7340",
      "p" : "0.013594",
      "s" : "buy",
      "i" : "RVN_USD",
      "m" : "4611686018429797013"
    }, {
      "d" : "1756430751268662290",
      "t" : 1756430751268,
      "tn" : 1756430751268662290,
      "q" : "3200",
      "p" : "0.013594",
      "s" : "buy",
      "i" : "RVN_USD",
      "m" : "4611686018429797012"
    }, {
      "d" : "1756430308414508184",
      "t" : 1756430308414,
      "tn" : 1756430308414508184,
      "q" : "420",
      "p" : "0.013601",
      "s" : "sell",
      "i" : "RVN_USD",
      "m" : "4611686018429797011"
    }, {
      "d" : "1756429845888108041",
      "t" : 1756429845888,
      "tn" : 1756429845888108041,
      "q" : "10270",
      "p" : "0.013634",
      "s" : "sell",
      "i" : "RVN_USD",
      "m" : "4611686018429797010"
    }, {
      "d" : "1756429726409067006",
      "t" : 1756429726409,
      "tn" : 1756429726409067006,
      "q" : "3670",
      "p" : "0.013642",
      "s" : "buy",
      "i" : "RVN_USD",
      "m" : "4611686018429797009"
    }, {
      "d" : "1756429726389186008",
      "t" : 1756429726389,
      "tn" : 1756429726389186008,
      "q" : "6600",
      "p" : "0.013642",
      "s" : "buy",
      "i" : "RVN_USD",
      "m" : "4611686018429797008"
    }, {
      "d" : "1756429338589758920",
      "t" : 1756429338589,
      "tn" : 1756429338589758920,
      "q" : "1400",
      "p" : "0.013651",
      "s" : "sell",
      "i" : "RVN_USD",
      "m" : "4611686018429797007"
    }, {
      "d" : "1756429332790757032",
      "t" : 1756429332790,
      "tn" : 1756429332790757032,
      "q" : "6590",
      "p" : "0.013661",
      "s" : "buy",
      "i" : "RVN_USD",
      "m" : "4611686018429797006"
    }, {
      "d" : "1756429332750667149",
      "t" : 1756429332750,
      "tn" : 1756429332750667149,
      "q" : "6590",
      "p" : "0.013661",
      "s" : "buy",
      "i" : "RVN_USD",
      "m" : "4611686018429797005"
    }, {
      "d" : "1756429332737310982",
      "t" : 1756429332737,
      "tn" : 1756429332737310982,
      "q" : "6590",
      "p" : "0.013661",
      "s" : "buy",
      "i" : "RVN_USD",
      "m" : "4611686018429797004"
    }, {
      "d" : "1756429332725373037",
      "t" : 1756429332725,
      "tn" : 1756429332725373037,
      "q" : "6590",
      "p" : "0.013661",
      "s" : "buy",
      "i" : "RVN_USD",
      "m" : "4611686018429797003"
    }, {
      "d" : "1756429332713367731",
      "t" : 1756429332713,
      "tn" : 1756429332713367731,
      "q" : "6590",
      "p" : "0.013661",
      "s" : "buy",
      "i" : "RVN_USD",
      "m" : "4611686018429797002"
    }, {
      "d" : "1756429332706753778",
      "t" : 1756429332706,
      "tn" : 1756429332706753778,
      "q" : "1290",
      "p" : "0.013661",
      "s" : "buy",
      "i" : "RVN_USD",
      "m" : "4611686018429797001"
    }, {
      "d" : "1756429332700696791",
      "t" : 1756429332700,
      "tn" : 1756429332700696791,
      "q" : "6590",
      "p" : "0.013661",
      "s" : "buy",
      "i" : "RVN_USD",
      "m" : "4611686018429797000"
    }, {
      "d" : "1756429332696800992",
      "t" : 1756429332696,
      "tn" : 1756429332696800992,
      "q" : "2080",
      "p" : "0.013661",
      "s" : "buy",
      "i" : "RVN_USD",
      "m" : "4611686018429796999"
    }, {
      "d" : "1756429332690763975",
      "t" : 1756429332690,
      "tn" : 1756429332690763975,
      "q" : "2790",
      "p" : "0.013661",
      "s" : "sell",
      "i" : "RVN_USD",
      "m" : "4611686018429796998"
    }, {
      "d" : "1756429326781464242",
      "t" : 1756429326781,
      "tn" : 1756429326781464242,
      "q" : "2920",
      "p" : "0.013681",
      "s" : "buy",
      "i" : "RVN_USD",
      "m" : "4611686018429796997"
    }, {
      "d" : "1756429326768744181",
      "t" : 1756429326768,
      "tn" : 1756429326768744181,
      "q" : "6580",
      "p" : "0.013681",
      "s" : "buy",
      "i" : "RVN_USD",
      "m" : "4611686018429796996"
    }, {
      "d" : "1756429326698613818",
      "t" : 1756429326698,
      "tn" : 1756429326698613818,
      "q" : "4980",
      "p" : "0.013681",
      "s" : "buy",
      "i" : "RVN_USD",
      "m" : "4611686018429796995"
    }, {
      "d" : "1756429326698612432",
      "t" : 1756429326698,
      "tn" : 1756429326698612432,
      "q" : "1600",
      "p" : "0.013680",
      "s" : "buy",
      "i" : "RVN_USD",
      "m" : "4611686018429796994"
    }, {
      "d" : "1756429326679701956",
      "t" : 1756429326679,
      "tn" : 1756429326679701956,
      "q" : "6580",
      "p" : "0.013681",
      "s" : "buy",
      "i" : "RVN_USD",
      "m" : "4611686018429796993"
    }, {
      "d" : "1756429326639981541",
      "t" : 1756429326639,
      "tn" : 1756429326639981541,
      "q" : "6580",
      "p" : "0.013681",
      "s" : "buy",
      "i" : "RVN_USD",
      "m" : "4611686018429796992"
    }, {
      "d" : "1756429326628489196",
      "t" : 1756429326628,
      "tn" : 1756429326628489196,
      "q" : "6580",
      "p" : "0.013681",
      "s" : "buy",
      "i" : "RVN_USD",
      "m" : "4611686018429796991"
    }, {
      "d" : "1756429326603487656",
      "t" : 1756429326603,
      "tn" : 1756429326603487656,
      "q" : "3380",
      "p" : "0.013681",
      "s" : "buy",
      "i" : "RVN_USD",
      "m" : "4611686018429796990"
    }, {
      "d" : "1756429326603486004",
      "t" : 1756429326603,
      "tn" : 1756429326603486004,
      "q" : "3200",
      "p" : "0.013680",
      "s" : "buy",
      "i" : "RVN_USD",
      "m" : "4611686018429796989"
    }, {
      "d" : "1756429326547767186",
      "t" : 1756429326547,
      "tn" : 1756429326547767186,
      "q" : "6580",
      "p" : "0.013681",
      "s" : "buy",
      "i" : "RVN_USD",
      "m" : "4611686018429796988"
    }, {
      "d" : "1756429326528664201",
      "t" : 1756429326528,
      "tn" : 1756429326528664201,
      "q" : "6580",
      "p" : "0.013681",
      "s" : "buy",
      "i" : "RVN_USD",
      "m" : "4611686018429796987"
    }, {
      "d" : "1756429326505856544",
      "t" : 1756429326505,
      "tn" : 1756429326505856544,
      "q" : "6580",
      "p" : "0.013681",
      "s" : "buy",
      "i" : "RVN_USD",
      "m" : "4611686018429796986"
    }, {
      "d" : "1756429326494459103",
      "t" : 1756429326494,
      "tn" : 1756429326494459103,
      "q" : "6580",
      "p" : "0.013681",
      "s" : "buy",
      "i" : "RVN_USD",
      "m" : "4611686018429796985"
    }, {
      "d" : "1756429326483486726",
      "t" : 1756429326483,
      "tn" : 1756429326483486726,
      "q" : "6580",
      "p" : "0.013681",
      "s" : "buy",
      "i" : "RVN_USD",
      "m" : "4611686018429796984"
    }, {
      "d" : "1756429326470588292",
      "t" : 1756429326470,
      "tn" : 1756429326470588292,
      "q" : "6580",
      "p" : "0.013681",
      "s" : "buy",
      "i" : "RVN_USD",
      "m" : "4611686018429796983"
    }, {
      "d" : "1756429326466010768",
      "t" : 1756429326466,
      "tn" : 1756429326466010768,
      "q" : "360",
      "p" : "0.013681",
      "s" : "buy",
      "i" : "RVN_USD",
      "m" : "4611686018429796982"
    }, {
      "d" : "1756429326460921047",
      "t" : 1756429326460,
      "tn" : 1756429326460921047,
      "q" : "260",
      "p" : "0.013681",
      "s" : "buy",
      "i" : "RVN_USD",
      "m" : "4611686018429796981"
    }, {
      "d" : "1756429326458063144",
      "t" : 1756429326458,
      "tn" : 1756429326458063144,
      "q" : "6580",
      "p" : "0.013681",
      "s" : "buy",
      "i" : "RVN_USD",
      "m" : "4611686018429796980"
    }, {
      "d" : "1756429326456052445",
      "t" : 1756429326456,
      "tn" : 1756429326456052445,
      "q" : "5850",
      "p" : "0.013681",
      "s" : "buy",
      "i" : "RVN_USD",
      "m" : "4611686018429796979"
    }, {
      "d" : "1756429326447165450",
      "t" : 1756429326447,
      "tn" : 1756429326447165450,
      "q" : "790",
      "p" : "0.013681",
      "s" : "sell",
      "i" : "RVN_USD",
      "m" : "4611686018429796978"
    }, {
      "d" : "1756429324601681696",
      "t" : 1756429324601,
      "tn" : 1756429324601681696,
      "q" : "10",
      "p" : "0.013681",
      "s" : "buy",
      "i" : "RVN_USD",
      "m" : "4611686018429796977"
    }, {
      "d" : "1756429324601528643",
      "t" : 1756429324601,
      "tn" : 1756429324601528643,
      "q" : "89420",
      "p" : "0.013681",
      "s" : "buy",
      "i" : "RVN_USD",
      "m" : "4611686018429796976"
    }, {
      "d" : "1756429324595289371",
      "t" : 1756429324595,
      "tn" : 1756429324595289371,
      "q" : "1570",
      "p" : "0.013681",
      "s" : "sell",
      "i" : "RVN_USD",
      "m" : "4611686018429796975"
    }, {
      "d" : "1756429321512414961",
      "t" : 1756429321512,
      "tn" : 1756429321512414961,
      "q" : "10",
      "p" : "0.013681",
      "s" : "buy",
      "i" : "RVN_USD",
      "m" : "4611686018429796974"
    }, {
      "d" : "1756429321508966170",
      "t" : 1756429321508,
      "tn" : 1756429321508966170,
      "q" : "87840",
      "p" : "0.013681",
      "s" : "buy",
      "i" : "RVN_USD",
      "m" : "4611686018429796973"
    }, {
      "d" : "1756429321502515994",
      "t" : 1756429321502,
      "tn" : 1756429321502515994,
      "q" : "3150",
      "p" : "0.013681",
      "s" : "sell",
      "i" : "RVN_USD",
      "m" : "4611686018429796972"
    }, {
      "d" : "1756429321278052651",
      "t" : 1756429321278,
      "tn" : 1756429321278052651,
      "q" : "24290",
      "p" : "0.013681",
      "s" : "buy",
      "i" : "RVN_USD",
      "m" : "4611686018429796971"
    }, {
      "d" : "1756429321277635948",
      "t" : 1756429321277,
      "tn" : 1756429321277635948,
      "q" : "35720",
      "p" : "0.013681",
      "s" : "buy",
      "i" : "RVN_USD",
      "m" : "4611686018429796970"
    }, {
      "d" : "1756429321275271289",
      "t" : 1756429321275,
      "tn" : 1756429321275271288,
      "q" : "6300",
      "p" : "0.013681",
      "s" : "sell",
      "i" : "RVN_USD",
      "m" : "4611686018429796969"
    }, {
      "d" : "1756429321275271288",
      "t" : 1756429321275,
      "tn" : 1756429321275271288,
      "q" : "24690",
      "p" : "0.013681",
      "s" : "sell",
      "i" : "RVN_USD",
      "m" : "4611686018429796969"
    }, {
      "d" : "1756427536414609551",
      "t" : 1756427536414,
      "tn" : 1756427536414609551,
      "q" : "1800",
      "p" : "0.013763",
      "s" : "buy",
      "i" : "RVN_USD",
      "m" : "4611686018429796968"
    }, {
      "d" : "1756427533738758670",
      "t" : 1756427533738,
      "tn" : 1756427533738758670,
      "q" : "8910",
      "p" : "0.013756",
      "s" : "sell",
      "i" : "RVN_USD",
      "m" : "4611686018429796967"
    }, {
      "d" : "1756427494914185752",
      "t" : 1756427494914,
      "tn" : 1756427494914185752,
      "q" : "7800",
      "p" : "0.013764",
      "s" : "buy",
      "i" : "RVN_USD",
      "m" : "4611686018429796966"
    }, {
      "d" : "1756427494912067989",
      "t" : 1756427494912,
      "tn" : 1756427494912067989,
      "q" : "1110",
      "p" : "0.013764",
      "s" : "buy",
      "i" : "RVN_USD",
      "m" : "4611686018429796965"
    }, {
      "d" : "1756427494912066452",
      "t" : 1756427494912,
      "tn" : 1756427494912066452,
      "q" : "3600",
      "p" : "0.013763",
      "s" : "buy",
      "i" : "RVN_USD",
      "m" : "4611686018429796964"
    }, {
      "d" : "1756427480362773597",
      "t" : 1756427480362,
      "tn" : 1756427480362773597,
      "q" : "850",
      "p" : "0.013764",
      "s" : "buy",
      "i" : "RVN_USD",
      "m" : "4611686018429796963"
    }, {
      "d" : "1756427480313265704",
      "t" : 1756427480313,
      "tn" : 1756427480313265704,
      "q" : "6350",
      "p" : "0.013764",
      "s" : "buy",
      "i" : "RVN_USD",
      "m" : "4611686018429796962"
    }, {
      "d" : "1756427255320709512",
      "t" : 1756427255320,
      "tn" : 1756427255320709512,
      "q" : "33020",
      "p" : "0.013719",
      "s" : "sell",
      "i" : "RVN_USD",
      "m" : "4611686018429796961"
    }, {
      "d" : "1756427253240427812",
      "t" : 1756427253240,
      "tn" : 1756427253240427812,
      "q" : "26140",
      "p" : "0.013718",
      "s" : "buy",
      "i" : "RVN_USD",
      "m" : "4611686018429796960"
    }, {
      "d" : "1756427253238136145",
      "t" : 1756427253238,
      "tn" : 1756427253238136145,
      "q" : "64860",
      "p" : "0.013718",
      "s" : "sell",
      "i" : "RVN_USD",
      "m" : "4611686018429796959"
    }, {
      "d" : "1756427251134920596",
      "t" : 1756427251134,
      "tn" : 1756427251134920596,
      "q" : "19580",
      "p" : "0.013719",
      "s" : "buy",
      "i" : "RVN_USD",
      "m" : "4611686018429796958"
    }, {
      "d" : "1756427251134226617",
      "t" : 1756427251134,
      "tn" : 1756427251134226617,
      "q" : "6560",
      "p" : "0.013719",
      "s" : "buy",
      "i" : "RVN_USD",
      "m" : "4611686018429796957"
    }, {
      "d" : "1756427251130602406",
      "t" : 1756427251130,
      "tn" : 1756427251130602406,
      "q" : "64860",
      "p" : "0.013719",
      "s" : "sell",
      "i" : "RVN_USD",
      "m" : "4611686018429796956"
    }, {
      "d" : "1756427248996028271",
      "t" : 1756427248996,
      "tn" : 1756427248996028271,
      "q" : "33060",
      "p" : "0.013740",
      "s" : "buy",
      "i" : "RVN_USD",
      "m" : "4611686018429796955"
    }, {
      "d" : "1756427248992715807",
      "t" : 1756427248992,
      "tn" : 1756427248992715806,
      "q" : "50710",
      "p" : "0.013740",
      "s" : "sell",
      "i" : "RVN_USD",
      "m" : "4611686018429796954"
    } ]
  }
}