{
  "id" : -1,
  "method" : "public/get-trades",
  "code" : 0,
  "result" : {
    "data" : [ {
      "d" : "1756430751273240902",
      "t" : 1756430751273,
      "tn" : 1756430751273240902,
      "q" : "7340",
      "p" : "0.013613",
      "s" : "buy",
      "i" : "RVNUSD-PERP",
      "m" : "4611686018430095959"
    }, {
      "d" : "1756422881188219385",
      "t" : 1756422881188,
      "tn" : 1756422881188219385,
      "q" : "11080",
      "p" : "0.013786",
      "s" : "buy",
      "i" : "RVNUSD-PERP",
      "m" : "4611686018430095958"
    }, {
      "d" : "1756422881178264229",
      "t" : 1756422881178,
      "tn" : 1756422881178264229,
      "q" : "26770",
      "p" : "0.013786",
      "s" : "buy",
      "i" : "RVNUSD-PERP",
      "m" : "4611686018430095957"
    }, {
      "d" : "1756422881079778365",
      "t" : 1756422881079,
      "tn" : 1756422881079778365,
      "q" : "19140",
      "p" : "0.013786",
      "s" : "buy",
      "i" : "RVNUSD-PERP",
      "m" : "4611686018430095956"
    }, {
      "d" : "1756422881078741855",
      "t" : 1756422881078,
      "tn" : 1756422881078741855,
      "q" : "9760",
      "p" : "0.013786",
      "s" : "buy",
      "i" : "RVNUSD-PERP",
      "m" : "4611686018430095955"
    }, {
      "d" : "1756422881074840103",
      "t" : 1756422881074,
      "tn" : 1756422881074840103,
      "q" : "23040",
      "p" : "0.013786",
      "s" : "buy",
      "i" : "RVNUSD-PERP",
      "m" : "4611686018430095954"
    }, {
      "d" : "1756411195300239110",
      "t" : 1756411195300,
      "tn" : 1756411195300239110,
      "q" : "10",
      "p" : "0.013581",
      "s" : "buy",
      "i" : "RVNUSD-PERP",
      "m" : "4611686018430095953"
    }, {
      "d" : "1756411135368867879",
      "t" : 1756411135368,
      "tn" : 1756411135368867879,
      "q" : "10",
      "p" : "0.013601",
      "s" : "buy",
      "i" : "RVNUSD-PERP",
      "m" : "4611686018430095952"
    }, {
      "d" : "1756411075003144116",
      "t" : 1756411075003,
      "tn" : 1756411075003144116,
      "q" : "10",
      "p" : "0.013601",
      "s" : "buy",
      "i" : "RVNUSD-PERP",
      "m" : "4611686018430095951"
    }, {
      "d" : "1756411015260757635",
      "t" : 1756411015260,
      "tn" : 1756411015260757635,
      "q" : "10",
      "p" : "0.013601",
      "s" : "buy",
      "i" : "RVNUSD-PERP",
      "m" : "4611686018430095950"
    }, {
      "d" : "1756410955105045182",
      "t" : 1756410955105,
      "tn" : 1756410955105045182,
      "q" : "10",
      "p" : "0.013611",
      "s" : "buy",
      "i" : "RVNUSD-PERP",
      "m" : "4611686018430095949"
    }, {
      "d" : "1756410715285907846",
      "t" : 1756410715285,
      "tn" : 1756410715285907846,
      "q" : "10",
      "p" : "0.013621",
      "s" : "buy",
      "i" : "RVNUSD-PERP",
      "m" : "4611686018430095948"
    }, {
      "d" : "1756410655098392583",
      "t" : 1756410655098,
      "tn" : 1756410655098392583,
      "q" : "10",
      "p" : "0.013621",
      "s" : "buy",
      "i" : "RVNUSD-PERP",
      "m" : "4611686018430095947"
    }, {
      "d" : "1756388636666063912",
      "t" : 1756388636666,
      "tn" : 1756388636666063912,
      "q" : "10",
      "p" : "0.013801",
      "s" : "buy",
      "i" : "RVNUSD-PERP",
      "m" : "4611686018430095946"
    }, {
      "d" : "1756388595077732225",
      "t" : 1756388595077,
      "tn" : 1756388595077732225,
      "q" : "10780",
      "p" : "0.013832",
      "s" : "sell",
      "i" : "RVNUSD-PERP",
      "m" : "4611686018430095945"
    }, {
      "d" : "1756388595042474792",
      "t" : 1756388595042,
      "tn" : 1756388595042474792,
      "q" : "10010",
      "p" : "0.013832",
      "s" : "sell",
      "i" : "RVNUSD-PERP",
      "m" : "4611686018430095944"
    }, {
      "d" : "1756388595020192499",
      "t" : 1756388595020,
      "tn" : 1756388595020192499,
      "q" : "32090",
      "p" : "0.013832",
      "s" : "sell",
      "i" : "RVNUSD-PERP",
      "m" : "4611686018430095943"
    }, {
      "d" : "1756388403151473864",
      "t" : 1756388403151,
      "tn" : 1756388403151473864,
      "q" : "10",
      "p" : "0.013821",
      "s" : "buy",
      "i" : "RVNUSD-PERP",
      "m" : "4611686018430095942"
    }, {
      "d" : "1756388147686399456",
      "t" : 1756388147686,
      "tn" : 1756388147686399456,
      "q" : "20720",
      "p" : "0.013832",
      "s" : "sell",
      "i" : "RVNUSD-PERP",
      "m" : "4611686018430095941"
    }, {
      "d" : "1756388147682023766",
      "t" : 1756388147682,
      "tn" : 1756388147682023766,
      "q" : "3610",
      "p" : "0.013818",
      "s" : "buy",
      "i" : "RVNUSD-PERP",
      "m" : "4611686018430095940"
    }, {
      "d" : "1756388147682022064",
      "t" : 1756388147682,
      "tn" : 1756388147682022064,
      "q" : "10",
      "p" : "0.013815",
      "s" : "buy",
      "i" : "RVNUSD-PERP",
      "m" : "4611686018430095939"
    }, {
      "d" : "1756388147668629725",
      "t" : 1756388147668,
      "tn" : 1756388147668629725,
      "q" : "23640",
      "p" : "0.013832",
      "s" : "sell",
      "i" : "RVNUSD-PERP",
      "m" : "4611686018430095938"
    }, {
      "d" : "1756387918680917815",
      "t" : 1756387918680,
      "tn" : 1756387918680917815,
      "q" : "10",
      "p" : "0.013851",
      "s" : "buy",
      "i" : "RVNUSD-PERP",
      "m" : "4611686018430095937"
    }, {
      "d" : "1756387914566136576",
      "t" : 1756387914566,
      "tn" : 1756387914566136576,
      "q" : "11190",
      "p" : "0.013872",
      "s" : "sell",
      "i" : "RVNUSD-PERP",
      "m" : "4611686018430095936"
    }, {
      "d" : "1756387889140389869",
      "t" : 1756387889140,
      "tn" : 1756387889140389869,
      "q" : "10",
      "p" : "0.013861",
      "s" : "buy",
      "i" : "RVNUSD-PERP",
      "m" : "4611686018430095935"
    }, {
      "d" : "1756385882540904729",
      "t" : 1756385882540,
      "tn" : 1756385882540904729,
      "q" : "10",
      "p" : "0.013801",
      "s" : "buy",
      "i" : "RVNUSD-PERP",
      "m" : "4611686018430095934"
    }, {
      "d" : "1756383002119773870",
      "t" : 1756383002119,
      "tn" : 1756383002119773870,
      "q" : "10",
      "p" : "0.013861",
      "s" : "buy",
      "i" : "RVNUSD-PERP",
      "m" : "4611686018430095933"
    }, {
      "d" : "1756382433002261191",
      "t" : 1756382433002,
      "tn" : 1756382433002261191,
      "q" : "10",
      "p" : "0.013841",
      "s" : "buy",
      "i" : "RVNUSD-PERP",
      "m" : "4611686018430095932"
    }, {
      "d" : "1756380976631707067",
      "t" : 1756380976631,
      "tn" : 1756380976631707067,
      "q" : "10",
      "p" : "0.013811",
      "s" : "buy",
      "i" : "RVNUSD-PERP",
      "m" : "4611686018430095931"
    }, {
      "d" : "1756377271770835179",
      "t" : 1756377271770,
      "tn" : 1756377271770835179,
      "q" : "7070",
      "p" : "0.013792",
      "s" : "sell",
      "i" : "RVNUSD-PERP",
      "m" : "4611686018430095930"
    }, {
      "d" : "1756376023665726279",
      "t" : 1756376023665,
      "tn" : 1756376023665726279,
      "q" : "1630",
      "p" : "0.013793",
      "s" : "sell",
      "i" : "RVNUSD-PERP",
      "m" : "4611686018430095929"
    } ]
  }
}