{
  "id" : -1,
  "method" : "public/get-trades",
  "code" : 0,
  "result" : {
    "data" : [ {
      "d" : "1756462065822737302",
      "t" : 1756462065822,
      "tn" : 1756462065822737302,
      "q" : "3.7",
      "p" : "0.31810",
      "s" : "buy",
      "i" : "S_USD",
      "m" : "4611686018428042950"
    }, {
      "d" : "1756461774863034815",
      "t" : 1756461774863,
      "tn" : 1756461774863034815,
      "q" : "3.7",
      "p" : "0.31720",
      "s" : "buy",
      "i" : "S_USD",
      "m" : "4611686018428042949"
    }, {
      "d" : "1756461636867485052",
      "t" : 1756461636867,
      "tn" : 1756461636867485052,
      "q" : "242.6",
      "p" : "0.31642",
      "s" : "buy",
      "i" : "S_USD",
      "m" : "4611686018428042948"
    }, {
      "d" : "1756461636867481526",
      "t" : 1756461636867,
      "tn" : 1756461636867481526,
      "q" : "3.8",
      "p" : "0.31631",
      "s" : "buy",
      "i" : "S_USD",
      "m" : "4611686018428042947"
    }, {
      "d" : "1756461636063784163",
      "t" : 1756461636063,
      "tn" : 1756461636063784163,
      "q" : "3.8",
      "p" : "0.31631",
      "s" : "buy",
      "i" : "S_USD",
      "m" : "4611686018428042946"
    }, {
      "d" : "1756461635523089078",
      "t" : 1756461635523,
      "tn" : 1756461635523089078,
      "q" : "3.8",
      "p" : "0.31631",
      "s" : "buy",
      "i" : "S_USD",
      "m" : "4611686018428042945"
    }, {
      "d" : "1756461635221538437",
      "t" : 1756461635221,
      "tn" : 1756461635221538437,
      "q" : "3.8",
      "p" : "0.31631",
      "s" : "buy",
      "i" : "S_USD",
      "m" : "4611686018428042944"
    }, {
      "d" : "1756461633560479795",
      "t" : 1756461633560,
      "tn" : 1756461633560479795,
      "q" : "3.8",
      "p" : "0.31631",
      "s" : "buy",
      "i" : "S_USD",
      "m" : "4611686018428042943"
    }, {
      "d" : "1756461633272650787",
      "t" : 1756461633272,
      "tn" : 1756461633272650787,
      "q" : "3.8",
      "p" : "0.31631",
      "s" : "buy",
      "i" : "S_USD",
      "m" : "4611686018428042942"
    }, {
      "d" : "1756461623041640029",
      "t" : 1756461623041,
      "tn" : 1756461623041640029,
      "q" : "3.8",
      "p" : "0.31641",
      "s" : "buy",
      "i" : "S_USD",
      "m" : "4611686018428042941"
    }, {
      "d" : "1756461622984044530",
      "t" : 1756461622984,
      "tn" : 1756461622984044530,
      "q" : "3.8",
      "p" : "0.31641",
      "s" : "buy",
      "i" : "S_USD",
      "m" : "4611686018428042940"
    }, {
      "d" : "1756461622941754587",
      "t" : 1756461622941,
      "tn" : 1756461622941754587,
      "q" : "3.8",
      "p" : "0.31641",
      "s" : "buy",
      "i" : "S_USD",
      "m" : "4611686018428042939"
    }, {
      "d" : "1756461622841700600",
      "t" : 1756461622841,
      "tn" : 1756461622841700600,
      "q" : "3.8",
      "p" : "0.31641",
      "s" : "buy",
      "i" : "S_USD",
      "m" : "4611686018428042938"
    }, {
      "d" : "1756461622811617788",
      "t" : 1756461622811,
      "tn" : 1756461622811617788,
      "q" : "3.8",
      "p" : "0.31641",
      "s" : "buy",
      "i" : "S_USD",
      "m" : "4611686018428042937"
    }, {
      "d" : "1756461622673752557",
      "t" : 1756461622673,
      "tn" : 1756461622673752557,
      "q" : "3.8",
      "p" : "0.31641",
      "s" : "buy",
      "i" : "S_USD",
      "m" : "4611686018428042936"
    }, {
      "d" : "1756461616135939833",
      "t" : 1756461616135,
      "tn" : 1756461616135939833,
      "q" : "3.8",
      "p" : "0.31641",
      "s" : "buy",
      "i" : "S_USD",
      "m" : "4611686018428042935"
    }, {
      "d" : "1756461611736017518",
      "t" : 1756461611736,
      "tn" : 1756461611736017518,
      "q" : "3.8",
      "p" : "0.31641",
      "s" : "buy",
      "i" : "S_USD",
      "m" : "4611686018428042934"
    }, {
      "d" : "1756461611521329463",
      "t" : 1756461611521,
      "tn" : 1756461611521329463,
      "q" : "3.8",
      "p" : "0.31641",
      "s" : "buy",
      "i" : "S_USD",
      "m" : "4611686018428042933"
    }, {
      "d" : "1756461611364935181",
      "t" : 1756461611364,
      "tn" : 1756461611364935181,
      "q" : "3.8",
      "p" : "0.31641",
      "s" : "buy",
      "i" : "S_USD",
      "m" : "4611686018428042932"
    }, {
      "d" : "1756461611044257541",
      "t" : 1756461611044,
      "tn" : 1756461611044257541,
      "q" : "3.8",
      "p" : "0.31641",
      "s" : "buy",
      "i" : "S_USD",
      "m" : "4611686018428042931"
    }, {
      "d" : "1756461611015918541",
      "t" : 1756461611015,
      "tn" : 1756461611015918541,
      "q" : "3.8",
      "p" : "0.31641",
      "s" : "buy",
      "i" : "S_USD",
      "m" : "4611686018428042930"
    }, {
      "d" : "1756461610953781685",
      "t" : 1756461610953,
      "tn" : 1756461610953781685,
      "q" : "3.8",
      "p" : "0.31641",
      "s" : "buy",
      "i" : "S_USD",
      "m" : "4611686018428042929"
    }, {
      "d" : "1756461610890328165",
      "t" : 1756461610890,
      "tn" : 1756461610890328165,
      "q" : "3.8",
      "p" : "0.31641",
      "s" : "buy",
      "i" : "S_USD",
      "m" : "4611686018428042928"
    }, {
      "d" : "1756461610768571681",
      "t" : 1756461610768,
      "tn" : 1756461610768571681,
      "q" : "3.8",
      "p" : "0.31641",
      "s" : "buy",
      "i" : "S_USD",
      "m" : "4611686018428042927"
    }, {
      "d" : "1756461610523013237",
      "t" : 1756461610523,
      "tn" : 1756461610523013237,
      "q" : "3.8",
      "p" : "0.31641",
      "s" : "buy",
      "i" : "S_USD",
      "m" : "4611686018428042926"
    }, {
      "d" : "1756461610240971237",
      "t" : 1756461610240,
      "tn" : 1756461610240971237,
      "q" : "3.8",
      "p" : "0.31641",
      "s" : "buy",
      "i" : "S_USD",
      "m" : "4611686018428042925"
    }, {
      "d" : "1756461610040605681",
      "t" : 1756461610040,
      "tn" : 1756461610040605681,
      "q" : "3.8",
      "p" : "0.31641",
      "s" : "buy",
      "i" : "S_USD",
      "m" : "4611686018428042924"
    }, {
      "d" : "1756461609940391414",
      "t" : 1756461609940,
      "tn" : 1756461609940391414,
      "q" : "3.8",
      "p" : "0.31641",
      "s" : "buy",
      "i" : "S_USD",
      "m" : "4611686018428042923"
    }, {
      "d" : "1756461609840237707",
      "t" : 1756461609840,
      "tn" : 1756461609840237707,
      "q" : "3.8",
      "p" : "0.31641",
      "s" : "buy",
      "i" : "S_USD",
      "m" : "4611686018428042922"
    }, {
      "d" : "1756461609740294765",
      "t" : 1756461609740,
      "tn" : 1756461609740294765,
      "q" : "3.8",
      "p" : "0.31641",
      "s" : "buy",
      "i" : "S_USD",
      "m" : "4611686018428042921"
    }, {
      "d" : "1756461609709306774",
      "t" : 1756461609709,
      "tn" : 1756461609709306774,
      "q" : "3.8",
      "p" : "0.31641",
      "s" : "buy",
      "i" : "S_USD",
      "m" : "4611686018428042920"
    }, {
      "d" : "1756461609583835050",
      "t" : 1756461609583,
      "tn" : 1756461609583835050,
      "q" : "3.8",
      "p" : "0.31641",
      "s" : "buy",
      "i" : "S_USD",
      "m" : "4611686018428042919"
    }, {
      "d" : "1756461608885866152",
      "t" : 1756461608885,
      "tn" : 1756461608885866152,
      "q" : "3.8",
      "p" : "0.31641",
      "s" : "buy",
      "i" : "S_USD",
      "m" : "4611686018428042918"
    }, {
      "d" : "1756461608778780218",
      "t" : 1756461608778,
      "tn" : 1756461608778780218,
      "q" : "3.8",
      "p" : "0.31641",
      "s" : "buy",
      "i" : "S_USD",
      "m" : "4611686018428042917"
    }, {
      "d" : "1756461608575875134",
      "t" : 1756461608575,
      "tn" : 1756461608575875134,
      "q" : "3.8",
      "p" : "0.31641",
      "s" : "buy",
      "i" : "S_USD",
      "m" : "4611686018428042916"
    }, {
      "d" : "1756461608445402651",
      "t" : 1756461608445,
      "tn" : 1756461608445402651,
      "q" : "3.8",
      "p" : "0.31641",
      "s" : "buy",
      "i" : "S_USD",
      "m" : "4611686018428042915"
    }, {
      "d" : "1756461608305134943",
      "t" : 1756461608305,
      "tn" : 1756461608305134943,
      "q" : "3.8",
      "p" : "0.31641",
      "s" : "buy",
      "i" : "S_USD",
      "m" : "4611686018428042914"
    }, {
      "d" : "1756461607165419979",
      "t" : 1756461607165,
      "tn" : 1756461607165419979,
      "q" : "3.8",
      "p" : "0.31640",
      "s" : "buy",
      "i" : "S_USD",
      "m" : "4611686018428042913"
    }, {
      "d" : "1756461607155340806",
      "t" : 1756461607155,
      "tn" : 1756461607155340806,
      "q" : "3.8",
      "p" : "0.31640",
      "s" : "buy",
      "i" : "S_USD",
      "m" : "4611686018428042912"
    }, {
      "d" : "1756461607141932748",
      "t" : 1756461607141,
      "tn" : 1756461607141932748,
      "q" : "3.8",
      "p" : "0.31640",
      "s" : "buy",
      "i" : "S_USD",
      "m" : "4611686018428042911"
    }, {
      "d" : "1756461607040634054",
      "t" : 1756461607040,
      "tn" : 1756461607040634054,
      "q" : "3.8",
      "p" : "0.31640",
      "s" : "buy",
      "i" : "S_USD",
      "m" : "4611686018428042910"
    }, {
      "d" : "1756461606276108049",
      "t" : 1756461606276,
      "tn" : 1756461606276108049,
      "q" : "3.8",
      "p" : "0.31631",
      "s" : "buy",
      "i" : "S_USD",
      "m" : "4611686018428042909"
    }, {
      "d" : "1756461606242729174",
      "t" : 1756461606242,
      "tn" : 1756461606242729174,
      "q" : "3.8",
      "p" : "0.31631",
      "s" : "buy",
      "i" : "S_USD",
      "m" : "4611686018428042908"
    }, {
      "d" : "1756461605940825494",
      "t" : 1756461605940,
      "tn" : 1756461605940825494,
      "q" : "3.8",
      "p" : "0.31631",
      "s" : "buy",
      "i" : "S_USD",
      "m" : "4611686018428042907"
    }, {
      "d" : "1756461605840696818",
      "t" : 1756461605840,
      "tn" : 1756461605840696818,
      "q" : "3.8",
      "p" : "0.31631",
      "s" : "buy",
      "i" : "S_USD",
      "m" : "4611686018428042906"
    }, {
      "d" : "1756461605740552845",
      "t" : 1756461605740,
      "tn" : 1756461605740552845,
      "q" : "3.8",
      "p" : "0.31631",
      "s" : "buy",
      "i" : "S_USD",
      "m" : "4611686018428042905"
    }, {
      "d" : "1756461605625972738",
      "t" : 1756461605625,
      "tn" : 1756461605625972738,
      "q" : "3.8",
      "p" : "0.31631",
      "s" : "buy",
      "i" : "S_USD",
      "m" : "4611686018428042904"
    }, {
      "d" : "1756461604926430367",
      "t" : 1756461604926,
      "tn" : 1756461604926430367,
      "q" : "3.8",
      "p" : "0.31630",
      "s" : "buy",
      "i" : "S_USD",
      "m" : "4611686018428042903"
    }, {
      "d" : "1756461601332371301",
      "t" : 1756461601332,
      "tn" : 1756461601332371301,
      "q" : "1130.0",
      "p" : "0.31662",
      "s" : "sell",
      "i" : "S_USD",
      "m" : "4611686018428042902"
    }, {
      "d" : "1756461546971604917",
      "t" : 1756461546971,
      "tn" : 1756461546971604917,
      "q" : "3.8",
      "p" : "0.31670",
      "s" : "buy",
      "i" : "S_USD",
      "m" : "4611686018428042901"
    }, {
      "d" : "1756461546941669090",
      "t" : 1756461546941,
      "tn" : 1756461546941669090,
      "q" : "3.8",
      "p" : "0.31670",
      "s" : "buy",
      "i" : "S_USD",
      "m" : "4611686018428042900"
    }, {
      "d" : "1756461546641569121",
      "t" : 1756461546641,
      "tn" : 1756461546641569121,
      "q" : "3.8",
      "p" : "0.31670",
      "s" : "buy",
      "i" : "S_USD",
      "m" : "4611686018428042899"
    }, {
      "d" : "1756461546556386827",
      "t" : 1756461546556,
      "tn" : 1756461546556386827,
      "q" : "3.8",
      "p" : "0.31670",
      "s" : "buy",
      "i" : "S_USD",
      "m" : "4611686018428042898"
    }, {
      "d" : "1756461546541387602",
      "t" : 1756461546541,
      "tn" : 1756461546541387602,
      "q" : "3.8",
      "p" : "0.31670",
      "s" : "buy",
      "i" : "S_USD",
      "m" : "4611686018428042897"
    }, {
      "d" : "1756461546521216887",
      "t" : 1756461546521,
      "tn" : 1756461546521216887,
      "q" : "3.8",
      "p" : "0.31670",
      "s" : "buy",
      "i" : "S_USD",
      "m" : "4611686018428042896"
    }, {
      "d" : "1756461546485940876",
      "t" : 1756461546485,
      "tn" : 1756461546485940876,
      "q" : "3.8",
      "p" : "0.31670",
      "s" : "buy",
      "i" : "S_USD",
      "m" : "4611686018428042895"
    }, {
      "d" : "1756461545523306750",
      "t" : 1756461545523,
      "tn" : 1756461545523306750,
      "q" : "3.8",
      "p" : "0.31670",
      "s" : "buy",
      "i" : "S_USD",
      "m" : "4611686018428042894"
    }, {
      "d" : "1756461545110928508",
      "t" : 1756461545110,
      "tn" : 1756461545110928508,
      "q" : "3.8",
      "p" : "0.31670",
      "s" : "buy",
      "i" : "S_USD",
      "m" : "4611686018428042893"
    }, {
      "d" : "1756461542541098613",
      "t" : 1756461542541,
      "tn" : 1756461542541098613,
      "q" : "3.8",
      "p" : "0.31670",
      "s" : "buy",
      "i" : "S_USD",
      "m" : "4611686018428042892"
    }, {
      "d" : "1756461542520118551",
      "t" : 1756461542520,
      "tn" : 1756461542520118551,
      "q" : "3.8",
      "p" : "0.31670",
      "s" : "buy",
      "i" : "S_USD",
      "m" : "4611686018428042891"
    }, {
      "d" : "1756461542342561608",
      "t" : 1756461542342,
      "tn" : 1756461542342561608,
      "q" : "3.8",
      "p" : "0.31670",
      "s" : "buy",
      "i" : "S_USD",
      "m" : "4611686018428042890"
    }, {
      "d" : "1756461541642738315",
      "t" : 1756461541642,
      "tn" : 1756461541642738315,
      "q" : "3.8",
      "p" : "0.31670",
      "s" : "buy",
      "i" : "S_USD",
      "m" : "4611686018428042889"
    }, {
      "d" : "1756461541550893075",
      "t" : 1756461541550,
      "tn" : 1756461541550893075,
      "q" : "3.8",
      "p" : "0.31670",
      "s" : "buy",
      "i" : "S_USD",
      "m" : "4611686018428042888"
    }, {
      "d" : "1756461541542522965",
      "t" : 1756461541542,
      "tn" : 1756461541542522965,
      "q" : "3.8",
      "p" : "0.31670",
      "s" : "buy",
      "i" : "S_USD",
      "m" : "4611686018428042887"
    }, {
      "d" : "1756461541521293968",
      "t" : 1756461541521,
      "tn" : 1756461541521293968,
      "q" : "3.8",
      "p" : "0.31670",
      "s" : "buy",
      "i" : "S_USD",
      "m" : "4611686018428042886"
    }, {
      "d" : "1756461541236131450",
      "t" : 1756461541236,
      "tn" : 1756461541236131450,
      "q" : "3.8",
      "p" : "0.31670",
      "s" : "buy",
      "i" : "S_USD",
      "m" : "4611686018428042885"
    }, {
      "d" : "1756461534140178381",
      "t" : 1756461534140,
      "tn" : 1756461534140178381,
      "q" : "3.8",
      "p" : "0.31661",
      "s" : "buy",
      "i" : "S_USD",
      "m" : "4611686018428042884"
    }, {
      "d" : "1756461533942566117",
      "t" : 1756461533942,
      "tn" : 1756461533942566117,
      "q" : "3.8",
      "p" : "0.31661",
      "s" : "buy",
      "i" : "S_USD",
      "m" : "4611686018428042883"
    }, {
      "d" : "1756461533652060372",
      "t" : 1756461533652,
      "tn" : 1756461533652060372,
      "q" : "3.8",
      "p" : "0.31661",
      "s" : "buy",
      "i" : "S_USD",
      "m" : "4611686018428042882"
    }, {
      "d" : "1756461533570740113",
      "t" : 1756461533570,
      "tn" : 1756461533570740113,
      "q" : "3.8",
      "p" : "0.31661",
      "s" : "buy",
      "i" : "S_USD",
      "m" : "4611686018428042881"
    }, {
      "d" : "1756461532741911904",
      "t" : 1756461532741,
      "tn" : 1756461532741911904,
      "q" : "3.8",
      "p" : "0.31661",
      "s" : "buy",
      "i" : "S_USD",
      "m" : "4611686018428042880"
    }, {
      "d" : "1756461532655783091",
      "t" : 1756461532655,
      "tn" : 1756461532655783091,
      "q" : "3.8",
      "p" : "0.31661",
      "s" : "buy",
      "i" : "S_USD",
      "m" : "4611686018428042879"
    }, {
      "d" : "1756461472329771973",
      "t" : 1756461472329,
      "tn" : 1756461472329771973,
      "q" : "3.8",
      "p" : "0.31690",
      "s" : "buy",
      "i" : "S_USD",
      "m" : "4611686018428042878"
    }, {
      "d" : "1756461469074909301",
      "t" : 1756461469074,
      "tn" : 1756461469074909301,
      "q" : "3.8",
      "p" : "0.31690",
      "s" : "buy",
      "i" : "S_USD",
      "m" : "4611686018428042877"
    }, {
      "d" : "1756461468975565762",
      "t" : 1756461468975,
      "tn" : 1756461468975565762,
      "q" : "3.8",
      "p" : "0.31690",
      "s" : "buy",
      "i" : "S_USD",
      "m" : "4611686018428042876"
    }, {
      "d" : "1756461454521246636",
      "t" : 1756461454521,
      "tn" : 1756461454521246636,
      "q" : "3.8",
      "p" : "0.31681",
      "s" : "buy",
      "i" : "S_USD",
      "m" : "4611686018428042875"
    }, {
      "d" : "1756461453835764552",
      "t" : 1756461453835,
      "tn" : 1756461453835764552,
      "q" : "3.8",
      "p" : "0.31681",
      "s" : "buy",
      "i" : "S_USD",
      "m" : "4611686018428042874"
    }, {
      "d" : "1756461453523077749",
      "t" : 1756461453523,
      "tn" : 1756461453523077749,
      "q" : "3.8",
      "p" : "0.31681",
      "s" : "buy",
      "i" : "S_USD",
      "m" : "4611686018428042873"
    }, {
      "d" : "1756461453141739872",
      "t" : 1756461453141,
      "tn" : 1756461453141739872,
      "q" : "3.8",
      "p" : "0.31681",
      "s" : "buy",
      "i" : "S_USD",
      "m" : "4611686018428042872"
    }, {
      "d" : "1756461453111712713",
      "t" : 1756461453111,
      "tn" : 1756461453111712713,
      "q" : "3.8",
      "p" : "0.31681",
      "s" : "buy",
      "i" : "S_USD",
      "m" : "4611686018428042871"
    }, {
      "d" : "1756461452941512596",
      "t" : 1756461452941,
      "tn" : 1756461452941512596,
      "q" : "3.8",
      "p" : "0.31681",
      "s" : "buy",
      "i" : "S_USD",
      "m" : "4611686018428042870"
    }, {
      "d" : "1756461452641014959",
      "t" : 1756461452641,
      "tn" : 1756461452641014959,
      "q" : "3.8",
      "p" : "0.31683",
      "s" : "buy",
      "i" : "S_USD",
      "m" : "4611686018428042869"
    }, {
      "d" : "1756461452520772140",
      "t" : 1756461452520,
      "tn" : 1756461452520772140,
      "q" : "3.8",
      "p" : "0.31683",
      "s" : "buy",
      "i" : "S_USD",
      "m" : "4611686018428042868"
    }, {
      "d" : "1756461451523036764",
      "t" : 1756461451523,
      "tn" : 1756461451523036764,
      "q" : "3.8",
      "p" : "0.31681",
      "s" : "buy",
      "i" : "S_USD",
      "m" : "4611686018428042867"
    }, {
      "d" : "1756461451140744891",
      "t" : 1756461451140,
      "tn" : 1756461451140744891,
      "q" : "3.8",
      "p" : "0.31681",
      "s" : "buy",
      "i" : "S_USD",
      "m" : "4611686018428042866"
    }, {
      "d" : "1756461451041002812",
      "t" : 1756461451041,
      "tn" : 1756461451041002812,
      "q" : "3.8",
      "p" : "0.31681",
      "s" : "buy",
      "i" : "S_USD",
      "m" : "4611686018428042865"
    }, {
      "d" : "1756461450860718543",
      "t" : 1756461450860,
      "tn" : 1756461450860718543,
      "q" : "3.8",
      "p" : "0.31681",
      "s" : "buy",
      "i" : "S_USD",
      "m" : "4611686018428042864"
    }, {
      "d" : "1756461450540391855",
      "t" : 1756461450540,
      "tn" : 1756461450540391855,
      "q" : "3.8",
      "p" : "0.31681",
      "s" : "buy",
      "i" : "S_USD",
      "m" : "4611686018428042863"
    }, {
      "d" : "1756461450520232908",
      "t" : 1756461450520,
      "tn" : 1756461450520232908,
      "q" : "3.8",
      "p" : "0.31681",
      "s" : "buy",
      "i" : "S_USD",
      "m" : "4611686018428042862"
    }, {
      "d" : "1756461450444680113",
      "t" : 1756461450444,
      "tn" : 1756461450444680113,
      "q" : "3.8",
      "p" : "0.31681",
      "s" : "buy",
      "i" : "S_USD",
      "m" : "4611686018428042861"
    }, {
      "d" : "1756461449640694125",
      "t" : 1756461449640,
      "tn" : 1756461449640694125,
      "q" : "3.8",
      "p" : "0.31681",
      "s" : "buy",
      "i" : "S_USD",
      "m" : "4611686018428042860"
    }, {
      "d" : "1756461449542235588",
      "t" : 1756461449542,
      "tn" : 1756461449542235588,
      "q" : "3.8",
      "p" : "0.31681",
      "s" : "buy",
      "i" : "S_USD",
      "m" : "4611686018428042859"
    }, {
      "d" : "1756461449521035885",
      "t" : 1756461449521,
      "tn" : 1756461449521035885,
      "q" : "3.8",
      "p" : "0.31681",
      "s" : "buy",
      "i" : "S_USD",
      "m" : "4611686018428042858"
    }, {
      "d" : "1756461449340762378",
      "t" : 1756461449340,
      "tn" : 1756461449340762378,
      "q" : "3.8",
      "p" : "0.31681",
      "s" : "buy",
      "i" : "S_USD",
      "m" : "4611686018428042857"
    }, {
      "d" : "1756461449260963711",
      "t" : 1756461449260,
      "tn" : 1756461449260963711,
      "q" : "3.8",
      "p" : "0.31681",
      "s" : "buy",
      "i" : "S_USD",
      "m" : "4611686018428042856"
    }, {
      "d" : "1756461449240857940",
      "t" : 1756461449240,
      "tn" : 1756461449240857940,
      "q" : "3.8",
      "p" : "0.31681",
      "s" : "buy",
      "i" : "S_USD",
      "m" : "4611686018428042855"
    }, {
      "d" : "1756461449140808466",
      "t" : 1756461449140,
      "tn" : 1756461449140808466,
      "q" : "3.8",
      "p" : "0.31681",
      "s" : "buy",
      "i" : "S_USD",
      "m" : "4611686018428042854"
    }, {
      "d" : "1756461448744639001",
      "t" : 1756461448744,
      "tn" : 1756461448744639001,
      "q" : "3.8",
      "p" : "0.31681",
      "s" : "buy",
      "i" : "S_USD",
      "m" : "4611686018428042853"
    }, {
      "d" : "1756461448524136466",
      "t" : 1756461448524,
      "tn" : 1756461448524136466,
      "q" : "3.8",
      "p" : "0.31681",
      "s" : "buy",
      "i" : "S_USD",
      "m" : "4611686018428042852"
    }, {
      "d" : "1756461448242784528",
      "t" : 1756461448242,
      "tn" : 1756461448242784528,
      "q" : "3.8",
      "p" : "0.31681",
      "s" : "buy",
      "i" : "S_USD",
      "m" : "4611686018428042851"
    }, {
      "d" : "1756461447885796681",
      "t" : 1756461447885,
      "tn" : 1756461447885796681,
      "q" : "3.8",
      "p" : "0.31681",
      "s" : "buy",
      "i" : "S_USD",
      "m" : "4611686018428042850"
    }, {
      "d" : "1756461447760855784",
      "t" : 1756461447760,
      "tn" : 1756461447760855784,
      "q" : "3.8",
      "p" : "0.31681",
      "s" : "buy",
      "i" : "S_USD",
      "m" : "4611686018428042849"
    }, {
      "d" : "1756461447540891861",
      "t" : 1756461447540,
      "tn" : 1756461447540891861,
      "q" : "3.8",
      "p" : "0.31681",
      "s" : "buy",
      "i" : "S_USD",
      "m" : "4611686018428042848"
    }, {
      "d" : "1756461447520954117",
      "t" : 1756461447520,
      "tn" : 1756461447520954117,
      "q" : "3.8",
      "p" : "0.31681",
      "s" : "buy",
      "i" : "S_USD",
      "m" : "4611686018428042847"
    }, {
      "d" : "1756461447340567872",
      "t" : 1756461447340,
      "tn" : 1756461447340567872,
      "q" : "3.8",
      "p" : "0.31681",
      "s" : "buy",
      "i" : "S_USD",
      "m" : "4611686018428042846"
    }, {
      "d" : "1756461447240494481",
      "t" : 1756461447240,
      "tn" : 1756461447240494481,
      "q" : "3.8",
      "p" : "0.31681",
      "s" : "buy",
      "i" : "S_USD",
      "m" : "4611686018428042845"
    }, {
      "d" : "1756461447040281385",
      "t" : 1756461447040,
      "tn" : 1756461447040281385,
      "q" : "3.8",
      "p" : "0.31681",
      "s" : "buy",
      "i" : "S_USD",
      "m" : "4611686018428042844"
    }, {
      "d" : "1756461446954002559",
      "t" : 1756461446954,
      "tn" : 1756461446954002559,
      "q" : "3.8",
      "p" : "0.31681",
      "s" : "buy",
      "i" : "S_USD",
      "m" : "4611686018428042843"
    }, {
      "d" : "1756461444742200325",
      "t" : 1756461444742,
      "tn" : 1756461444742200325,
      "q" : "3.8",
      "p" : "0.31681",
      "s" : "buy",
      "i" : "S_USD",
      "m" : "4611686018428042842"
    }, {
      "d" : "1756461444641825256",
      "t" : 1756461444641,
      "tn" : 1756461444641825256,
      "q" : "3.8",
      "p" : "0.31681",
      "s" : "buy",
      "i" : "S_USD",
      "m" : "4611686018428042841"
    }, {
      "d" : "1756461444523044515",
      "t" : 1756461444523,
      "tn" : 1756461444523044515,
      "q" : "3.8",
      "p" : "0.31681",
      "s" : "buy",
      "i" : "S_USD",
      "m" : "4611686018428042840"
    }, {
      "d" : "1756461443441720754",
      "t" : 1756461443441,
      "tn" : 1756461443441720754,
      "q" : "3.8",
      "p" : "0.31681",
      "s" : "buy",
      "i" : "S_USD",
      "m" : "4611686018428042839"
    }, {
      "d" : "1756461443255425377",
      "t" : 1756461443255,
      "tn" : 1756461443255425377,
      "q" : "3.8",
      "p" : "0.31681",
      "s" : "buy",
      "i" : "S_USD",
      "m" : "4611686018428042838"
    }, {
      "d" : "1756461442971076885",
      "t" : 1756461442971,
      "tn" : 1756461442971076885,
      "q" : "3.8",
      "p" : "0.31681",
      "s" : "buy",
      "i" : "S_USD",
      "m" : "4611686018428042837"
    }, {
      "d" : "1756461442640969034",
      "t" : 1756461442640,
      "tn" : 1756461442640969034,
      "q" : "3.8",
      "p" : "0.31681",
      "s" : "buy",
      "i" : "S_USD",
      "m" : "4611686018428042836"
    }, {
      "d" : "1756461442580165741",
      "t" : 1756461442580,
      "tn" : 1756461442580165741,
      "q" : "3.8",
      "p" : "0.31681",
      "s" : "buy",
      "i" : "S_USD",
      "m" : "4611686018428042835"
    }, {
      "d" : "1756461442040996083",
      "t" : 1756461442040,
      "tn" : 1756461442040996083,
      "q" : "3.8",
      "p" : "0.31681",
      "s" : "buy",
      "i" : "S_USD",
      "m" : "4611686018428042834"
    }, {
      "d" : "1756461441940842609",
      "t" : 1756461441940,
      "tn" : 1756461441940842609,
      "q" : "3.8",
      "p" : "0.31681",
      "s" : "buy",
      "i" : "S_USD",
      "m" : "4611686018428042833"
    }, {
      "d" : "1756461441840643221",
      "t" : 1756461441840,
      "tn" : 1756461441840643221,
      "q" : "3.8",
      "p" : "0.31680",
      "s" : "buy",
      "i" : "S_USD",
      "m" : "4611686018428042832"
    }, {
      "d" : "1756461441820602988",
      "t" : 1756461441820,
      "tn" : 1756461441820602988,
      "q" : "3.8",
      "p" : "0.31680",
      "s" : "buy",
      "i" : "S_USD",
      "m" : "4611686018428042831"
    }, {
      "d" : "1756461441813117292",
      "t" : 1756461441813,
      "tn" : 1756461441813117292,
      "q" : "3.8",
      "p" : "0.31680",
      "s" : "buy",
      "i" : "S_USD",
      "m" : "4611686018428042830"
    }, {
      "d" : "1756461440962269477",
      "t" : 1756461440962,
      "tn" : 1756461440962269477,
      "q" : "3.8",
      "p" : "0.31670",
      "s" : "buy",
      "i" : "S_USD",
      "m" : "4611686018428042829"
    }, {
      "d" : "1756461404609064506",
      "t" : 1756461404609,
      "tn" : 1756461404609064506,
      "q" : "3.8",
      "p" : "0.31660",
      "s" : "buy",
      "i" : "S_USD",
      "m" : "4611686018428042828"
    }, {
      "d" : "1756461401297957535",
      "t" : 1756461401297,
      "tn" : 1756461401297957535,
      "q" : "7.2",
      "p" : "0.31672",
      "s" : "buy",
      "i" : "S_USD",
      "m" : "4611686018428042827"
    }, {
      "d" : "1756461401297953964",
      "t" : 1756461401297,
      "tn" : 1756461401297953964,
      "q" : "3.8",
      "p" : "0.31660",
      "s" : "buy",
      "i" : "S_USD",
      "m" : "4611686018428042826"
    }, {
      "d" : "1756461398274001468",
      "t" : 1756461398274,
      "tn" : 1756461398274001468,
      "q" : "40.1",
      "p" : "0.31672",
      "s" : "buy",
      "i" : "S_USD",
      "m" : "4611686018428042825"
    }, {
      "d" : "1756461398273998497",
      "t" : 1756461398273,
      "tn" : 1756461398273998497,
      "q" : "3.8",
      "p" : "0.31660",
      "s" : "buy",
      "i" : "S_USD",
      "m" : "4611686018428042824"
    }, {
      "d" : "1756461393301662522",
      "t" : 1756461393301,
      "tn" : 1756461393301662522,
      "q" : "171.3",
      "p" : "0.31672",
      "s" : "buy",
      "i" : "S_USD",
      "m" : "4611686018428042823"
    }, {
      "d" : "1756461393301660471",
      "t" : 1756461393301,
      "tn" : 1756461393301660471,
      "q" : "3.8",
      "p" : "0.31660",
      "s" : "buy",
      "i" : "S_USD",
      "m" : "4611686018428042822"
    }, {
      "d" : "1756461389936486583",
      "t" : 1756461389936,
      "tn" : 1756461389936486583,
      "q" : "21.0",
      "p" : "0.31707",
      "s" : "buy",
      "i" : "S_USD",
      "m" : "4611686018428042821"
    }, {
      "d" : "1756461389936483396",
      "t" : 1756461389936,
      "tn" : 1756461389936483396,
      "q" : "430.3",
      "p" : "0.31702",
      "s" : "buy",
      "i" : "S_USD",
      "m" : "4611686018428042820"
    }, {
      "d" : "1756461389936480516",
      "t" : 1756461389936,
      "tn" : 1756461389936480516,
      "q" : "244.0",
      "p" : "0.31672",
      "s" : "buy",
      "i" : "S_USD",
      "m" : "4611686018428042819"
    }, {
      "d" : "1756461389936475429",
      "t" : 1756461389936,
      "tn" : 1756461389936475429,
      "q" : "3.8",
      "p" : "0.31660",
      "s" : "buy",
      "i" : "S_USD",
      "m" : "4611686018428042818"
    }, {
      "d" : "1756460945278787056",
      "t" : 1756460945278,
      "tn" : 1756460945278787056,
      "q" : "179.4",
      "p" : "0.31711",
      "s" : "sell",
      "i" : "S_USD",
      "m" : "4611686018428042817"
    }, {
      "d" : "1756460945278139040",
      "t" : 1756460945278,
      "tn" : 1756460945278139040,
      "q" : "430.4",
      "p" : "0.31711",
      "s" : "sell",
      "i" : "S_USD",
      "m" : "4611686018428042816"
    }, {
      "d" : "1756460945165560105",
      "t" : 1756460945165,
      "tn" : 1756460945165560105,
      "q" : "430.3",
      "p" : "0.31711",
      "s" : "sell",
      "i" : "S_USD",
      "m" : "4611686018428042815"
    }, {
      "d" : "1756460945161972676",
      "t" : 1756460945161,
      "tn" : 1756460945161972676,
      "q" : "99.9",
      "p" : "0.31711",
      "s" : "sell",
      "i" : "S_USD",
      "m" : "4611686018428042814"
    }, {
      "d" : "1756460777746937951",
      "t" : 1756460777746,
      "tn" : 1756460777746937951,
      "q" : "100.0",
      "p" : "0.31658",
      "s" : "buy",
      "i" : "S_USD",
      "m" : "4611686018428042813"
    }, {
      "d" : "1756460777746675709",
      "t" : 1756460777746,
      "tn" : 1756460777746675709,
      "q" : "145.2",
      "p" : "0.31658",
      "s" : "buy",
      "i" : "S_USD",
      "m" : "4611686018428042812"
    }, {
      "d" : "1756460777746673802",
      "t" : 1756460777746,
      "tn" : 1756460777746673802,
      "q" : "3.8",
      "p" : "0.31645",
      "s" : "buy",
      "i" : "S_USD",
      "m" : "4611686018428042811"
    }, {
      "d" : "1756460525434910908",
      "t" : 1756460525434,
      "tn" : 1756460525434910908,
      "q" : "245.7",
      "p" : "0.31609",
      "s" : "buy",
      "i" : "S_USD",
      "m" : "4611686018428042810"
    }, {
      "d" : "1756460525434551880",
      "t" : 1756460525434,
      "tn" : 1756460525434551880,
      "q" : "31.7",
      "p" : "0.31608",
      "s" : "buy",
      "i" : "S_USD",
      "m" : "4611686018428042809"
    }, {
      "d" : "1756460525434549503",
      "t" : 1756460525434,
      "tn" : 1756460525434549503,
      "q" : "3.8",
      "p" : "0.31590",
      "s" : "buy",
      "i" : "S_USD",
      "m" : "4611686018428042808"
    }, {
      "d" : "1756460305679971770",
      "t" : 1756460305679,
      "tn" : 1756460305679971770,
      "q" : "2903.5",
      "p" : "0.31622",
      "s" : "sell",
      "i" : "S_USD",
      "m" : "4611686018428042807"
    }, {
      "d" : "1756460305679683097",
      "t" : 1756460305679,
      "tn" : 1756460305679683097,
      "q" : "1721.2",
      "p" : "0.31622",
      "s" : "sell",
      "i" : "S_USD",
      "m" : "4611686018428042806"
    }, {
      "d" : "1756460305679581694",
      "t" : 1756460305679,
      "tn" : 1756460305679581694,
      "q" : "6835.0",
      "p" : "0.31622",
      "s" : "sell",
      "i" : "S_USD",
      "m" : "4611686018428042805"
    }, {
      "d" : "1756460167130700655",
      "t" : 1756460167130,
      "tn" : 1756460167130700655,
      "q" : "252.9",
      "p" : "0.31602",
      "s" : "sell",
      "i" : "S_USD",
      "m" : "4611686018428042804"
    }, {
      "d" : "1756460080170380240",
      "t" : 1756460080170,
      "tn" : 1756460080170380240,
      "q" : "249.1",
      "p" : "0.31577",
      "s" : "buy",
      "i" : "S_USD",
      "m" : "4611686018428042803"
    }, {
      "d" : "1756460080170377447",
      "t" : 1756460080170,
      "tn" : 1756460080170377447,
      "q" : "3.8",
      "p" : "0.31570",
      "s" : "buy",
      "i" : "S_USD",
      "m" : "4611686018428042802"
    }, {
      "d" : "1756460079698326368",
      "t" : 1756460079698,
      "tn" : 1756460079698326368,
      "q" : "246.5",
      "p" : "0.31591",
      "s" : "sell",
      "i" : "S_USD",
      "m" : "4611686018428042801"
    } ]
  }
}