{
  "id" : -1,
  "method" : "public/get-trades",
  "code" : 0,
  "result" : {
    "data" : [ {
      "d" : "1756458185536667660",
      "t" : 1756458185536,
      "tn" : 1756458185536667660,
      "q" : "1",
      "p" : "0.4312",
      "s" : "sell",
      "i" : "SAFEUSD-PERP",
      "m" : "4611686018428182148"
    }, {
      "d" : "1756452402736690536",
      "t" : 1756452402736,
      "tn" : 1756452402736690536,
      "q" : "1",
      "p" : "0.4390",
      "s" : "sell",
      "i" : "SAFEUSD-PERP",
      "m" : "4611686018428182147"
    }, {
      "d" : "1756451620596827939",
      "t" : 1756451620596,
      "tn" : 1756451620596827939,
      "q" : "1",
      "p" : "0.4416",
      "s" : "sell",
      "i" : "SAFEUSD-PERP",
      "m" : "4611686018428182146"
    }, {
      "d" : "1756451567536768295",
      "t" : 1756451567536,
      "tn" : 1756451567536768295,
      "q" : "1",
      "p" : "0.4422",
      "s" : "sell",
      "i" : "SAFEUSD-PERP",
      "m" : "4611686018428182145"
    }, {
      "d" : "1756445714346684299",
      "t" : 1756445714346,
      "tn" : 1756445714346684299,
      "q" : "1",
      "p" : "0.4506",
      "s" : "sell",
      "i" : "SAFEUSD-PERP",
      "m" : "4611686018428182144"
    }, {
      "d" : "1756445548346752920",
      "t" : 1756445548346,
      "tn" : 1756445548346752920,
      "q" : "1",
      "p" : "0.4509",
      "s" : "sell",
      "i" : "SAFEUSD-PERP",
      "m" : "4611686018428182143"
    }, {
      "d" : "1756445521546644961",
      "t" : 1756445521546,
      "tn" : 1756445521546644961,
      "q" : "1",
      "p" : "0.4512",
      "s" : "sell",
      "i" : "SAFEUSD-PERP",
      "m" : "4611686018428182142"
    }, {
      "d" : "1756444833746826356",
      "t" : 1756444833746,
      "tn" : 1756444833746826356,
      "q" : "1",
      "p" : "0.4510",
      "s" : "sell",
      "i" : "SAFEUSD-PERP",
      "m" : "4611686018428182141"
    }, {
      "d" : "1756444658446719716",
      "t" : 1756444658446,
      "tn" : 1756444658446719716,
      "q" : "1",
      "p" : "0.4507",
      "s" : "sell",
      "i" : "SAFEUSD-PERP",
      "m" : "4611686018428182140"
    }, {
      "d" : "1756444516536722659",
      "t" : 1756444516536,
      "tn" : 1756444516536722659,
      "q" : "1",
      "p" : "0.4512",
      "s" : "sell",
      "i" : "SAFEUSD-PERP",
      "m" : "4611686018428182139"
    }, {
      "d" : "1756444445296656912",
      "t" : 1756444445296,
      "tn" : 1756444445296656912,
      "q" : "221",
      "p" : "0.4503",
      "s" : "buy",
      "i" : "SAFEUSD-PERP",
      "m" : "4611686018428182138"
    }, {
      "d" : "1756444352160819845",
      "t" : 1756444352160,
      "tn" : 1756444352160819845,
      "q" : "1",
      "p" : "0.4490",
      "s" : "sell",
      "i" : "SAFEUSD-PERP",
      "m" : "4611686018428182137"
    }, {
      "d" : "1756444313736706129",
      "t" : 1756444313736,
      "tn" : 1756444313736706129,
      "q" : "1",
      "p" : "0.4492",
      "s" : "sell",
      "i" : "SAFEUSD-PERP",
      "m" : "4611686018428182136"
    }, {
      "d" : "1756444225146690777",
      "t" : 1756444225146,
      "tn" : 1756444225146690777,
      "q" : "1",
      "p" : "0.4497",
      "s" : "sell",
      "i" : "SAFEUSD-PERP",
      "m" : "4611686018428182135"
    }, {
      "d" : "1756444168246701339",
      "t" : 1756444168246,
      "tn" : 1756444168246701339,
      "q" : "1",
      "p" : "0.4498",
      "s" : "sell",
      "i" : "SAFEUSD-PERP",
      "m" : "4611686018428182134"
    }, {
      "d" : "1756444112156712098",
      "t" : 1756444112156,
      "tn" : 1756444112156712098,
      "q" : "1",
      "p" : "0.4498",
      "s" : "sell",
      "i" : "SAFEUSD-PERP",
      "m" : "4611686018428182133"
    }, {
      "d" : "1756444018446643201",
      "t" : 1756444018446,
      "tn" : 1756444018446643201,
      "q" : "1",
      "p" : "0.4496",
      "s" : "sell",
      "i" : "SAFEUSD-PERP",
      "m" : "4611686018428182132"
    }, {
      "d" : "1756437084936683943",
      "t" : 1756437084936,
      "tn" : 1756437084936683943,
      "q" : "1",
      "p" : "0.4494",
      "s" : "sell",
      "i" : "SAFEUSD-PERP",
      "m" : "4611686018428182131"
    }, {
      "d" : "1756436447807526467",
      "t" : 1756436447807,
      "tn" : 1756436447807526466,
      "q" : "124",
      "p" : "0.4496",
      "s" : "buy",
      "i" : "SAFEUSD-PERP",
      "m" : "4611686018428182130"
    }, {
      "d" : "1756436447807526466",
      "t" : 1756436447807,
      "tn" : 1756436447807526466,
      "q" : "1",
      "p" : "0.4496",
      "s" : "buy",
      "i" : "SAFEUSD-PERP",
      "m" : "4611686018428182130"
    }, {
      "d" : "1756430347431423288",
      "t" : 1756430347431,
      "tn" : 1756430347431423288,
      "q" : "1",
      "p" : "0.4516",
      "s" : "sell",
      "i" : "SAFEUSD-PERP",
      "m" : "4611686018428182129"
    }, {
      "d" : "1756430347431421524",
      "t" : 1756430347431,
      "tn" : 1756430347431421524,
      "q" : "1",
      "p" : "0.4520",
      "s" : "sell",
      "i" : "SAFEUSD-PERP",
      "m" : "4611686018428182128"
    }, {
      "d" : "1756430316544920822",
      "t" : 1756430316544,
      "tn" : 1756430316544920822,
      "q" : "441",
      "p" : "0.4518",
      "s" : "sell",
      "i" : "SAFEUSD-PERP",
      "m" : "4611686018428182127"
    }, {
      "d" : "1756430316152797882",
      "t" : 1756430316152,
      "tn" : 1756430316152797882,
      "q" : "110",
      "p" : "0.4510",
      "s" : "buy",
      "i" : "SAFEUSD-PERP",
      "m" : "4611686018428182126"
    }, {
      "d" : "1756430316152795677",
      "t" : 1756430316152,
      "tn" : 1756430316152795677,
      "q" : "110",
      "p" : "0.4509",
      "s" : "buy",
      "i" : "SAFEUSD-PERP",
      "m" : "4611686018428182125"
    }, {
      "d" : "1756430316131205925",
      "t" : 1756430316131,
      "tn" : 1756430316131205925,
      "q" : "221",
      "p" : "0.4506",
      "s" : "buy",
      "i" : "SAFEUSD-PERP",
      "m" : "4611686018428182124"
    }, {
      "d" : "1756428004986619705",
      "t" : 1756428004986,
      "tn" : 1756428004986619704,
      "q" : "1",
      "p" : "0.4537",
      "s" : "sell",
      "i" : "SAFEUSD-PERP",
      "m" : "4611686018428182123"
    }, {
      "d" : "1756428004986619704",
      "t" : 1756428004986,
      "tn" : 1756428004986619704,
      "q" : "110",
      "p" : "0.4537",
      "s" : "sell",
      "i" : "SAFEUSD-PERP",
      "m" : "4611686018428182123"
    }, {
      "d" : "1756428004986617160",
      "t" : 1756428004986,
      "tn" : 1756428004986617160,
      "q" : "1",
      "p" : "0.4540",
      "s" : "sell",
      "i" : "SAFEUSD-PERP",
      "m" : "4611686018428182122"
    }, {
      "d" : "1756426907297738251",
      "t" : 1756426907297,
      "tn" : 1756426907297738251,
      "q" : "1",
      "p" : "0.4572",
      "s" : "sell",
      "i" : "SAFEUSD-PERP",
      "m" : "4611686018428182121"
    }, {
      "d" : "1756426907297736309",
      "t" : 1756426907297,
      "tn" : 1756426907297736309,
      "q" : "1",
      "p" : "0.4575",
      "s" : "sell",
      "i" : "SAFEUSD-PERP",
      "m" : "4611686018428182120"
    }, {
      "d" : "1756426823775086638",
      "t" : 1756426823775,
      "tn" : 1756426823775086638,
      "q" : "108",
      "p" : "0.4595",
      "s" : "buy",
      "i" : "SAFEUSD-PERP",
      "m" : "4611686018428182119"
    }, {
      "d" : "1756426823775085123",
      "t" : 1756426823775,
      "tn" : 1756426823775085123,
      "q" : "108",
      "p" : "0.4594",
      "s" : "buy",
      "i" : "SAFEUSD-PERP",
      "m" : "4611686018428182118"
    }, {
      "d" : "1756426823775083464",
      "t" : 1756426823775,
      "tn" : 1756426823775083464,
      "q" : "1",
      "p" : "0.4593",
      "s" : "buy",
      "i" : "SAFEUSD-PERP",
      "m" : "4611686018428182117"
    }, {
      "d" : "1756426823775081744",
      "t" : 1756426823775,
      "tn" : 1756426823775081744,
      "q" : "217",
      "p" : "0.4592",
      "s" : "buy",
      "i" : "SAFEUSD-PERP",
      "m" : "4611686018428182116"
    }, {
      "d" : "1756426665632201906",
      "t" : 1756426665632,
      "tn" : 1756426665632201906,
      "q" : "128",
      "p" : "0.4571",
      "s" : "buy",
      "i" : "SAFEUSD-PERP",
      "m" : "4611686018428182115"
    }, {
      "d" : "1756426504854050592",
      "t" : 1756426504854,
      "tn" : 1756426504854050592,
      "q" : "219",
      "p" : "0.4553",
      "s" : "buy",
      "i" : "SAFEUSD-PERP",
      "m" : "4611686018428182114"
    }, {
      "d" : "1756426504854048579",
      "t" : 1756426504854,
      "tn" : 1756426504854048579,
      "q" : "1",
      "p" : "0.4550",
      "s" : "buy",
      "i" : "SAFEUSD-PERP",
      "m" : "4611686018428182113"
    }, {
      "d" : "1756426502977754112",
      "t" : 1756426502977,
      "tn" : 1756426502977754112,
      "q" : "110",
      "p" : "0.4530",
      "s" : "sell",
      "i" : "SAFEUSD-PERP",
      "m" : "4611686018428182112"
    }, {
      "d" : "1756426502977752327",
      "t" : 1756426502977,
      "tn" : 1756426502977752327,
      "q" : "110",
      "p" : "0.4531",
      "s" : "sell",
      "i" : "SAFEUSD-PERP",
      "m" : "4611686018428182111"
    }, {
      "d" : "1756426502977750239",
      "t" : 1756426502977,
      "tn" : 1756426502977750239,
      "q" : "1",
      "p" : "0.4532",
      "s" : "sell",
      "i" : "SAFEUSD-PERP",
      "m" : "4611686018428182110"
    }, {
      "d" : "1756426208966669174",
      "t" : 1756426208966,
      "tn" : 1756426208966669174,
      "q" : "6",
      "p" : "0.4555",
      "s" : "buy",
      "i" : "SAFEUSD-PERP",
      "m" : "4611686018428182109"
    }, {
      "d" : "1756426208966667655",
      "t" : 1756426208966,
      "tn" : 1756426208966667655,
      "q" : "109",
      "p" : "0.4554",
      "s" : "buy",
      "i" : "SAFEUSD-PERP",
      "m" : "4611686018428182108"
    }, {
      "d" : "1756426208966665066",
      "t" : 1756426208966,
      "tn" : 1756426208966665066,
      "q" : "219",
      "p" : "0.4550",
      "s" : "buy",
      "i" : "SAFEUSD-PERP",
      "m" : "4611686018428182107"
    }, {
      "d" : "1756425964557015623",
      "t" : 1756425964557,
      "tn" : 1756425964557015623,
      "q" : "1",
      "p" : "0.4553",
      "s" : "buy",
      "i" : "SAFEUSD-PERP",
      "m" : "4611686018428182106"
    }, {
      "d" : "1756425964557014106",
      "t" : 1756425964557,
      "tn" : 1756425964557014106,
      "q" : "219",
      "p" : "0.4552",
      "s" : "buy",
      "i" : "SAFEUSD-PERP",
      "m" : "4611686018428182105"
    }, {
      "d" : "1756425780566716865",
      "t" : 1756425780566,
      "tn" : 1756425780566716865,
      "q" : "129",
      "p" : "0.4564",
      "s" : "buy",
      "i" : "SAFEUSD-PERP",
      "m" : "4611686018428182104"
    }, {
      "d" : "1756425780566715058",
      "t" : 1756425780566,
      "tn" : 1756425780566715058,
      "q" : "1",
      "p" : "0.4562",
      "s" : "buy",
      "i" : "SAFEUSD-PERP",
      "m" : "4611686018428182103"
    }, {
      "d" : "1756425751126715652",
      "t" : 1756425751126,
      "tn" : 1756425751126715651,
      "q" : "1",
      "p" : "0.4580",
      "s" : "sell",
      "i" : "SAFEUSD-PERP",
      "m" : "4611686018428182102"
    }, {
      "d" : "1756425751126715651",
      "t" : 1756425751126,
      "tn" : 1756425751126715651,
      "q" : "109",
      "p" : "0.4580",
      "s" : "sell",
      "i" : "SAFEUSD-PERP",
      "m" : "4611686018428182102"
    }, {
      "d" : "1756425708544069737",
      "t" : 1756425708544,
      "tn" : 1756425708544069737,
      "q" : "1",
      "p" : "0.4601",
      "s" : "sell",
      "i" : "SAFEUSD-PERP",
      "m" : "4611686018428182101"
    }, {
      "d" : "1756425693994129965",
      "t" : 1756425693994,
      "tn" : 1756425693994129965,
      "q" : "74",
      "p" : "0.4582",
      "s" : "sell",
      "i" : "SAFEUSD-PERP",
      "m" : "4611686018428182100"
    }, {
      "d" : "1756425691416640557",
      "t" : 1756425691416,
      "tn" : 1756425691416640557,
      "q" : "108",
      "p" : "0.4619",
      "s" : "sell",
      "i" : "SAFEUSD-PERP",
      "m" : "4611686018428182099"
    }, {
      "d" : "1756425691416639197",
      "t" : 1756425691416,
      "tn" : 1756425691416639197,
      "q" : "108",
      "p" : "0.4620",
      "s" : "sell",
      "i" : "SAFEUSD-PERP",
      "m" : "4611686018428182098"
    }, {
      "d" : "1756425691416637342",
      "t" : 1756425691416,
      "tn" : 1756425691416637342,
      "q" : "108",
      "p" : "0.4621",
      "s" : "sell",
      "i" : "SAFEUSD-PERP",
      "m" : "4611686018428182097"
    }, {
      "d" : "1756425691416635796",
      "t" : 1756425691416,
      "tn" : 1756425691416635796,
      "q" : "108",
      "p" : "0.4622",
      "s" : "sell",
      "i" : "SAFEUSD-PERP",
      "m" : "4611686018428182096"
    }, {
      "d" : "1756425686799202234",
      "t" : 1756425686799,
      "tn" : 1756425686799202234,
      "q" : "108",
      "p" : "0.4618",
      "s" : "sell",
      "i" : "SAFEUSD-PERP",
      "m" : "4611686018428182095"
    }, {
      "d" : "1756425686799200441",
      "t" : 1756425686799,
      "tn" : 1756425686799200441,
      "q" : "108",
      "p" : "0.4619",
      "s" : "sell",
      "i" : "SAFEUSD-PERP",
      "m" : "4611686018428182094"
    }, {
      "d" : "1756425686205106046",
      "t" : 1756425686205,
      "tn" : 1756425686205106046,
      "q" : "108",
      "p" : "0.4621",
      "s" : "sell",
      "i" : "SAFEUSD-PERP",
      "m" : "4611686018428182093"
    }, {
      "d" : "1756425686205104068",
      "t" : 1756425686205,
      "tn" : 1756425686205104068,
      "q" : "108",
      "p" : "0.4622",
      "s" : "sell",
      "i" : "SAFEUSD-PERP",
      "m" : "4611686018428182092"
    }, {
      "d" : "1756425686205101514",
      "t" : 1756425686205,
      "tn" : 1756425686205101514,
      "q" : "1",
      "p" : "0.4623",
      "s" : "sell",
      "i" : "SAFEUSD-PERP",
      "m" : "4611686018428182091"
    }, {
      "d" : "1756425685375187869",
      "t" : 1756425685375,
      "tn" : 1756425685375187869,
      "q" : "91",
      "p" : "0.4643",
      "s" : "sell",
      "i" : "SAFEUSD-PERP",
      "m" : "4611686018428182090"
    }, {
      "d" : "1756425685375186137",
      "t" : 1756425685375,
      "tn" : 1756425685375186137,
      "q" : "107",
      "p" : "0.4644",
      "s" : "sell",
      "i" : "SAFEUSD-PERP",
      "m" : "4611686018428182089"
    }, {
      "d" : "1756425685375183860",
      "t" : 1756425685375,
      "tn" : 1756425685375183860,
      "q" : "107",
      "p" : "0.4645",
      "s" : "sell",
      "i" : "SAFEUSD-PERP",
      "m" : "4611686018428182088"
    }, {
      "d" : "1756425681568523116",
      "t" : 1756425681568,
      "tn" : 1756425681568523116,
      "q" : "106",
      "p" : "0.4705",
      "s" : "sell",
      "i" : "SAFEUSD-PERP",
      "m" : "4611686018428182087"
    }, {
      "d" : "1756425681568521723",
      "t" : 1756425681568,
      "tn" : 1756425681568521723,
      "q" : "106",
      "p" : "0.4706",
      "s" : "sell",
      "i" : "SAFEUSD-PERP",
      "m" : "4611686018428182086"
    }, {
      "d" : "1756425681568520210",
      "t" : 1756425681568,
      "tn" : 1756425681568520210,
      "q" : "106",
      "p" : "0.4707",
      "s" : "sell",
      "i" : "SAFEUSD-PERP",
      "m" : "4611686018428182085"
    }, {
      "d" : "1756425677893434698",
      "t" : 1756425677893,
      "tn" : 1756425677893434698,
      "q" : "133",
      "p" : "0.4746",
      "s" : "sell",
      "i" : "SAFEUSD-PERP",
      "m" : "4611686018428182084"
    }, {
      "d" : "1756425677838072882",
      "t" : 1756425677838,
      "tn" : 1756425677838072882,
      "q" : "210",
      "p" : "0.4758",
      "s" : "sell",
      "i" : "SAFEUSD-PERP",
      "m" : "4611686018428182083"
    }, {
      "d" : "1756425677836751801",
      "t" : 1756425677836,
      "tn" : 1756425677836751801,
      "q" : "104",
      "p" : "0.4764",
      "s" : "sell",
      "i" : "SAFEUSD-PERP",
      "m" : "4611686018428182082"
    }, {
      "d" : "1756425672339459817",
      "t" : 1756425672339,
      "tn" : 1756425672339459817,
      "q" : "102",
      "p" : "0.4859",
      "s" : "sell",
      "i" : "SAFEUSD-PERP",
      "m" : "4611686018428182081"
    }, {
      "d" : "1756425672339458014",
      "t" : 1756425672339,
      "tn" : 1756425672339458014,
      "q" : "102",
      "p" : "0.4860",
      "s" : "sell",
      "i" : "SAFEUSD-PERP",
      "m" : "4611686018428182080"
    }, {
      "d" : "1756425670366789716",
      "t" : 1756425670366,
      "tn" : 1756425670366789716,
      "q" : "1",
      "p" : "0.4828",
      "s" : "sell",
      "i" : "SAFEUSD-PERP",
      "m" : "4611686018428182079"
    }, {
      "d" : "1756425670366788220",
      "t" : 1756425670366,
      "tn" : 1756425670366788220,
      "q" : "103",
      "p" : "0.4831",
      "s" : "sell",
      "i" : "SAFEUSD-PERP",
      "m" : "4611686018428182078"
    }, {
      "d" : "1756425668806110777",
      "t" : 1756425668806,
      "tn" : 1756425668806110777,
      "q" : "103",
      "p" : "0.4840",
      "s" : "sell",
      "i" : "SAFEUSD-PERP",
      "m" : "4611686018428182077"
    }, {
      "d" : "1756425668806108277",
      "t" : 1756425668806,
      "tn" : 1756425668806108277,
      "q" : "103",
      "p" : "0.4841",
      "s" : "sell",
      "i" : "SAFEUSD-PERP",
      "m" : "4611686018428182076"
    }, {
      "d" : "1756425668806106190",
      "t" : 1756425668806,
      "tn" : 1756425668806106190,
      "q" : "103",
      "p" : "0.4842",
      "s" : "sell",
      "i" : "SAFEUSD-PERP",
      "m" : "4611686018428182075"
    }, {
      "d" : "1756425668806103347",
      "t" : 1756425668806,
      "tn" : 1756425668806103347,
      "q" : "1",
      "p" : "0.4844",
      "s" : "sell",
      "i" : "SAFEUSD-PERP",
      "m" : "4611686018428182074"
    }, {
      "d" : "1756425667216674788",
      "t" : 1756425667216,
      "tn" : 1756425667216674788,
      "q" : "102",
      "p" : "0.4874",
      "s" : "sell",
      "i" : "SAFEUSD-PERP",
      "m" : "4611686018428182073"
    }, {
      "d" : "1756425667216672789",
      "t" : 1756425667216,
      "tn" : 1756425667216672789,
      "q" : "102",
      "p" : "0.4875",
      "s" : "sell",
      "i" : "SAFEUSD-PERP",
      "m" : "4611686018428182072"
    }, {
      "d" : "1756425665498163325",
      "t" : 1756425665498,
      "tn" : 1756425665498163324,
      "q" : "102",
      "p" : "0.4853",
      "s" : "sell",
      "i" : "SAFEUSD-PERP",
      "m" : "4611686018428182071"
    }, {
      "d" : "1756425665498163324",
      "t" : 1756425665498,
      "tn" : 1756425665498163324,
      "q" : "1",
      "p" : "0.4853",
      "s" : "sell",
      "i" : "SAFEUSD-PERP",
      "m" : "4611686018428182071"
    }, {
      "d" : "1756425665498162025",
      "t" : 1756425665498,
      "tn" : 1756425665498162025,
      "q" : "103",
      "p" : "0.4854",
      "s" : "sell",
      "i" : "SAFEUSD-PERP",
      "m" : "4611686018428182070"
    }, {
      "d" : "1756425665498159851",
      "t" : 1756425665498,
      "tn" : 1756425665498159851,
      "q" : "1",
      "p" : "0.4857",
      "s" : "sell",
      "i" : "SAFEUSD-PERP",
      "m" : "4611686018428182069"
    }, {
      "d" : "1756425641436693662",
      "t" : 1756425641436,
      "tn" : 1756425641436693662,
      "q" : "1",
      "p" : "0.4707",
      "s" : "sell",
      "i" : "SAFEUSD-PERP",
      "m" : "4611686018428182068"
    }, {
      "d" : "1756425634081651323",
      "t" : 1756425634081,
      "tn" : 1756425634081651323,
      "q" : "1",
      "p" : "0.4705",
      "s" : "sell",
      "i" : "SAFEUSD-PERP",
      "m" : "4611686018428182067"
    }, {
      "d" : "1756425623416987387",
      "t" : 1756425623416,
      "tn" : 1756425623416987387,
      "q" : "105",
      "p" : "0.4723",
      "s" : "sell",
      "i" : "SAFEUSD-PERP",
      "m" : "4611686018428182066"
    }, {
      "d" : "1756425259446666515",
      "t" : 1756425259446,
      "tn" : 1756425259446666515,
      "q" : "1",
      "p" : "0.4594",
      "s" : "sell",
      "i" : "SAFEUSD-PERP",
      "m" : "4611686018428182065"
    }, {
      "d" : "1756408507779645524",
      "t" : 1756408507779,
      "tn" : 1756408507779645524,
      "q" : "219",
      "p" : "0.4565",
      "s" : "buy",
      "i" : "SAFEUSD-PERP",
      "m" : "4611686018428182064"
    }, {
      "d" : "1756408507779643518",
      "t" : 1756408507779,
      "tn" : 1756408507779643517,
      "q" : "1",
      "p" : "0.4564",
      "s" : "buy",
      "i" : "SAFEUSD-PERP",
      "m" : "4611686018428182063"
    }, {
      "d" : "1756408507779643517",
      "t" : 1756408507779,
      "tn" : 1756408507779643517,
      "q" : "109",
      "p" : "0.4564",
      "s" : "buy",
      "i" : "SAFEUSD-PERP",
      "m" : "4611686018428182063"
    }, {
      "d" : "1756395890658026732",
      "t" : 1756395890658,
      "tn" : 1756395890658026732,
      "q" : "109",
      "p" : "0.4569",
      "s" : "sell",
      "i" : "SAFEUSD-PERP",
      "m" : "4611686018428182062"
    }, {
      "d" : "1756395890658025066",
      "t" : 1756395890658,
      "tn" : 1756395890658025066,
      "q" : "109",
      "p" : "0.4570",
      "s" : "sell",
      "i" : "SAFEUSD-PERP",
      "m" : "4611686018428182061"
    }, {
      "d" : "1756395890658022697",
      "t" : 1756395890658,
      "tn" : 1756395890658022697,
      "q" : "1",
      "p" : "0.4571",
      "s" : "sell",
      "i" : "SAFEUSD-PERP",
      "m" : "4611686018428182060"
    }, {
      "d" : "1756394689080937884",
      "t" : 1756394689080,
      "tn" : 1756394689080937884,
      "q" : "109",
      "p" : "0.4562",
      "s" : "sell",
      "i" : "SAFEUSD-PERP",
      "m" : "4611686018428182059"
    }, {
      "d" : "1756394689080935391",
      "t" : 1756394689080,
      "tn" : 1756394689080935391,
      "q" : "109",
      "p" : "0.4563",
      "s" : "sell",
      "i" : "SAFEUSD-PERP",
      "m" : "4611686018428182058"
    }, {
      "d" : "1756394062141785207",
      "t" : 1756394062141,
      "tn" : 1756394062141785207,
      "q" : "3",
      "p" : "0.4593",
      "s" : "buy",
      "i" : "SAFEUSD-PERP",
      "m" : "4611686018428182057"
    }, {
      "d" : "1756394062141783094",
      "t" : 1756394062141,
      "tn" : 1756394062141783094,
      "q" : "108",
      "p" : "0.4592",
      "s" : "buy",
      "i" : "SAFEUSD-PERP",
      "m" : "4611686018428182056"
    }, {
      "d" : "1756394062141780707",
      "t" : 1756394062141,
      "tn" : 1756394062141780707,
      "q" : "108",
      "p" : "0.4591",
      "s" : "buy",
      "i" : "SAFEUSD-PERP",
      "m" : "4611686018428182055"
    }, {
      "d" : "1756394062141778330",
      "t" : 1756394062141,
      "tn" : 1756394062141778330,
      "q" : "217",
      "p" : "0.4590",
      "s" : "buy",
      "i" : "SAFEUSD-PERP",
      "m" : "4611686018428182054"
    }, {
      "d" : "1756393393976686256",
      "t" : 1756393393976,
      "tn" : 1756393393976686256,
      "q" : "161",
      "p" : "0.4606",
      "s" : "buy",
      "i" : "SAFEUSD-PERP",
      "m" : "4611686018428182053"
    }, {
      "d" : "1756391280091854216",
      "t" : 1756391280091,
      "tn" : 1756391280091854216,
      "q" : "110",
      "p" : "0.4535",
      "s" : "sell",
      "i" : "SAFEUSD-PERP",
      "m" : "4611686018428182052"
    }, {
      "d" : "1756391280091850974",
      "t" : 1756391280091,
      "tn" : 1756391280091850974,
      "q" : "110",
      "p" : "0.4536",
      "s" : "sell",
      "i" : "SAFEUSD-PERP",
      "m" : "4611686018428182051"
    }, {
      "d" : "1756390735136174459",
      "t" : 1756390735136,
      "tn" : 1756390735136174459,
      "q" : "217",
      "p" : "0.4597",
      "s" : "buy",
      "i" : "SAFEUSD-PERP",
      "m" : "4611686018428182050"
    }, {
      "d" : "1756390735136172830",
      "t" : 1756390735136,
      "tn" : 1756390735136172830,
      "q" : "1",
      "p" : "0.4595",
      "s" : "buy",
      "i" : "SAFEUSD-PERP",
      "m" : "4611686018428182049"
    }, {
      "d" : "1756390080492434026",
      "t" : 1756390080492,
      "tn" : 1756390080492434026,
      "q" : "1",
      "p" : "0.4582",
      "s" : "buy",
      "i" : "SAFEUSD-PERP",
      "m" : "4611686018428182048"
    }, {
      "d" : "1756390080492432582",
      "t" : 1756390080492,
      "tn" : 1756390080492432582,
      "q" : "218",
      "p" : "0.4579",
      "s" : "buy",
      "i" : "SAFEUSD-PERP",
      "m" : "4611686018428182047"
    }, {
      "d" : "1756389985455201633",
      "t" : 1756389985455,
      "tn" : 1756389985455201633,
      "q" : "108",
      "p" : "0.4590",
      "s" : "sell",
      "i" : "SAFEUSD-PERP",
      "m" : "4611686018428182046"
    }, {
      "d" : "1756389985455199230",
      "t" : 1756389985455,
      "tn" : 1756389985455199230,
      "q" : "108",
      "p" : "0.4591",
      "s" : "sell",
      "i" : "SAFEUSD-PERP",
      "m" : "4611686018428182045"
    }, {
      "d" : "1756389985455196862",
      "t" : 1756389985455,
      "tn" : 1756389985455196862,
      "q" : "108",
      "p" : "0.4592",
      "s" : "sell",
      "i" : "SAFEUSD-PERP",
      "m" : "4611686018428182044"
    }, {
      "d" : "1756389985455194365",
      "t" : 1756389985455,
      "tn" : 1756389985455194365,
      "q" : "108",
      "p" : "0.4593",
      "s" : "sell",
      "i" : "SAFEUSD-PERP",
      "m" : "4611686018428182043"
    }, {
      "d" : "1756389858726714448",
      "t" : 1756389858726,
      "tn" : 1756389858726714448,
      "q" : "180",
      "p" : "0.4594",
      "s" : "buy",
      "i" : "SAFEUSD-PERP",
      "m" : "4611686018428182042"
    }, {
      "d" : "1756389769793605345",
      "t" : 1756389769793,
      "tn" : 1756389769793605345,
      "q" : "1",
      "p" : "0.4568",
      "s" : "buy",
      "i" : "SAFEUSD-PERP",
      "m" : "4611686018428182041"
    }, {
      "d" : "1756389769793603834",
      "t" : 1756389769793,
      "tn" : 1756389769793603834,
      "q" : "109",
      "p" : "0.4567",
      "s" : "buy",
      "i" : "SAFEUSD-PERP",
      "m" : "4611686018428182040"
    }, {
      "d" : "1756389769793601671",
      "t" : 1756389769793,
      "tn" : 1756389769793601671,
      "q" : "109",
      "p" : "0.4566",
      "s" : "buy",
      "i" : "SAFEUSD-PERP",
      "m" : "4611686018428182039"
    }, {
      "d" : "1756389769793599549",
      "t" : 1756389769793,
      "tn" : 1756389769793599548,
      "q" : "1",
      "p" : "0.4565",
      "s" : "buy",
      "i" : "SAFEUSD-PERP",
      "m" : "4611686018428182038"
    }, {
      "d" : "1756389769793599548",
      "t" : 1756389769793,
      "tn" : 1756389769793599548,
      "q" : "218",
      "p" : "0.4565",
      "s" : "buy",
      "i" : "SAFEUSD-PERP",
      "m" : "4611686018428182038"
    }, {
      "d" : "1756389761844043369",
      "t" : 1756389761844,
      "tn" : 1756389761844043369,
      "q" : "72",
      "p" : "0.4549",
      "s" : "buy",
      "i" : "SAFEUSD-PERP",
      "m" : "4611686018428182037"
    }, {
      "d" : "1756389761844041779",
      "t" : 1756389761844,
      "tn" : 1756389761844041779,
      "q" : "109",
      "p" : "0.4548",
      "s" : "buy",
      "i" : "SAFEUSD-PERP",
      "m" : "4611686018428182036"
    }, {
      "d" : "1756389761844039327",
      "t" : 1756389761844,
      "tn" : 1756389761844039327,
      "q" : "219",
      "p" : "0.4547",
      "s" : "buy",
      "i" : "SAFEUSD-PERP",
      "m" : "4611686018428182035"
    }, {
      "d" : "1756389761844037766",
      "t" : 1756389761844,
      "tn" : 1756389761844037766,
      "q" : "1",
      "p" : "0.4546",
      "s" : "buy",
      "i" : "SAFEUSD-PERP",
      "m" : "4611686018428182034"
    }, {
      "d" : "1756383107436667535",
      "t" : 1756383107436,
      "tn" : 1756383107436667535,
      "q" : "1",
      "p" : "0.4538",
      "s" : "buy",
      "i" : "SAFEUSD-PERP",
      "m" : "4611686018428182033"
    }, {
      "d" : "1756377626280224727",
      "t" : 1756377626280,
      "tn" : 1756377626280224726,
      "q" : "1",
      "p" : "0.4524",
      "s" : "sell",
      "i" : "SAFEUSD-PERP",
      "m" : "4611686018428182032"
    }, {
      "d" : "1756377626280224726",
      "t" : 1756377626280,
      "tn" : 1756377626280224726,
      "q" : "110",
      "p" : "0.4524",
      "s" : "sell",
      "i" : "SAFEUSD-PERP",
      "m" : "4611686018428182032"
    }, {
      "d" : "1756377626280221600",
      "t" : 1756377626280,
      "tn" : 1756377626280221600,
      "q" : "110",
      "p" : "0.4525",
      "s" : "sell",
      "i" : "SAFEUSD-PERP",
      "m" : "4611686018428182031"
    } ]
  }
}