{
  "id" : -1,
  "method" : "public/get-trades",
  "code" : 0,
  "result" : {
    "data" : [ {
      "d" : "1756445920676724312",
      "t" : 1756445920676,
      "tn" : 1756445920676724312,
      "q" : "49.2",
      "p" : "0.4517",
      "s" : "buy",
      "i" : "SAFE_USD",
      "m" : "4611686018428183666"
    }, {
      "d" : "1756444906676739675",
      "t" : 1756444906676,
      "tn" : 1756444906676739675,
      "q" : "100.0",
      "p" : "0.4519",
      "s" : "buy",
      "i" : "SAFE_USD",
      "m" : "4611686018428183665"
    }, {
      "d" : "1756444750456468351",
      "t" : 1756444750456,
      "tn" : 1756444750456468351,
      "q" : "49.4",
      "p" : "0.4509",
      "s" : "buy",
      "i" : "SAFE_USD",
      "m" : "4611686018428183664"
    }, {
      "d" : "1756444445297690186",
      "t" : 1756444445297,
      "tn" : 1756444445297690186,
      "q" : "49.3",
      "p" : "0.4507",
      "s" : "buy",
      "i" : "SAFE_USD",
      "m" : "4611686018428183663"
    }, {
      "d" : "1756439430414181946",
      "t" : 1756439430414,
      "tn" : 1756439430414181946,
      "q" : "31.2",
      "p" : "0.4487",
      "s" : "sell",
      "i" : "SAFE_USD",
      "m" : "4611686018428183662"
    }, {
      "d" : "1756439429974557892",
      "t" : 1756439429974,
      "tn" : 1756439429974557892,
      "q" : "48.0",
      "p" : "0.4487",
      "s" : "buy",
      "i" : "SAFE_USD",
      "m" : "4611686018428183661"
    }, {
      "d" : "1756433631019184989",
      "t" : 1756433631019,
      "tn" : 1756433631019184989,
      "q" : "49.6",
      "p" : "0.4494",
      "s" : "buy",
      "i" : "SAFE_USD",
      "m" : "4611686018428183660"
    }, {
      "d" : "1756433631019182305",
      "t" : 1756433631019,
      "tn" : 1756433631019182305,
      "q" : "100.0",
      "p" : "0.4491",
      "s" : "buy",
      "i" : "SAFE_USD",
      "m" : "4611686018428183659"
    }, {
      "d" : "1756431914722607579",
      "t" : 1756431914722,
      "tn" : 1756431914722607579,
      "q" : "0.9",
      "p" : "0.4505",
      "s" : "buy",
      "i" : "SAFE_USD",
      "m" : "4611686018428183658"
    }, {
      "d" : "1756431914510926307",
      "t" : 1756431914510,
      "tn" : 1756431914510926307,
      "q" : "47.9",
      "p" : "0.4505",
      "s" : "sell",
      "i" : "SAFE_USD",
      "m" : "4611686018428183657"
    }, {
      "d" : "1756430818560309397",
      "t" : 1756430818560,
      "tn" : 1756430818560309397,
      "q" : "48.4",
      "p" : "0.4496",
      "s" : "sell",
      "i" : "SAFE_USD",
      "m" : "4611686018428183656"
    }, {
      "d" : "1756430316127660104",
      "t" : 1756430316127,
      "tn" : 1756430316127660104,
      "q" : "48.6",
      "p" : "0.4504",
      "s" : "buy",
      "i" : "SAFE_USD",
      "m" : "4611686018428183655"
    }, {
      "d" : "1756430316125996724",
      "t" : 1756430316125,
      "tn" : 1756430316125996724,
      "q" : "49.0",
      "p" : "0.4504",
      "s" : "buy",
      "i" : "SAFE_USD",
      "m" : "4611686018428183654"
    }, {
      "d" : "1756426270221168598",
      "t" : 1756426270221,
      "tn" : 1756426270221168598,
      "q" : "49.9",
      "p" : "0.4561",
      "s" : "buy",
      "i" : "SAFE_USD",
      "m" : "4611686018428183653"
    }, {
      "d" : "1756425853410239853",
      "t" : 1756425853410,
      "tn" : 1756425853410239853,
      "q" : "136.2",
      "p" : "0.4542",
      "s" : "sell",
      "i" : "SAFE_USD",
      "m" : "4611686018428183652"
    }, {
      "d" : "1756425853410238093",
      "t" : 1756425853410,
      "tn" : 1756425853410238093,
      "q" : "100.0",
      "p" : "0.4543",
      "s" : "sell",
      "i" : "SAFE_USD",
      "m" : "4611686018428183651"
    }, {
      "d" : "1756425814563972743",
      "t" : 1756425814563,
      "tn" : 1756425814563972743,
      "q" : "100.0",
      "p" : "0.4572",
      "s" : "sell",
      "i" : "SAFE_USD",
      "m" : "4611686018428183650"
    }, {
      "d" : "1756425751126828270",
      "t" : 1756425751126,
      "tn" : 1756425751126828270,
      "q" : "143.9",
      "p" : "0.4574",
      "s" : "sell",
      "i" : "SAFE_USD",
      "m" : "4611686018428183649"
    }, {
      "d" : "1756425751126826502",
      "t" : 1756425751126,
      "tn" : 1756425751126826502,
      "q" : "100.0",
      "p" : "0.4575",
      "s" : "sell",
      "i" : "SAFE_USD",
      "m" : "4611686018428183648"
    }, {
      "d" : "1756425695471763676",
      "t" : 1756425695471,
      "tn" : 1756425695471763676,
      "q" : "511.0",
      "p" : "0.4574",
      "s" : "sell",
      "i" : "SAFE_USD",
      "m" : "4611686018428183647"
    }, {
      "d" : "1756425686956746550",
      "t" : 1756425686956,
      "tn" : 1756425686956746550,
      "q" : "198.0",
      "p" : "0.4607",
      "s" : "sell",
      "i" : "SAFE_USD",
      "m" : "4611686018428183646"
    }, {
      "d" : "1756425653530520854",
      "t" : 1756425653530,
      "tn" : 1756425653530520854,
      "q" : "423.1",
      "p" : "0.4726",
      "s" : "buy",
      "i" : "SAFE_USD",
      "m" : "4611686018428183645"
    }, {
      "d" : "1756425257376420431",
      "t" : 1756425257376,
      "tn" : 1756425257376420431,
      "q" : "700.0",
      "p" : "0.4612",
      "s" : "sell",
      "i" : "SAFE_USD",
      "m" : "4611686018428183644"
    }, {
      "d" : "1756425257373152623",
      "t" : 1756425257373,
      "tn" : 1756425257373152623,
      "q" : "48.0",
      "p" : "0.4621",
      "s" : "sell",
      "i" : "SAFE_USD",
      "m" : "4611686018428183643"
    }, {
      "d" : "1756425112259958478",
      "t" : 1756425112259,
      "tn" : 1756425112259958478,
      "q" : "42.0",
      "p" : "0.4622",
      "s" : "sell",
      "i" : "SAFE_USD",
      "m" : "4611686018428183642"
    }, {
      "d" : "1756425043042597110",
      "t" : 1756425043042,
      "tn" : 1756425043042597110,
      "q" : "700.0",
      "p" : "0.4616",
      "s" : "buy",
      "i" : "SAFE_USD",
      "m" : "4611686018428183641"
    }, {
      "d" : "1756424284505786449",
      "t" : 1756424284505,
      "tn" : 1756424284505786449,
      "q" : "29.7",
      "p" : "0.4590",
      "s" : "sell",
      "i" : "SAFE_USD",
      "m" : "4611686018428183640"
    }, {
      "d" : "1756420524177988903",
      "t" : 1756420524177,
      "tn" : 1756420524177988903,
      "q" : "49.1",
      "p" : "0.4585",
      "s" : "buy",
      "i" : "SAFE_USD",
      "m" : "4611686018428183639"
    }, {
      "d" : "1756411529439031928",
      "t" : 1756411529439,
      "tn" : 1756411529439031928,
      "q" : "38.9",
      "p" : "0.4522",
      "s" : "sell",
      "i" : "SAFE_USD",
      "m" : "4611686018428183638"
    }, {
      "d" : "1756410113482968276",
      "t" : 1756410113482,
      "tn" : 1756410113482968276,
      "q" : "39.9",
      "p" : "0.4548",
      "s" : "sell",
      "i" : "SAFE_USD",
      "m" : "4611686018428183637"
    }, {
      "d" : "1756407473752016815",
      "t" : 1756407473752,
      "tn" : 1756407473752016815,
      "q" : "6.9",
      "p" : "0.4543",
      "s" : "sell",
      "i" : "SAFE_USD",
      "m" : "4611686018428183636"
    }, {
      "d" : "1756407473584235917",
      "t" : 1756407473584,
      "tn" : 1756407473584235917,
      "q" : "39.6",
      "p" : "0.4543",
      "s" : "buy",
      "i" : "SAFE_USD",
      "m" : "4611686018428183635"
    }, {
      "d" : "1756400006338870690",
      "t" : 1756400006338,
      "tn" : 1756400006338870690,
      "q" : "29.5",
      "p" : "0.4536",
      "s" : "sell",
      "i" : "SAFE_USD",
      "m" : "4611686018428183634"
    }, {
      "d" : "1756395805276993926",
      "t" : 1756395805276,
      "tn" : 1756395805276993926,
      "q" : "38.0",
      "p" : "0.4572",
      "s" : "sell",
      "i" : "SAFE_USD",
      "m" : "4611686018428183633"
    }, {
      "d" : "1756394712234036368",
      "t" : 1756394712234,
      "tn" : 1756394712234036368,
      "q" : "109.9",
      "p" : "0.4552",
      "s" : "sell",
      "i" : "SAFE_USD",
      "m" : "4611686018428183632"
    }, {
      "d" : "1756394689034202774",
      "t" : 1756394689034,
      "tn" : 1756394689034202774,
      "q" : "700.0",
      "p" : "0.4560",
      "s" : "sell",
      "i" : "SAFE_USD",
      "m" : "4611686018428183631"
    }, {
      "d" : "1756393834468260441",
      "t" : 1756393834468,
      "tn" : 1756393834468260441,
      "q" : "435.2",
      "p" : "0.4585",
      "s" : "sell",
      "i" : "SAFE_USD",
      "m" : "4611686018428183630"
    }, {
      "d" : "1756393834415537281",
      "t" : 1756393834415,
      "tn" : 1756393834415537281,
      "q" : "600.0",
      "p" : "0.4584",
      "s" : "sell",
      "i" : "SAFE_USD",
      "m" : "4611686018428183629"
    }, {
      "d" : "1756393834370834619",
      "t" : 1756393834370,
      "tn" : 1756393834370834619,
      "q" : "39.3",
      "p" : "0.4587",
      "s" : "sell",
      "i" : "SAFE_USD",
      "m" : "4611686018428183628"
    }, {
      "d" : "1756393525736860251",
      "t" : 1756393525736,
      "tn" : 1756393525736860251,
      "q" : "38.9",
      "p" : "0.4607",
      "s" : "sell",
      "i" : "SAFE_USD",
      "m" : "4611686018428183627"
    }, {
      "d" : "1756393525438927926",
      "t" : 1756393525438,
      "tn" : 1756393525438927926,
      "q" : "39.0",
      "p" : "0.4607",
      "s" : "sell",
      "i" : "SAFE_USD",
      "m" : "4611686018428183626"
    }, {
      "d" : "1756393525134302261",
      "t" : 1756393525134,
      "tn" : 1756393525134302261,
      "q" : "39.6",
      "p" : "0.4608",
      "s" : "sell",
      "i" : "SAFE_USD",
      "m" : "4611686018428183625"
    }, {
      "d" : "1756393524839132495",
      "t" : 1756393524839,
      "tn" : 1756393524839132495,
      "q" : "38.1",
      "p" : "0.4609",
      "s" : "sell",
      "i" : "SAFE_USD",
      "m" : "4611686018428183624"
    }, {
      "d" : "1756393524834128770",
      "t" : 1756393524834,
      "tn" : 1756393524834128770,
      "q" : "39.4",
      "p" : "0.4610",
      "s" : "sell",
      "i" : "SAFE_USD",
      "m" : "4611686018428183623"
    }, {
      "d" : "1756393524535088241",
      "t" : 1756393524535,
      "tn" : 1756393524535088241,
      "q" : "38.9",
      "p" : "0.4611",
      "s" : "sell",
      "i" : "SAFE_USD",
      "m" : "4611686018428183622"
    }, {
      "d" : "1756393524233485537",
      "t" : 1756393524233,
      "tn" : 1756393524233485537,
      "q" : "38.3",
      "p" : "0.4611",
      "s" : "sell",
      "i" : "SAFE_USD",
      "m" : "4611686018428183621"
    }, {
      "d" : "1756392598095234696",
      "t" : 1756392598095,
      "tn" : 1756392598095234696,
      "q" : "700.0",
      "p" : "0.4585",
      "s" : "sell",
      "i" : "SAFE_USD",
      "m" : "4611686018428183620"
    }, {
      "d" : "1756391681769886009",
      "t" : 1756391681769,
      "tn" : 1756391681769886009,
      "q" : "36.8",
      "p" : "0.4565",
      "s" : "buy",
      "i" : "SAFE_USD",
      "m" : "4611686018428183619"
    }, {
      "d" : "1756391392926329261",
      "t" : 1756391392926,
      "tn" : 1756391392926329261,
      "q" : "38.5",
      "p" : "0.4563",
      "s" : "buy",
      "i" : "SAFE_USD",
      "m" : "4611686018428183618"
    }, {
      "d" : "1756391366278461195",
      "t" : 1756391366278,
      "tn" : 1756391366278461195,
      "q" : "38.3",
      "p" : "0.4558",
      "s" : "buy",
      "i" : "SAFE_USD",
      "m" : "4611686018428183617"
    }, {
      "d" : "1756391359150109420",
      "t" : 1756391359150,
      "tn" : 1756391359150109420,
      "q" : "38.9",
      "p" : "0.4564",
      "s" : "buy",
      "i" : "SAFE_USD",
      "m" : "4611686018428183616"
    }, {
      "d" : "1756391358050947739",
      "t" : 1756391358050,
      "tn" : 1756391358050947739,
      "q" : "39.5",
      "p" : "0.4564",
      "s" : "buy",
      "i" : "SAFE_USD",
      "m" : "4611686018428183615"
    }, {
      "d" : "1756391357665926367",
      "t" : 1756391357665,
      "tn" : 1756391357665926367,
      "q" : "38.4",
      "p" : "0.4563",
      "s" : "buy",
      "i" : "SAFE_USD",
      "m" : "4611686018428183614"
    }, {
      "d" : "1756391357548378665",
      "t" : 1756391357548,
      "tn" : 1756391357548378665,
      "q" : "39.2",
      "p" : "0.4561",
      "s" : "buy",
      "i" : "SAFE_USD",
      "m" : "4611686018428183613"
    }, {
      "d" : "1756391356946005904",
      "t" : 1756391356946,
      "tn" : 1756391356946005904,
      "q" : "39.2",
      "p" : "0.4561",
      "s" : "buy",
      "i" : "SAFE_USD",
      "m" : "4611686018428183612"
    }, {
      "d" : "1756391356645112066",
      "t" : 1756391356645,
      "tn" : 1756391356645112066,
      "q" : "39.7",
      "p" : "0.4560",
      "s" : "buy",
      "i" : "SAFE_USD",
      "m" : "4611686018428183611"
    }, {
      "d" : "1756391356257673371",
      "t" : 1756391356257,
      "tn" : 1756391356257673371,
      "q" : "38.6",
      "p" : "0.4562",
      "s" : "buy",
      "i" : "SAFE_USD",
      "m" : "4611686018428183610"
    }, {
      "d" : "1756391356072077061",
      "t" : 1756391356072,
      "tn" : 1756391356072077061,
      "q" : "38.1",
      "p" : "0.4561",
      "s" : "buy",
      "i" : "SAFE_USD",
      "m" : "4611686018428183609"
    }, {
      "d" : "1756391355748807205",
      "t" : 1756391355748,
      "tn" : 1756391355748807205,
      "q" : "39.2",
      "p" : "0.4560",
      "s" : "buy",
      "i" : "SAFE_USD",
      "m" : "4611686018428183608"
    }, {
      "d" : "1756391355241162522",
      "t" : 1756391355241,
      "tn" : 1756391355241162522,
      "q" : "39.7",
      "p" : "0.4569",
      "s" : "buy",
      "i" : "SAFE_USD",
      "m" : "4611686018428183607"
    }, {
      "d" : "1756391355147773392",
      "t" : 1756391355147,
      "tn" : 1756391355147773392,
      "q" : "38.2",
      "p" : "0.4566",
      "s" : "buy",
      "i" : "SAFE_USD",
      "m" : "4611686018428183606"
    }, {
      "d" : "1756391354569404797",
      "t" : 1756391354569,
      "tn" : 1756391354569404797,
      "q" : "38.2",
      "p" : "0.4566",
      "s" : "buy",
      "i" : "SAFE_USD",
      "m" : "4611686018428183605"
    }, {
      "d" : "1756391258779287781",
      "t" : 1756391258779,
      "tn" : 1756391258779287780,
      "q" : "39.0",
      "p" : "0.4596",
      "s" : "sell",
      "i" : "SAFE_USD",
      "m" : "4611686018428183604"
    }, {
      "d" : "1756391258779287780",
      "t" : 1756391258779,
      "tn" : 1756391258779287780,
      "q" : "100.0",
      "p" : "0.4596",
      "s" : "sell",
      "i" : "SAFE_USD",
      "m" : "4611686018428183604"
    }, {
      "d" : "1756391227396483712",
      "t" : 1756391227396,
      "tn" : 1756391227396483712,
      "q" : "38.9",
      "p" : "0.4611",
      "s" : "sell",
      "i" : "SAFE_USD",
      "m" : "4611686018428183603"
    }, {
      "d" : "1756391170436815266",
      "t" : 1756391170436,
      "tn" : 1756391170436815266,
      "q" : "397.5",
      "p" : "0.4632",
      "s" : "sell",
      "i" : "SAFE_USD",
      "m" : "4611686018428183602"
    }, {
      "d" : "1756391154014444641",
      "t" : 1756391154014,
      "tn" : 1756391154014444641,
      "q" : "470.8",
      "p" : "0.4639",
      "s" : "buy",
      "i" : "SAFE_USD",
      "m" : "4611686018428183601"
    }, {
      "d" : "1756391153961658364",
      "t" : 1756391153961,
      "tn" : 1756391153961658364,
      "q" : "39.6",
      "p" : "0.4630",
      "s" : "buy",
      "i" : "SAFE_USD",
      "m" : "4611686018428183600"
    }, {
      "d" : "1756391109047081458",
      "t" : 1756391109047,
      "tn" : 1756391109047081458,
      "q" : "39.3",
      "p" : "0.4633",
      "s" : "sell",
      "i" : "SAFE_USD",
      "m" : "4611686018428183599"
    }, {
      "d" : "1756390901600850388",
      "t" : 1756390901600,
      "tn" : 1756390901600850388,
      "q" : "38.3",
      "p" : "0.4632",
      "s" : "sell",
      "i" : "SAFE_USD",
      "m" : "4611686018428183598"
    }, {
      "d" : "1756390900991841841",
      "t" : 1756390900991,
      "tn" : 1756390900991841841,
      "q" : "39.6",
      "p" : "0.4633",
      "s" : "sell",
      "i" : "SAFE_USD",
      "m" : "4611686018428183597"
    }, {
      "d" : "1756390900691725566",
      "t" : 1756390900691,
      "tn" : 1756390900691725566,
      "q" : "39.4",
      "p" : "0.4633",
      "s" : "sell",
      "i" : "SAFE_USD",
      "m" : "4611686018428183596"
    }, {
      "d" : "1756390882060860361",
      "t" : 1756390882060,
      "tn" : 1756390882060860361,
      "q" : "38.2",
      "p" : "0.4627",
      "s" : "sell",
      "i" : "SAFE_USD",
      "m" : "4611686018428183595"
    }, {
      "d" : "1756390879054092968",
      "t" : 1756390879054,
      "tn" : 1756390879054092968,
      "q" : "38.8",
      "p" : "0.4623",
      "s" : "sell",
      "i" : "SAFE_USD",
      "m" : "4611686018428183594"
    }, {
      "d" : "1756390878752133917",
      "t" : 1756390878752,
      "tn" : 1756390878752133917,
      "q" : "39.6",
      "p" : "0.4623",
      "s" : "sell",
      "i" : "SAFE_USD",
      "m" : "4611686018428183593"
    }, {
      "d" : "1756390878452470338",
      "t" : 1756390878452,
      "tn" : 1756390878452470338,
      "q" : "38.4",
      "p" : "0.4624",
      "s" : "sell",
      "i" : "SAFE_USD",
      "m" : "4611686018428183592"
    }, {
      "d" : "1756390856143790101",
      "t" : 1756390856143,
      "tn" : 1756390856143790101,
      "q" : "38.8",
      "p" : "0.4628",
      "s" : "sell",
      "i" : "SAFE_USD",
      "m" : "4611686018428183591"
    }, {
      "d" : "1756390802716665141",
      "t" : 1756390802716,
      "tn" : 1756390802716665141,
      "q" : "115.7",
      "p" : "0.4634",
      "s" : "buy",
      "i" : "SAFE_USD",
      "m" : "4611686018428183590"
    }, {
      "d" : "1756390802650716566",
      "t" : 1756390802650,
      "tn" : 1756390802650716566,
      "q" : "12.2",
      "p" : "0.4634",
      "s" : "buy",
      "i" : "SAFE_USD",
      "m" : "4611686018428183589"
    }, {
      "d" : "1756390802650714484",
      "t" : 1756390802650,
      "tn" : 1756390802650714484,
      "q" : "100.0",
      "p" : "0.4629",
      "s" : "buy",
      "i" : "SAFE_USD",
      "m" : "4611686018428183588"
    }, {
      "d" : "1756390296327175986",
      "t" : 1756390296327,
      "tn" : 1756390296327175986,
      "q" : "38.2",
      "p" : "0.4585",
      "s" : "buy",
      "i" : "SAFE_USD",
      "m" : "4611686018428183587"
    }, {
      "d" : "1756390093078953808",
      "t" : 1756390093078,
      "tn" : 1756390093078953808,
      "q" : "38.0",
      "p" : "0.4592",
      "s" : "buy",
      "i" : "SAFE_USD",
      "m" : "4611686018428183586"
    }, {
      "d" : "1756389985429561118",
      "t" : 1756389985429,
      "tn" : 1756389985429561118,
      "q" : "700.0",
      "p" : "0.4589",
      "s" : "sell",
      "i" : "SAFE_USD",
      "m" : "4611686018428183585"
    }, {
      "d" : "1756389985396024842",
      "t" : 1756389985396,
      "tn" : 1756389985396024842,
      "q" : "600.0",
      "p" : "0.4589",
      "s" : "sell",
      "i" : "SAFE_USD",
      "m" : "4611686018428183584"
    }, {
      "d" : "1756389985394172005",
      "t" : 1756389985394,
      "tn" : 1756389985394172005,
      "q" : "38.5",
      "p" : "0.4591",
      "s" : "sell",
      "i" : "SAFE_USD",
      "m" : "4611686018428183583"
    }, {
      "d" : "1756389941211766627",
      "t" : 1756389941211,
      "tn" : 1756389941211766627,
      "q" : "100.0",
      "p" : "0.4601",
      "s" : "buy",
      "i" : "SAFE_USD",
      "m" : "4611686018428183582"
    }, {
      "d" : "1756389941211764574",
      "t" : 1756389941211,
      "tn" : 1756389941211764574,
      "q" : "38.6",
      "p" : "0.4599",
      "s" : "buy",
      "i" : "SAFE_USD",
      "m" : "4611686018428183581"
    }, {
      "d" : "1756389918248298493",
      "t" : 1756389918248,
      "tn" : 1756389918248298493,
      "q" : "38.9",
      "p" : "0.4590",
      "s" : "sell",
      "i" : "SAFE_USD",
      "m" : "4611686018428183580"
    }, {
      "d" : "1756389912966737282",
      "t" : 1756389912966,
      "tn" : 1756389912966737282,
      "q" : "39.1",
      "p" : "0.4591",
      "s" : "sell",
      "i" : "SAFE_USD",
      "m" : "4611686018428183579"
    }, {
      "d" : "1756389912660651174",
      "t" : 1756389912660,
      "tn" : 1756389912660651174,
      "q" : "38.7",
      "p" : "0.4593",
      "s" : "sell",
      "i" : "SAFE_USD",
      "m" : "4611686018428183578"
    }, {
      "d" : "1756389912352413967",
      "t" : 1756389912352,
      "tn" : 1756389912352413967,
      "q" : "38.9",
      "p" : "0.4592",
      "s" : "sell",
      "i" : "SAFE_USD",
      "m" : "4611686018428183577"
    }, {
      "d" : "1756389912063448141",
      "t" : 1756389912063,
      "tn" : 1756389912063448141,
      "q" : "39.7",
      "p" : "0.4591",
      "s" : "sell",
      "i" : "SAFE_USD",
      "m" : "4611686018428183576"
    }, {
      "d" : "1756389912061601458",
      "t" : 1756389912061,
      "tn" : 1756389912061601458,
      "q" : "39.0",
      "p" : "0.4592",
      "s" : "sell",
      "i" : "SAFE_USD",
      "m" : "4611686018428183575"
    }, {
      "d" : "1756389911475128012",
      "t" : 1756389911475,
      "tn" : 1756389911475128012,
      "q" : "39.5",
      "p" : "0.4594",
      "s" : "sell",
      "i" : "SAFE_USD",
      "m" : "4611686018428183574"
    }, {
      "d" : "1756389911458527087",
      "t" : 1756389911458,
      "tn" : 1756389911458527087,
      "q" : "39.8",
      "p" : "0.4594",
      "s" : "sell",
      "i" : "SAFE_USD",
      "m" : "4611686018428183573"
    }, {
      "d" : "1756389911032497798",
      "t" : 1756389911032,
      "tn" : 1756389911032497798,
      "q" : "39.1",
      "p" : "0.4589",
      "s" : "sell",
      "i" : "SAFE_USD",
      "m" : "4611686018428183572"
    }, {
      "d" : "1756389910556091540",
      "t" : 1756389910556,
      "tn" : 1756389910556091540,
      "q" : "38.4",
      "p" : "0.4593",
      "s" : "sell",
      "i" : "SAFE_USD",
      "m" : "4611686018428183571"
    }, {
      "d" : "1756389910056821226",
      "t" : 1756389910056,
      "tn" : 1756389910056821226,
      "q" : "38.4",
      "p" : "0.4595",
      "s" : "sell",
      "i" : "SAFE_USD",
      "m" : "4611686018428183570"
    }, {
      "d" : "1756389909974119591",
      "t" : 1756389909974,
      "tn" : 1756389909974119591,
      "q" : "38.6",
      "p" : "0.4596",
      "s" : "sell",
      "i" : "SAFE_USD",
      "m" : "4611686018428183569"
    }, {
      "d" : "1756389858790968904",
      "t" : 1756389858790,
      "tn" : 1756389858790968904,
      "q" : "100.0",
      "p" : "0.4592",
      "s" : "buy",
      "i" : "SAFE_USD",
      "m" : "4611686018428183568"
    }, {
      "d" : "1756389850066766153",
      "t" : 1756389850066,
      "tn" : 1756389850066766153,
      "q" : "38.4",
      "p" : "0.4556",
      "s" : "sell",
      "i" : "SAFE_USD",
      "m" : "4611686018428183567"
    }, {
      "d" : "1756389849850756536",
      "t" : 1756389849850,
      "tn" : 1756389849850756536,
      "q" : "39.4",
      "p" : "0.4567",
      "s" : "sell",
      "i" : "SAFE_USD",
      "m" : "4611686018428183566"
    }, {
      "d" : "1756389846984966432",
      "t" : 1756389846984,
      "tn" : 1756389846984966432,
      "q" : "39.2",
      "p" : "0.4575",
      "s" : "sell",
      "i" : "SAFE_USD",
      "m" : "4611686018428183565"
    }, {
      "d" : "1756388604757406107",
      "t" : 1756388604757,
      "tn" : 1756388604757406107,
      "q" : "34.4",
      "p" : "0.4540",
      "s" : "sell",
      "i" : "SAFE_USD",
      "m" : "4611686018428183564"
    }, {
      "d" : "1756387549928820249",
      "t" : 1756387549928,
      "tn" : 1756387549928820249,
      "q" : "39.6",
      "p" : "0.4544",
      "s" : "sell",
      "i" : "SAFE_USD",
      "m" : "4611686018428183563"
    }, {
      "d" : "1756385453206875749",
      "t" : 1756385453206,
      "tn" : 1756385453206875749,
      "q" : "39.9",
      "p" : "0.4557",
      "s" : "sell",
      "i" : "SAFE_USD",
      "m" : "4611686018428183562"
    }, {
      "d" : "1756385453206874002",
      "t" : 1756385453206,
      "tn" : 1756385453206874002,
      "q" : "100.0",
      "p" : "0.4558",
      "s" : "sell",
      "i" : "SAFE_USD",
      "m" : "4611686018428183561"
    }, {
      "d" : "1756383105120239747",
      "t" : 1756383105120,
      "tn" : 1756383105120239747,
      "q" : "39.5",
      "p" : "0.4538",
      "s" : "buy",
      "i" : "SAFE_USD",
      "m" : "4611686018428183560"
    }, {
      "d" : "1756377626287100125",
      "t" : 1756377626287,
      "tn" : 1756377626287100125,
      "q" : "181.3",
      "p" : "0.4522",
      "s" : "sell",
      "i" : "SAFE_USD",
      "m" : "4611686018428183559"
    }, {
      "d" : "1756376185217589657",
      "t" : 1756376185217,
      "tn" : 1756376185217589657,
      "q" : "55.6",
      "p" : "0.4507",
      "s" : "sell",
      "i" : "SAFE_USD",
      "m" : "4611686018428183558"
    }, {
      "d" : "1756376185217587982",
      "t" : 1756376185217,
      "tn" : 1756376185217587982,
      "q" : "39.3",
      "p" : "0.4514",
      "s" : "sell",
      "i" : "SAFE_USD",
      "m" : "4611686018428183557"
    } ]
  }
}