{
  "id" : -1,
  "method" : "public/get-trades",
  "code" : 0,
  "result" : {
    "data" : [ {
      "d" : "1756462143568120903",
      "t" : 1756462143568,
      "tn" : 1756462143568120903,
      "q" : "2213.1",
      "p" : "0.27639",
      "s" : "sell",
      "i" : "SAND_USD",
      "m" : "4611686018431196704"
    }, {
      "d" : "1756462143568119103",
      "t" : 1756462143568,
      "tn" : 1756462143568119103,
      "q" : "54.0",
      "p" : "0.27640",
      "s" : "sell",
      "i" : "SAND_USD",
      "m" : "4611686018431196703"
    }, {
      "d" : "1756462143564151007",
      "t" : 1756462143564,
      "tn" : 1756462143564151007,
      "q" : "1941.9",
      "p" : "0.27640",
      "s" : "sell",
      "i" : "SAND_USD",
      "m" : "4611686018431196702"
    }, {
      "d" : "1756462140508496190",
      "t" : 1756462140508,
      "tn" : 1756462140508496190,
      "q" : "141.7",
      "p" : "0.27642",
      "s" : "sell",
      "i" : "SAND_USD",
      "m" : "4611686018431196701"
    }, {
      "d" : "1756462131861623549",
      "t" : 1756462131861,
      "tn" : 1756462131861623549,
      "q" : "141.7",
      "p" : "0.27610",
      "s" : "sell",
      "i" : "SAND_USD",
      "m" : "4611686018431196700"
    }, {
      "d" : "1756462128221502351",
      "t" : 1756462128221,
      "tn" : 1756462128221502351,
      "q" : "0.1",
      "p" : "0.27612",
      "s" : "buy",
      "i" : "SAND_USD",
      "m" : "4611686018431196699"
    }, {
      "d" : "1756462128218988042",
      "t" : 1756462128218,
      "tn" : 1756462128218988042,
      "q" : "141.6",
      "p" : "0.27612",
      "s" : "buy",
      "i" : "SAND_USD",
      "m" : "4611686018431196698"
    }, {
      "d" : "1756462128218986271",
      "t" : 1756462128218,
      "tn" : 1756462128218986271,
      "q" : "0.1",
      "p" : "0.27609",
      "s" : "buy",
      "i" : "SAND_USD",
      "m" : "4611686018431196697"
    }, {
      "d" : "1756462128201377302",
      "t" : 1756462128201,
      "tn" : 1756462128201377302,
      "q" : "141.6",
      "p" : "0.27609",
      "s" : "buy",
      "i" : "SAND_USD",
      "m" : "4611686018431196696"
    }, {
      "d" : "1756462128068334784",
      "t" : 1756462128068,
      "tn" : 1756462128068334784,
      "q" : "101.8",
      "p" : "0.27597",
      "s" : "buy",
      "i" : "SAND_USD",
      "m" : "4611686018431196695"
    }, {
      "d" : "1756462022537822226",
      "t" : 1756462022537,
      "tn" : 1756462022537822226,
      "q" : "62.0",
      "p" : "0.27528",
      "s" : "buy",
      "i" : "SAND_USD",
      "m" : "4611686018431196694"
    }, {
      "d" : "1756462022535528366",
      "t" : 1756462022535,
      "tn" : 1756462022535528366,
      "q" : "39.8",
      "p" : "0.27528",
      "s" : "buy",
      "i" : "SAND_USD",
      "m" : "4611686018431196693"
    }, {
      "d" : "1756461997288598790",
      "t" : 1756461997288,
      "tn" : 1756461997288598790,
      "q" : "141.6",
      "p" : "0.27510",
      "s" : "buy",
      "i" : "SAND_USD",
      "m" : "4611686018431196692"
    }, {
      "d" : "1756461751312264544",
      "t" : 1756461751312,
      "tn" : 1756461751312264544,
      "q" : "141.6",
      "p" : "0.27490",
      "s" : "buy",
      "i" : "SAND_USD",
      "m" : "4611686018431196691"
    }, {
      "d" : "1756461723401572546",
      "t" : 1756461723401,
      "tn" : 1756461723401572546,
      "q" : "101.8",
      "p" : "0.27459",
      "s" : "buy",
      "i" : "SAND_USD",
      "m" : "4611686018431196690"
    }, {
      "d" : "1756461601543993537",
      "t" : 1756461601543,
      "tn" : 1756461601543993537,
      "q" : "141.7",
      "p" : "0.27414",
      "s" : "sell",
      "i" : "SAND_USD",
      "m" : "4611686018431196689"
    }, {
      "d" : "1756461601543942068",
      "t" : 1756461601543,
      "tn" : 1756461601543942068,
      "q" : "141.8",
      "p" : "0.27414",
      "s" : "sell",
      "i" : "SAND_USD",
      "m" : "4611686018431196688"
    }, {
      "d" : "1756461601543790560",
      "t" : 1756461601543,
      "tn" : 1756461601543790560,
      "q" : "283.5",
      "p" : "0.27414",
      "s" : "sell",
      "i" : "SAND_USD",
      "m" : "4611686018431196687"
    }, {
      "d" : "1756461601542298560",
      "t" : 1756461601542,
      "tn" : 1756461601542298560,
      "q" : "283.5",
      "p" : "0.27414",
      "s" : "sell",
      "i" : "SAND_USD",
      "m" : "4611686018431196686"
    }, {
      "d" : "1756461601542267806",
      "t" : 1756461601542,
      "tn" : 1756461601542267806,
      "q" : "283.5",
      "p" : "0.27414",
      "s" : "sell",
      "i" : "SAND_USD",
      "m" : "4611686018431196685"
    }, {
      "d" : "1756461601382026915",
      "t" : 1756461601382,
      "tn" : 1756461601382026915,
      "q" : "1314.3",
      "p" : "0.27414",
      "s" : "sell",
      "i" : "SAND_USD",
      "m" : "4611686018431196684"
    }, {
      "d" : "1756461601337175227",
      "t" : 1756461601337,
      "tn" : 1756461601337175227,
      "q" : "141.7",
      "p" : "0.27414",
      "s" : "sell",
      "i" : "SAND_USD",
      "m" : "4611686018431196683"
    }, {
      "d" : "1756461601334601512",
      "t" : 1756461601334,
      "tn" : 1756461601334601512,
      "q" : "283.5",
      "p" : "0.27414",
      "s" : "sell",
      "i" : "SAND_USD",
      "m" : "4611686018431196682"
    }, {
      "d" : "1756461601334449894",
      "t" : 1756461601334,
      "tn" : 1756461601334449894,
      "q" : "166.1",
      "p" : "0.27414",
      "s" : "sell",
      "i" : "SAND_USD",
      "m" : "4611686018431196681"
    }, {
      "d" : "1756461601334446177",
      "t" : 1756461601334,
      "tn" : 1756461601334446177,
      "q" : "992.2",
      "p" : "0.27414",
      "s" : "sell",
      "i" : "SAND_USD",
      "m" : "4611686018431196680"
    }, {
      "d" : "1756461601334445395",
      "t" : 1756461601334,
      "tn" : 1756461601334445395,
      "q" : "3261.1",
      "p" : "0.27414",
      "s" : "sell",
      "i" : "SAND_USD",
      "m" : "4611686018431196679"
    }, {
      "d" : "1756461601334412230",
      "t" : 1756461601334,
      "tn" : 1756461601334412230,
      "q" : "1182.8",
      "p" : "0.27414",
      "s" : "sell",
      "i" : "SAND_USD",
      "m" : "4611686018431196678"
    }, {
      "d" : "1756461601334252671",
      "t" : 1756461601334,
      "tn" : 1756461601334252671,
      "q" : "2297.5",
      "p" : "0.27414",
      "s" : "sell",
      "i" : "SAND_USD",
      "m" : "4611686018431196677"
    }, {
      "d" : "1756461601333356234",
      "t" : 1756461601333,
      "tn" : 1756461601333356234,
      "q" : "283.5",
      "p" : "0.27414",
      "s" : "sell",
      "i" : "SAND_USD",
      "m" : "4611686018431196676"
    }, {
      "d" : "1756461601333228844",
      "t" : 1756461601333,
      "tn" : 1756461601333228844,
      "q" : "283.5",
      "p" : "0.27414",
      "s" : "sell",
      "i" : "SAND_USD",
      "m" : "4611686018431196675"
    }, {
      "d" : "1756461601333035318",
      "t" : 1756461601333,
      "tn" : 1756461601333035318,
      "q" : "101.8",
      "p" : "0.27414",
      "s" : "sell",
      "i" : "SAND_USD",
      "m" : "4611686018431196674"
    }, {
      "d" : "1756460877686120297",
      "t" : 1756460877686,
      "tn" : 1756460877686120297,
      "q" : "101.8",
      "p" : "0.27391",
      "s" : "buy",
      "i" : "SAND_USD",
      "m" : "4611686018431196673"
    }, {
      "d" : "1756460430537646611",
      "t" : 1756460430537,
      "tn" : 1756460430537646611,
      "q" : "2000.0",
      "p" : "0.27342",
      "s" : "sell",
      "i" : "SAND_USD",
      "m" : "4611686018431196672"
    }, {
      "d" : "1756459961678312109",
      "t" : 1756459961678,
      "tn" : 1756459961678312109,
      "q" : "427.4",
      "p" : "0.27301",
      "s" : "buy",
      "i" : "SAND_USD",
      "m" : "4611686018431196671"
    }, {
      "d" : "1756459956582141638",
      "t" : 1756459956582,
      "tn" : 1756459956582141638,
      "q" : "239.1",
      "p" : "0.27304",
      "s" : "buy",
      "i" : "SAND_USD",
      "m" : "4611686018431196670"
    }, {
      "d" : "1756459247610196955",
      "t" : 1756459247610,
      "tn" : 1756459247610196955,
      "q" : "957.2",
      "p" : "0.27325",
      "s" : "sell",
      "i" : "SAND_USD",
      "m" : "4611686018431196669"
    }, {
      "d" : "1756459195189164166",
      "t" : 1756459195189,
      "tn" : 1756459195189164166,
      "q" : "101.8",
      "p" : "0.27323",
      "s" : "buy",
      "i" : "SAND_USD",
      "m" : "4611686018431196668"
    }, {
      "d" : "1756459105012136217",
      "t" : 1756459105012,
      "tn" : 1756459105012136217,
      "q" : "101.8",
      "p" : "0.27255",
      "s" : "buy",
      "i" : "SAND_USD",
      "m" : "4611686018431196667"
    }, {
      "d" : "1756458704122507701",
      "t" : 1756458704122,
      "tn" : 1756458704122507701,
      "q" : "0.1",
      "p" : "0.27187",
      "s" : "buy",
      "i" : "SAND_USD",
      "m" : "4611686018431196666"
    }, {
      "d" : "1756458349845107161",
      "t" : 1756458349845,
      "tn" : 1756458349845107161,
      "q" : "101.7",
      "p" : "0.27187",
      "s" : "buy",
      "i" : "SAND_USD",
      "m" : "4611686018431196665"
    }, {
      "d" : "1756458341495235128",
      "t" : 1756458341495,
      "tn" : 1756458341495235128,
      "q" : "141.7",
      "p" : "0.27141",
      "s" : "sell",
      "i" : "SAND_USD",
      "m" : "4611686018431196664"
    }, {
      "d" : "1756458341495231749",
      "t" : 1756458341495,
      "tn" : 1756458341495231749,
      "q" : "141.7",
      "p" : "0.27144",
      "s" : "sell",
      "i" : "SAND_USD",
      "m" : "4611686018431196663"
    }, {
      "d" : "1756458177145494905",
      "t" : 1756458177145,
      "tn" : 1756458177145494905,
      "q" : "32.8",
      "p" : "0.27119",
      "s" : "sell",
      "i" : "SAND_USD",
      "m" : "4611686018431196662"
    }, {
      "d" : "1756458176818911773",
      "t" : 1756458176818,
      "tn" : 1756458176818911773,
      "q" : "69.2",
      "p" : "0.27119",
      "s" : "sell",
      "i" : "SAND_USD",
      "m" : "4611686018431196661"
    }, {
      "d" : "1756458141539439742",
      "t" : 1756458141539,
      "tn" : 1756458141539439742,
      "q" : "102.0",
      "p" : "0.27187",
      "s" : "sell",
      "i" : "SAND_USD",
      "m" : "4611686018431196660"
    }, {
      "d" : "1756458141424149110",
      "t" : 1756458141424,
      "tn" : 1756458141424149110,
      "q" : "50.0",
      "p" : "0.27189",
      "s" : "sell",
      "i" : "SAND_USD",
      "m" : "4611686018431196659"
    }, {
      "d" : "1756458112082946053",
      "t" : 1756458112082,
      "tn" : 1756458112082946053,
      "q" : "141.6",
      "p" : "0.27194",
      "s" : "sell",
      "i" : "SAND_USD",
      "m" : "4611686018431196658"
    }, {
      "d" : "1756457862536362585",
      "t" : 1756457862536,
      "tn" : 1756457862536362585,
      "q" : "0.1",
      "p" : "0.27255",
      "s" : "sell",
      "i" : "SAND_USD",
      "m" : "4611686018431196657"
    }, {
      "d" : "1756457862536335901",
      "t" : 1756457862536,
      "tn" : 1756457862536335901,
      "q" : "567.5",
      "p" : "0.27268",
      "s" : "sell",
      "i" : "SAND_USD",
      "m" : "4611686018431196656"
    }, {
      "d" : "1756457833818053315",
      "t" : 1756457833818,
      "tn" : 1756457833818053315,
      "q" : "101.9",
      "p" : "0.27255",
      "s" : "sell",
      "i" : "SAND_USD",
      "m" : "4611686018431196655"
    }, {
      "d" : "1756457833818049730",
      "t" : 1756457833818,
      "tn" : 1756457833818049730,
      "q" : "141.7",
      "p" : "0.27256",
      "s" : "sell",
      "i" : "SAND_USD",
      "m" : "4611686018431196654"
    }, {
      "d" : "1756457540427174845",
      "t" : 1756457540427,
      "tn" : 1756457540427174845,
      "q" : "62.2",
      "p" : "0.27323",
      "s" : "sell",
      "i" : "SAND_USD",
      "m" : "4611686018431196653"
    }, {
      "d" : "1756457540427029686",
      "t" : 1756457540427,
      "tn" : 1756457540427029686,
      "q" : "39.8",
      "p" : "0.27323",
      "s" : "sell",
      "i" : "SAND_USD",
      "m" : "4611686018431196652"
    }, {
      "d" : "1756457063788341500",
      "t" : 1756457063788,
      "tn" : 1756457063788341500,
      "q" : "102.0",
      "p" : "0.27391",
      "s" : "sell",
      "i" : "SAND_USD",
      "m" : "4611686018431196651"
    }, {
      "d" : "1756456470310909917",
      "t" : 1756456470310,
      "tn" : 1756456470310909917,
      "q" : "55.4",
      "p" : "0.27459",
      "s" : "buy",
      "i" : "SAND_USD",
      "m" : "4611686018431196650"
    }, {
      "d" : "1756456470310742330",
      "t" : 1756456470310,
      "tn" : 1756456470310742330,
      "q" : "46.4",
      "p" : "0.27459",
      "s" : "buy",
      "i" : "SAND_USD",
      "m" : "4611686018431196649"
    }, {
      "d" : "1756455964879129624",
      "t" : 1756455964879,
      "tn" : 1756455964879129624,
      "q" : "101.8",
      "p" : "0.27391",
      "s" : "buy",
      "i" : "SAND_USD",
      "m" : "4611686018431196648"
    }, {
      "d" : "1756455625976274684",
      "t" : 1756455625976,
      "tn" : 1756455625976274684,
      "q" : "62.4",
      "p" : "0.27323",
      "s" : "sell",
      "i" : "SAND_USD",
      "m" : "4611686018431196647"
    }, {
      "d" : "1756455625972292359",
      "t" : 1756455625972,
      "tn" : 1756455625972292359,
      "q" : "39.6",
      "p" : "0.27323",
      "s" : "sell",
      "i" : "SAND_USD",
      "m" : "4611686018431196646"
    }, {
      "d" : "1756454953861706424",
      "t" : 1756454953861,
      "tn" : 1756454953861706424,
      "q" : "102.0",
      "p" : "0.27391",
      "s" : "sell",
      "i" : "SAND_USD",
      "m" : "4611686018431196645"
    }, {
      "d" : "1756454681466075296",
      "t" : 1756454681466,
      "tn" : 1756454681466075296,
      "q" : "461.3",
      "p" : "0.27423",
      "s" : "buy",
      "i" : "SAND_USD",
      "m" : "4611686018431196644"
    }, {
      "d" : "1756454676633177891",
      "t" : 1756454676633,
      "tn" : 1756454676633177891,
      "q" : "23.3",
      "p" : "0.27425",
      "s" : "buy",
      "i" : "SAND_USD",
      "m" : "4611686018431196643"
    }, {
      "d" : "1756454655560743624",
      "t" : 1756454655560,
      "tn" : 1756454655560743624,
      "q" : "120.0",
      "p" : "0.27447",
      "s" : "buy",
      "i" : "SAND_USD",
      "m" : "4611686018431196642"
    }, {
      "d" : "1756454655023359139",
      "t" : 1756454655023,
      "tn" : 1756454655023359139,
      "q" : "850.5",
      "p" : "0.27447",
      "s" : "buy",
      "i" : "SAND_USD",
      "m" : "4611686018431196641"
    }, {
      "d" : "1756454655022841785",
      "t" : 1756454655022,
      "tn" : 1756454655022841785,
      "q" : "425.2",
      "p" : "0.27447",
      "s" : "buy",
      "i" : "SAND_USD",
      "m" : "4611686018431196640"
    }, {
      "d" : "1756454651688504938",
      "t" : 1756454651688,
      "tn" : 1756454651688504938,
      "q" : "141.8",
      "p" : "0.27440",
      "s" : "buy",
      "i" : "SAND_USD",
      "m" : "4611686018431196639"
    }, {
      "d" : "1756454651687967850",
      "t" : 1756454651687,
      "tn" : 1756454651687967850,
      "q" : "141.6",
      "p" : "0.27440",
      "s" : "buy",
      "i" : "SAND_USD",
      "m" : "4611686018431196638"
    }, {
      "d" : "1756454577568949389",
      "t" : 1756454577568,
      "tn" : 1756454577568949389,
      "q" : "141.7",
      "p" : "0.27509",
      "s" : "sell",
      "i" : "SAND_USD",
      "m" : "4611686018431196637"
    }, {
      "d" : "1756454289114478492",
      "t" : 1756454289114,
      "tn" : 1756454289114478492,
      "q" : "102.0",
      "p" : "0.27459",
      "s" : "sell",
      "i" : "SAND_USD",
      "m" : "4611686018431196636"
    }, {
      "d" : "1756453009537485950",
      "t" : 1756453009537,
      "tn" : 1756453009537485950,
      "q" : "0.3",
      "p" : "0.27528",
      "s" : "sell",
      "i" : "SAND_USD",
      "m" : "4611686018431196635"
    }, {
      "d" : "1756453009537467170",
      "t" : 1756453009537,
      "tn" : 1756453009537467170,
      "q" : "101.7",
      "p" : "0.27528",
      "s" : "sell",
      "i" : "SAND_USD",
      "m" : "4611686018431196634"
    }, {
      "d" : "1756452787364260544",
      "t" : 1756452787364,
      "tn" : 1756452787364260544,
      "q" : "101.8",
      "p" : "0.27597",
      "s" : "buy",
      "i" : "SAND_USD",
      "m" : "4611686018431196633"
    }, {
      "d" : "1756452685149245524",
      "t" : 1756452685149,
      "tn" : 1756452685149245524,
      "q" : "29.4",
      "p" : "0.27528",
      "s" : "buy",
      "i" : "SAND_USD",
      "m" : "4611686018431196632"
    }, {
      "d" : "1756452683912940919",
      "t" : 1756452683912,
      "tn" : 1756452683912940919,
      "q" : "72.4",
      "p" : "0.27528",
      "s" : "buy",
      "i" : "SAND_USD",
      "m" : "4611686018431196631"
    }, {
      "d" : "1756452358527356707",
      "t" : 1756452358527,
      "tn" : 1756452358527356707,
      "q" : "102.0",
      "p" : "0.27459",
      "s" : "sell",
      "i" : "SAND_USD",
      "m" : "4611686018431196630"
    }, {
      "d" : "1756452358526274106",
      "t" : 1756452358526,
      "tn" : 1756452358526274106,
      "q" : "50.0",
      "p" : "0.27461",
      "s" : "sell",
      "i" : "SAND_USD",
      "m" : "4611686018431196629"
    }, {
      "d" : "1756452135143179483",
      "t" : 1756452135143,
      "tn" : 1756452135143179483,
      "q" : "141.7",
      "p" : "0.27468",
      "s" : "sell",
      "i" : "SAND_USD",
      "m" : "4611686018431196628"
    }, {
      "d" : "1756451692027139889",
      "t" : 1756451692027,
      "tn" : 1756451692027139889,
      "q" : "1165.2",
      "p" : "0.27500",
      "s" : "sell",
      "i" : "SAND_USD",
      "m" : "4611686018431196627"
    }, {
      "d" : "1756451692027138067",
      "t" : 1756451692027,
      "tn" : 1756451692027138067,
      "q" : "141.7",
      "p" : "0.27505",
      "s" : "sell",
      "i" : "SAND_USD",
      "m" : "4611686018431196626"
    }, {
      "d" : "1756451691583510696",
      "t" : 1756451691583,
      "tn" : 1756451691583510696,
      "q" : "62.2",
      "p" : "0.27528",
      "s" : "sell",
      "i" : "SAND_USD",
      "m" : "4611686018431196625"
    }, {
      "d" : "1756451691583325642",
      "t" : 1756451691583,
      "tn" : 1756451691583325642,
      "q" : "39.8",
      "p" : "0.27528",
      "s" : "sell",
      "i" : "SAND_USD",
      "m" : "4611686018431196624"
    }, {
      "d" : "1756451611406084459",
      "t" : 1756451611406,
      "tn" : 1756451611406084459,
      "q" : "102.0",
      "p" : "0.27597",
      "s" : "sell",
      "i" : "SAND_USD",
      "m" : "4611686018431196623"
    }, {
      "d" : "1756451489564400155",
      "t" : 1756451489564,
      "tn" : 1756451489564400155,
      "q" : "4.0",
      "p" : "0.27692",
      "s" : "sell",
      "i" : "SAND_USD",
      "m" : "4611686018431196622"
    }, {
      "d" : "1756451307076666528",
      "t" : 1756451307076,
      "tn" : 1756451307076666528,
      "q" : "22.5",
      "p" : "0.27666",
      "s" : "sell",
      "i" : "SAND_USD",
      "m" : "4611686018431196621"
    }, {
      "d" : "1756451307074648983",
      "t" : 1756451307074,
      "tn" : 1756451307074648983,
      "q" : "79.5",
      "p" : "0.27666",
      "s" : "sell",
      "i" : "SAND_USD",
      "m" : "4611686018431196620"
    }, {
      "d" : "1756451228815265541",
      "t" : 1756451228815,
      "tn" : 1756451228815265541,
      "q" : "62.2",
      "p" : "0.27735",
      "s" : "sell",
      "i" : "SAND_USD",
      "m" : "4611686018431196619"
    }, {
      "d" : "1756451228815162038",
      "t" : 1756451228815,
      "tn" : 1756451228815162038,
      "q" : "39.8",
      "p" : "0.27735",
      "s" : "sell",
      "i" : "SAND_USD",
      "m" : "4611686018431196618"
    }, {
      "d" : "1756451042181611834",
      "t" : 1756451042181,
      "tn" : 1756451042181611834,
      "q" : "101.8",
      "p" : "0.27804",
      "s" : "buy",
      "i" : "SAND_USD",
      "m" : "4611686018431196617"
    }, {
      "d" : "1756450970276841275",
      "t" : 1756450970276,
      "tn" : 1756450970276841275,
      "q" : "102.0",
      "p" : "0.27735",
      "s" : "sell",
      "i" : "SAND_USD",
      "m" : "4611686018431196616"
    }, {
      "d" : "1756450945131276363",
      "t" : 1756450945131,
      "tn" : 1756450945131276363,
      "q" : "5267.3",
      "p" : "0.27784",
      "s" : "sell",
      "i" : "SAND_USD",
      "m" : "4611686018431196615"
    }, {
      "d" : "1756450945131187543",
      "t" : 1756450945131,
      "tn" : 1756450945131187543,
      "q" : "3546.5",
      "p" : "0.27784",
      "s" : "sell",
      "i" : "SAND_USD",
      "m" : "4611686018431196614"
    }, {
      "d" : "1756450945131186074",
      "t" : 1756450945131,
      "tn" : 1756450945131186074,
      "q" : "141.7",
      "p" : "0.27786",
      "s" : "sell",
      "i" : "SAND_USD",
      "m" : "4611686018431196613"
    }, {
      "d" : "1756450899176487005",
      "t" : 1756450899176,
      "tn" : 1756450899176487005,
      "q" : "122.0",
      "p" : "0.27815",
      "s" : "buy",
      "i" : "SAND_USD",
      "m" : "4611686018431196612"
    }, {
      "d" : "1756450899176485400",
      "t" : 1756450899176,
      "tn" : 1756450899176485400,
      "q" : "141.7",
      "p" : "0.27814",
      "s" : "buy",
      "i" : "SAND_USD",
      "m" : "4611686018431196611"
    }, {
      "d" : "1756450899038140109",
      "t" : 1756450899038,
      "tn" : 1756450899038140109,
      "q" : "141.7",
      "p" : "0.27803",
      "s" : "sell",
      "i" : "SAND_USD",
      "m" : "4611686018431196610"
    }, {
      "d" : "1756450899038137844",
      "t" : 1756450899038,
      "tn" : 1756450899038137844,
      "q" : "102.0",
      "p" : "0.27804",
      "s" : "sell",
      "i" : "SAND_USD",
      "m" : "4611686018431196609"
    }, {
      "d" : "1756450899038061026",
      "t" : 1756450899038,
      "tn" : 1756450899038061026,
      "q" : "141.7",
      "p" : "0.27806",
      "s" : "sell",
      "i" : "SAND_USD",
      "m" : "4611686018431196608"
    }, {
      "d" : "1756450897913145742",
      "t" : 1756450897913,
      "tn" : 1756450897913145742,
      "q" : "141.7",
      "p" : "0.27818",
      "s" : "sell",
      "i" : "SAND_USD",
      "m" : "4611686018431196607"
    }, {
      "d" : "1756450894749132921",
      "t" : 1756450894749,
      "tn" : 1756450894749132921,
      "q" : "102.0",
      "p" : "0.27874",
      "s" : "sell",
      "i" : "SAND_USD",
      "m" : "4611686018431196606"
    }, {
      "d" : "1756450894749037904",
      "t" : 1756450894749,
      "tn" : 1756450894749037904,
      "q" : "141.7",
      "p" : "0.27875",
      "s" : "sell",
      "i" : "SAND_USD",
      "m" : "4611686018431196605"
    }, {
      "d" : "1756450850844332436",
      "t" : 1756450850844,
      "tn" : 1756450850844332436,
      "q" : "141.7",
      "p" : "0.27941",
      "s" : "sell",
      "i" : "SAND_USD",
      "m" : "4611686018431196604"
    }, {
      "d" : "1756450850844330266",
      "t" : 1756450850844,
      "tn" : 1756450850844330265,
      "q" : "141.7",
      "p" : "0.27944",
      "s" : "sell",
      "i" : "SAND_USD",
      "m" : "4611686018431196603"
    }, {
      "d" : "1756450850844330265",
      "t" : 1756450850844,
      "tn" : 1756450850844330265,
      "q" : "37.6",
      "p" : "0.27944",
      "s" : "sell",
      "i" : "SAND_USD",
      "m" : "4611686018431196603"
    }, {
      "d" : "1756450850318116913",
      "t" : 1756450850318,
      "tn" : 1756450850318116913,
      "q" : "64.4",
      "p" : "0.27944",
      "s" : "sell",
      "i" : "SAND_USD",
      "m" : "4611686018431196602"
    }, {
      "d" : "1756450850317369789",
      "t" : 1756450850317,
      "tn" : 1756450850317369789,
      "q" : "141.7",
      "p" : "0.27947",
      "s" : "sell",
      "i" : "SAND_USD",
      "m" : "4611686018431196601"
    }, {
      "d" : "1756450720353016720",
      "t" : 1756450720353,
      "tn" : 1756450720353016720,
      "q" : "141.7",
      "p" : "0.27987",
      "s" : "sell",
      "i" : "SAND_USD",
      "m" : "4611686018431196600"
    }, {
      "d" : "1756450548796427091",
      "t" : 1756450548796,
      "tn" : 1756450548796427090,
      "q" : "141.7",
      "p" : "0.28014",
      "s" : "sell",
      "i" : "SAND_USD",
      "m" : "4611686018431196599"
    }, {
      "d" : "1756450548796427090",
      "t" : 1756450548796,
      "tn" : 1756450548796427090,
      "q" : "102.0",
      "p" : "0.28014",
      "s" : "sell",
      "i" : "SAND_USD",
      "m" : "4611686018431196599"
    }, {
      "d" : "1756450541356932990",
      "t" : 1756450541356,
      "tn" : 1756450541356932990,
      "q" : "141.7",
      "p" : "0.28022",
      "s" : "sell",
      "i" : "SAND_USD",
      "m" : "4611686018431196598"
    }, {
      "d" : "1756450494768285771",
      "t" : 1756450494768,
      "tn" : 1756450494768285771,
      "q" : "40.1",
      "p" : "0.28084",
      "s" : "buy",
      "i" : "SAND_USD",
      "m" : "4611686018431196597"
    }, {
      "d" : "1756450494756363679",
      "t" : 1756450494756,
      "tn" : 1756450494756363678,
      "q" : "101.6",
      "p" : "0.28084",
      "s" : "buy",
      "i" : "SAND_USD",
      "m" : "4611686018431196596"
    }, {
      "d" : "1756450494756363678",
      "t" : 1756450494756,
      "tn" : 1756450494756363678,
      "q" : "0.1",
      "p" : "0.28084",
      "s" : "buy",
      "i" : "SAND_USD",
      "m" : "4611686018431196596"
    }, {
      "d" : "1756450494756360952",
      "t" : 1756450494756,
      "tn" : 1756450494756360952,
      "q" : "141.7",
      "p" : "0.28083",
      "s" : "buy",
      "i" : "SAND_USD",
      "m" : "4611686018431196595"
    }, {
      "d" : "1756450494727710626",
      "t" : 1756450494727,
      "tn" : 1756450494727710626,
      "q" : "101.7",
      "p" : "0.28084",
      "s" : "buy",
      "i" : "SAND_USD",
      "m" : "4611686018431196594"
    }, {
      "d" : "1756450494727708456",
      "t" : 1756450494727,
      "tn" : 1756450494727708456,
      "q" : "141.7",
      "p" : "0.28083",
      "s" : "buy",
      "i" : "SAND_USD",
      "m" : "4611686018431196593"
    }, {
      "d" : "1756450493646729986",
      "t" : 1756450493646,
      "tn" : 1756450493646729986,
      "q" : "0.1",
      "p" : "0.28081",
      "s" : "buy",
      "i" : "SAND_USD",
      "m" : "4611686018431196592"
    }, {
      "d" : "1756450493613745478",
      "t" : 1756450493613,
      "tn" : 1756450493613745478,
      "q" : "141.6",
      "p" : "0.28081",
      "s" : "buy",
      "i" : "SAND_USD",
      "m" : "4611686018431196591"
    }, {
      "d" : "1756450370932078865",
      "t" : 1756450370932,
      "tn" : 1756450370932078865,
      "q" : "506.1",
      "p" : "0.28021",
      "s" : "buy",
      "i" : "SAND_USD",
      "m" : "4611686018431196590"
    }, {
      "d" : "1756450370932076280",
      "t" : 1756450370932,
      "tn" : 1756450370932076279,
      "q" : "141.7",
      "p" : "0.28014",
      "s" : "buy",
      "i" : "SAND_USD",
      "m" : "4611686018431196589"
    }, {
      "d" : "1756450370932076279",
      "t" : 1756450370932,
      "tn" : 1756450370932076279,
      "q" : "0.1",
      "p" : "0.28014",
      "s" : "buy",
      "i" : "SAND_USD",
      "m" : "4611686018431196589"
    }, {
      "d" : "1756450340738660039",
      "t" : 1756450340738,
      "tn" : 1756450340738660039,
      "q" : "883.3",
      "p" : "0.28013",
      "s" : "buy",
      "i" : "SAND_USD",
      "m" : "4611686018431196588"
    }, {
      "d" : "1756450318874663351",
      "t" : 1756450318874,
      "tn" : 1756450318874663351,
      "q" : "101.7",
      "p" : "0.28014",
      "s" : "buy",
      "i" : "SAND_USD",
      "m" : "4611686018431196587"
    }, {
      "d" : "1756450318874660411",
      "t" : 1756450318874,
      "tn" : 1756450318874660411,
      "q" : "0.1",
      "p" : "0.28010",
      "s" : "buy",
      "i" : "SAND_USD",
      "m" : "4611686018431196586"
    }, {
      "d" : "1756450310401739660",
      "t" : 1756450310401,
      "tn" : 1756450310401739660,
      "q" : "141.6",
      "p" : "0.28010",
      "s" : "buy",
      "i" : "SAND_USD",
      "m" : "4611686018431196585"
    }, {
      "d" : "1756450161700383324",
      "t" : 1756450161700,
      "tn" : 1756450161700383324,
      "q" : "3821.8",
      "p" : "0.27980",
      "s" : "sell",
      "i" : "SAND_USD",
      "m" : "4611686018431196584"
    }, {
      "d" : "1756450161589691572",
      "t" : 1756450161589,
      "tn" : 1756450161589691572,
      "q" : "141.7",
      "p" : "0.27983",
      "s" : "sell",
      "i" : "SAND_USD",
      "m" : "4611686018431196583"
    }, {
      "d" : "1756449968644112554",
      "t" : 1756449968644,
      "tn" : 1756449968644112554,
      "q" : "0.2",
      "p" : "0.27944",
      "s" : "buy",
      "i" : "SAND_USD",
      "m" : "4611686018431196582"
    }, {
      "d" : "1756449944953788777",
      "t" : 1756449944953,
      "tn" : 1756449944953788777,
      "q" : "141.6",
      "p" : "0.27937",
      "s" : "sell",
      "i" : "SAND_USD",
      "m" : "4611686018431196581"
    }, {
      "d" : "1756449944953786188",
      "t" : 1756449944953,
      "tn" : 1756449944953786187,
      "q" : "3.6",
      "p" : "0.27943",
      "s" : "sell",
      "i" : "SAND_USD",
      "m" : "4611686018431196580"
    }, {
      "d" : "1756449944953786187",
      "t" : 1756449944953,
      "tn" : 1756449944953786187,
      "q" : "3.6",
      "p" : "0.27943",
      "s" : "sell",
      "i" : "SAND_USD",
      "m" : "4611686018431196580"
    }, {
      "d" : "1756449758042423949",
      "t" : 1756449758042,
      "tn" : 1756449758042423949,
      "q" : "101.6",
      "p" : "0.27944",
      "s" : "buy",
      "i" : "SAND_USD",
      "m" : "4611686018431196579"
    }, {
      "d" : "1756449758042422033",
      "t" : 1756449758042,
      "tn" : 1756449758042422033,
      "q" : "141.7",
      "p" : "0.27940",
      "s" : "buy",
      "i" : "SAND_USD",
      "m" : "4611686018431196578"
    }, {
      "d" : "1756449686296457808",
      "t" : 1756449686296,
      "tn" : 1756449686296457808,
      "q" : "141.6",
      "p" : "0.27905",
      "s" : "buy",
      "i" : "SAND_USD",
      "m" : "4611686018431196577"
    }, {
      "d" : "1756449603663726550",
      "t" : 1756449603663,
      "tn" : 1756449603663726550,
      "q" : "98.9",
      "p" : "0.27857",
      "s" : "sell",
      "i" : "SAND_USD",
      "m" : "4611686018431196576"
    }, {
      "d" : "1756449603663724759",
      "t" : 1756449603663,
      "tn" : 1756449603663724759,
      "q" : "141.7",
      "p" : "0.27863",
      "s" : "sell",
      "i" : "SAND_USD",
      "m" : "4611686018431196575"
    }, {
      "d" : "1756449603663721930",
      "t" : 1756449603663,
      "tn" : 1756449603663721930,
      "q" : "141.7",
      "p" : "0.27872",
      "s" : "sell",
      "i" : "SAND_USD",
      "m" : "4611686018431196574"
    }, {
      "d" : "1756449603663719162",
      "t" : 1756449603663,
      "tn" : 1756449603663719162,
      "q" : "102.0",
      "p" : "0.27874",
      "s" : "sell",
      "i" : "SAND_USD",
      "m" : "4611686018431196573"
    }, {
      "d" : "1756449603663716286",
      "t" : 1756449603663,
      "tn" : 1756449603663716286,
      "q" : "141.7",
      "p" : "0.27875",
      "s" : "sell",
      "i" : "SAND_USD",
      "m" : "4611686018431196572"
    }, {
      "d" : "1756449575360728583",
      "t" : 1756449575360,
      "tn" : 1756449575360728583,
      "q" : "591.0",
      "p" : "0.27895",
      "s" : "sell",
      "i" : "SAND_USD",
      "m" : "4611686018431196571"
    }, {
      "d" : "1756449571124139832",
      "t" : 1756449571124,
      "tn" : 1756449571124139832,
      "q" : "217.0",
      "p" : "0.27895",
      "s" : "sell",
      "i" : "SAND_USD",
      "m" : "4611686018431196570"
    }, {
      "d" : "1756449571123720228",
      "t" : 1756449571123,
      "tn" : 1756449571123720228,
      "q" : "108.3",
      "p" : "0.27895",
      "s" : "sell",
      "i" : "SAND_USD",
      "m" : "4611686018431196569"
    }, {
      "d" : "1756449571123718468",
      "t" : 1756449571123,
      "tn" : 1756449571123718468,
      "q" : "141.7",
      "p" : "0.27897",
      "s" : "sell",
      "i" : "SAND_USD",
      "m" : "4611686018431196568"
    }, {
      "d" : "1756449543958449316",
      "t" : 1756449543958,
      "tn" : 1756449543958449316,
      "q" : "286.3",
      "p" : "0.27910",
      "s" : "sell",
      "i" : "SAND_USD",
      "m" : "4611686018431196567"
    }, {
      "d" : "1756449543958445876",
      "t" : 1756449543958,
      "tn" : 1756449543958445876,
      "q" : "141.7",
      "p" : "0.27911",
      "s" : "sell",
      "i" : "SAND_USD",
      "m" : "4611686018431196566"
    }, {
      "d" : "1756449543958443534",
      "t" : 1756449543958,
      "tn" : 1756449543958443534,
      "q" : "141.7",
      "p" : "0.27914",
      "s" : "sell",
      "i" : "SAND_USD",
      "m" : "4611686018431196565"
    }, {
      "d" : "1756449543958441106",
      "t" : 1756449543958,
      "tn" : 1756449543958441106,
      "q" : "3.6",
      "p" : "0.27915",
      "s" : "sell",
      "i" : "SAND_USD",
      "m" : "4611686018431196564"
    }, {
      "d" : "1756449543958438479",
      "t" : 1756449543958,
      "tn" : 1756449543958438479,
      "q" : "141.7",
      "p" : "0.27917",
      "s" : "sell",
      "i" : "SAND_USD",
      "m" : "4611686018431196563"
    }, {
      "d" : "1756448378686179339",
      "t" : 1756448378686,
      "tn" : 1756448378686179339,
      "q" : "439.4",
      "p" : "0.27923",
      "s" : "buy",
      "i" : "SAND_USD",
      "m" : "4611686018431196562"
    }, {
      "d" : "1756448252900781317",
      "t" : 1756448252900,
      "tn" : 1756448252900781317,
      "q" : "62.3",
      "p" : "0.27944",
      "s" : "sell",
      "i" : "SAND_USD",
      "m" : "4611686018431196561"
    }, {
      "d" : "1756448252900235365",
      "t" : 1756448252900,
      "tn" : 1756448252900235365,
      "q" : "39.7",
      "p" : "0.27944",
      "s" : "sell",
      "i" : "SAND_USD",
      "m" : "4611686018431196560"
    } ]
  }
}