{
  "id" : -1,
  "method" : "public/get-trades",
  "code" : 0,
  "result" : {
    "data" : [ {
      "d" : "1756461601543904658",
      "t" : 1756461601543,
      "tn" : 1756461601543904658,
      "q" : "1713.5",
      "p" : "0.27411",
      "s" : "sell",
      "i" : "SAND_USDT",
      "m" : "4611686018431525252"
    }, {
      "d" : "1756461601542742708",
      "t" : 1756461601542,
      "tn" : 1756461601542742708,
      "q" : "10000.0",
      "p" : "0.27411",
      "s" : "sell",
      "i" : "SAND_USDT",
      "m" : "4611686018431525251"
    }, {
      "d" : "1756461601542518902",
      "t" : 1756461601542,
      "tn" : 1756461601542518902,
      "q" : "313.8",
      "p" : "0.27412",
      "s" : "sell",
      "i" : "SAND_USDT",
      "m" : "4611686018431525250"
    }, {
      "d" : "1756461404120039777",
      "t" : 1756461404120,
      "tn" : 1756461404120039777,
      "q" : "2543.2",
      "p" : "0.27438",
      "s" : "buy",
      "i" : "SAND_USDT",
      "m" : "4611686018431525249"
    }, {
      "d" : "1756459332717512522",
      "t" : 1756459332717,
      "tn" : 1756459332717512522,
      "q" : "763.4",
      "p" : "0.27354",
      "s" : "sell",
      "i" : "SAND_USDT",
      "m" : "4611686018431525248"
    }, {
      "d" : "1756455118932899919",
      "t" : 1756455118932,
      "tn" : 1756455118932899919,
      "q" : "314.5",
      "p" : "0.27375",
      "s" : "buy",
      "i" : "SAND_USDT",
      "m" : "4611686018431525247"
    }, {
      "d" : "1756455118928978574",
      "t" : 1756455118928,
      "tn" : 1756455118928978574,
      "q" : "900.0",
      "p" : "0.27376",
      "s" : "buy",
      "i" : "SAND_USDT",
      "m" : "4611686018431525246"
    }, {
      "d" : "1756455103634607946",
      "t" : 1756455103634,
      "tn" : 1756455103634607946,
      "q" : "314.5",
      "p" : "0.27362",
      "s" : "buy",
      "i" : "SAND_USDT",
      "m" : "4611686018431525245"
    }, {
      "d" : "1756451762727241063",
      "t" : 1756451762727,
      "tn" : 1756451762727241063,
      "q" : "266.0",
      "p" : "0.27544",
      "s" : "buy",
      "i" : "SAND_USDT",
      "m" : "4611686018431525244"
    }, {
      "d" : "1756451690183824193",
      "t" : 1756451690183,
      "tn" : 1756451690183824193,
      "q" : "39.8",
      "p" : "0.27544",
      "s" : "buy",
      "i" : "SAND_USDT",
      "m" : "4611686018431525243"
    }, {
      "d" : "1756451393239443426",
      "t" : 1756451393239,
      "tn" : 1756451393239443426,
      "q" : "311.0",
      "p" : "0.27681",
      "s" : "buy",
      "i" : "SAND_USDT",
      "m" : "4611686018431525242"
    }, {
      "d" : "1756451375991038850",
      "t" : 1756451375991,
      "tn" : 1756451375991038850,
      "q" : "440.0",
      "p" : "0.27671",
      "s" : "buy",
      "i" : "SAND_USDT",
      "m" : "4611686018431525241"
    }, {
      "d" : "1756451375990430343",
      "t" : 1756451375990,
      "tn" : 1756451375990430343,
      "q" : "311.1",
      "p" : "0.27670",
      "s" : "buy",
      "i" : "SAND_USDT",
      "m" : "4611686018431525240"
    }, {
      "d" : "1756451359651812136",
      "t" : 1756451359651,
      "tn" : 1756451359651812136,
      "q" : "310.9",
      "p" : "0.27672",
      "s" : "buy",
      "i" : "SAND_USDT",
      "m" : "4611686018431525239"
    }, {
      "d" : "1756451342289224159",
      "t" : 1756451342289,
      "tn" : 1756451342289224159,
      "q" : "833.4",
      "p" : "0.27696",
      "s" : "sell",
      "i" : "SAND_USDT",
      "m" : "4611686018431525238"
    }, {
      "d" : "1756451342283349493",
      "t" : 1756451342283,
      "tn" : 1756451342283349493,
      "q" : "311.1",
      "p" : "0.27695",
      "s" : "buy",
      "i" : "SAND_USDT",
      "m" : "4611686018431525237"
    }, {
      "d" : "1756451341376325097",
      "t" : 1756451341376,
      "tn" : 1756451341376325097,
      "q" : "182.2",
      "p" : "0.27681",
      "s" : "sell",
      "i" : "SAND_USDT",
      "m" : "4611686018431525236"
    }, {
      "d" : "1756451341371346239",
      "t" : 1756451341371,
      "tn" : 1756451341371346239,
      "q" : "128.9",
      "p" : "0.27681",
      "s" : "sell",
      "i" : "SAND_USDT",
      "m" : "4611686018431525235"
    }, {
      "d" : "1756451341365904083",
      "t" : 1756451341365,
      "tn" : 1756451341365904083,
      "q" : "311.1",
      "p" : "0.27680",
      "s" : "buy",
      "i" : "SAND_USDT",
      "m" : "4611686018431525234"
    }, {
      "d" : "1756451341365587542",
      "t" : 1756451341365,
      "tn" : 1756451341365587542,
      "q" : "393.4",
      "p" : "0.27680",
      "s" : "buy",
      "i" : "SAND_USDT",
      "m" : "4611686018431525233"
    }, {
      "d" : "1756451341365072010",
      "t" : 1756451341365,
      "tn" : 1756451341365072010,
      "q" : "128.9",
      "p" : "0.27680",
      "s" : "buy",
      "i" : "SAND_USDT",
      "m" : "4611686018431525232"
    }, {
      "d" : "1756451341365070463",
      "t" : 1756451341365,
      "tn" : 1756451341365070463,
      "q" : "311.1",
      "p" : "0.27679",
      "s" : "buy",
      "i" : "SAND_USDT",
      "m" : "4611686018431525231"
    }, {
      "d" : "1756451341360375625",
      "t" : 1756451341360,
      "tn" : 1756451341360375625,
      "q" : "833.5",
      "p" : "0.27681",
      "s" : "buy",
      "i" : "SAND_USDT",
      "m" : "4611686018431525230"
    }, {
      "d" : "1756451325730124785",
      "t" : 1756451325730,
      "tn" : 1756451325730124785,
      "q" : "39.7",
      "p" : "0.27681",
      "s" : "buy",
      "i" : "SAND_USDT",
      "m" : "4611686018431525229"
    }, {
      "d" : "1756451319648680823",
      "t" : 1756451319648,
      "tn" : 1756451319648680823,
      "q" : "133.2",
      "p" : "0.27675",
      "s" : "buy",
      "i" : "SAND_USDT",
      "m" : "4611686018431525228"
    }, {
      "d" : "1756445059643774594",
      "t" : 1756445059643,
      "tn" : 1756445059643774594,
      "q" : "447.9",
      "p" : "0.28056",
      "s" : "sell",
      "i" : "SAND_USDT",
      "m" : "4611686018431525227"
    }, {
      "d" : "1756437642278009315",
      "t" : 1756437642278,
      "tn" : 1756437642278009315,
      "q" : "880.0",
      "p" : "0.28227",
      "s" : "buy",
      "i" : "SAND_USDT",
      "m" : "4611686018431525226"
    }, {
      "d" : "1756437373341023472",
      "t" : 1756437373341,
      "tn" : 1756437373341023472,
      "q" : "42.9",
      "p" : "0.28211",
      "s" : "buy",
      "i" : "SAND_USDT",
      "m" : "4611686018431525225"
    }, {
      "d" : "1756434296413754712",
      "t" : 1756434296413,
      "tn" : 1756434296413754712,
      "q" : "730.5",
      "p" : "0.28367",
      "s" : "sell",
      "i" : "SAND_USDT",
      "m" : "4611686018431525224"
    }, {
      "d" : "1756428697556758403",
      "t" : 1756428697556,
      "tn" : 1756428697556758403,
      "q" : "722.1",
      "p" : "0.28405",
      "s" : "sell",
      "i" : "SAND_USDT",
      "m" : "4611686018431525223"
    }, {
      "d" : "1756427647720000276",
      "t" : 1756427647720,
      "tn" : 1756427647720000276,
      "q" : "35.6",
      "p" : "0.28384",
      "s" : "sell",
      "i" : "SAND_USDT",
      "m" : "4611686018431525222"
    }, {
      "d" : "1756427400013428118",
      "t" : 1756427400013,
      "tn" : 1756427400013428118,
      "q" : "721.0",
      "p" : "0.28500",
      "s" : "sell",
      "i" : "SAND_USDT",
      "m" : "4611686018431525221"
    }, {
      "d" : "1756427397277516150",
      "t" : 1756427397277,
      "tn" : 1756427397277516150,
      "q" : "677.9",
      "p" : "0.28506",
      "s" : "sell",
      "i" : "SAND_USDT",
      "m" : "4611686018431525220"
    }, {
      "d" : "1756427397277513748",
      "t" : 1756427397277,
      "tn" : 1756427397277513748,
      "q" : "42.7",
      "p" : "0.28507",
      "s" : "sell",
      "i" : "SAND_USDT",
      "m" : "4611686018431525219"
    }, {
      "d" : "1756425361739949771",
      "t" : 1756425361739,
      "tn" : 1756425361739949771,
      "q" : "301.9",
      "p" : "0.28488",
      "s" : "sell",
      "i" : "SAND_USDT",
      "m" : "4611686018431525218"
    }, {
      "d" : "1756420252653661377",
      "t" : 1756420252653,
      "tn" : 1756420252653661377,
      "q" : "114.4",
      "p" : "0.28427",
      "s" : "sell",
      "i" : "SAND_USDT",
      "m" : "4611686018431525217"
    }, {
      "d" : "1756414473865046469",
      "t" : 1756414473865,
      "tn" : 1756414473865046469,
      "q" : "726.1",
      "p" : "0.27925",
      "s" : "sell",
      "i" : "SAND_USDT",
      "m" : "4611686018431525216"
    }, {
      "d" : "1756413086316674497",
      "t" : 1756413086316,
      "tn" : 1756413086316674497,
      "q" : "60.7",
      "p" : "0.27926",
      "s" : "sell",
      "i" : "SAND_USDT",
      "m" : "4611686018431525215"
    }, {
      "d" : "1756410188300703872",
      "t" : 1756410188300,
      "tn" : 1756410188300703872,
      "q" : "734.5",
      "p" : "0.27884",
      "s" : "sell",
      "i" : "SAND_USDT",
      "m" : "4611686018431525214"
    }, {
      "d" : "1756409705525506593",
      "t" : 1756409705525,
      "tn" : 1756409705525506593,
      "q" : "731.7",
      "p" : "0.27981",
      "s" : "sell",
      "i" : "SAND_USDT",
      "m" : "4611686018431525213"
    }, {
      "d" : "1756407649437113819",
      "t" : 1756407649437,
      "tn" : 1756407649437113819,
      "q" : "511.3",
      "p" : "0.28099",
      "s" : "sell",
      "i" : "SAND_USDT",
      "m" : "4611686018431525212"
    }, {
      "d" : "1756407649437111808",
      "t" : 1756407649437,
      "tn" : 1756407649437111808,
      "q" : "43.1",
      "p" : "0.28100",
      "s" : "sell",
      "i" : "SAND_USDT",
      "m" : "4611686018431525211"
    }, {
      "d" : "1756406751658963155",
      "t" : 1756406751658,
      "tn" : 1756406751658963155,
      "q" : "724.0",
      "p" : "0.28117",
      "s" : "sell",
      "i" : "SAND_USDT",
      "m" : "4611686018431525210"
    }, {
      "d" : "1756405958566818462",
      "t" : 1756405958566,
      "tn" : 1756405958566818462,
      "q" : "280.0",
      "p" : "0.28118",
      "s" : "sell",
      "i" : "SAND_USDT",
      "m" : "4611686018431525209"
    }, {
      "d" : "1756405958566271306",
      "t" : 1756405958566,
      "tn" : 1756405958566271306,
      "q" : "447.9",
      "p" : "0.28118",
      "s" : "sell",
      "i" : "SAND_USDT",
      "m" : "4611686018431525208"
    }, {
      "d" : "1756405813241845991",
      "t" : 1756405813241,
      "tn" : 1756405813241845991,
      "q" : "731.4",
      "p" : "0.28103",
      "s" : "sell",
      "i" : "SAND_USDT",
      "m" : "4611686018431525207"
    }, {
      "d" : "1756405096610787411",
      "t" : 1756405096610,
      "tn" : 1756405096610787411,
      "q" : "732.9",
      "p" : "0.27967",
      "s" : "sell",
      "i" : "SAND_USDT",
      "m" : "4611686018431525206"
    }, {
      "d" : "1756405094487577506",
      "t" : 1756405094487,
      "tn" : 1756405094487577506,
      "q" : "732.7",
      "p" : "0.27970",
      "s" : "sell",
      "i" : "SAND_USDT",
      "m" : "4611686018431525205"
    }, {
      "d" : "1756404949090179959",
      "t" : 1756404949090,
      "tn" : 1756404949090179959,
      "q" : "736.7",
      "p" : "0.27965",
      "s" : "sell",
      "i" : "SAND_USDT",
      "m" : "4611686018431525204"
    }, {
      "d" : "1756404001664602161",
      "t" : 1756404001664,
      "tn" : 1756404001664602161,
      "q" : "1315.0",
      "p" : "0.27895",
      "s" : "sell",
      "i" : "SAND_USDT",
      "m" : "4611686018431525203"
    }, {
      "d" : "1756404001656494765",
      "t" : 1756404001656,
      "tn" : 1756404001656494765,
      "q" : "1315.0",
      "p" : "0.27895",
      "s" : "buy",
      "i" : "SAND_USDT",
      "m" : "4611686018431525202"
    }, {
      "d" : "1756404001652706654",
      "t" : 1756404001652,
      "tn" : 1756404001652706654,
      "q" : "1513.1",
      "p" : "0.27895",
      "s" : "buy",
      "i" : "SAND_USDT",
      "m" : "4611686018431525201"
    }, {
      "d" : "1756404001642739427",
      "t" : 1756404001642,
      "tn" : 1756404001642739427,
      "q" : "448.1",
      "p" : "0.27895",
      "s" : "buy",
      "i" : "SAND_USDT",
      "m" : "4611686018431525200"
    }, {
      "d" : "1756404001629581172",
      "t" : 1756404001629,
      "tn" : 1756404001629581172,
      "q" : "308.9",
      "p" : "0.27896",
      "s" : "sell",
      "i" : "SAND_USDT",
      "m" : "4611686018431525199"
    }, {
      "d" : "1756404000922679404",
      "t" : 1756404000922,
      "tn" : 1756404000922679404,
      "q" : "446.1",
      "p" : "0.27882",
      "s" : "sell",
      "i" : "SAND_USDT",
      "m" : "4611686018431525198"
    }, {
      "d" : "1756404000917076400",
      "t" : 1756404000917,
      "tn" : 1756404000917076400,
      "q" : "757.5",
      "p" : "0.27883",
      "s" : "buy",
      "i" : "SAND_USDT",
      "m" : "4611686018431525197"
    }, {
      "d" : "1756404000917074869",
      "t" : 1756404000917,
      "tn" : 1756404000917074869,
      "q" : "446.1",
      "p" : "0.27882",
      "s" : "buy",
      "i" : "SAND_USDT",
      "m" : "4611686018431525196"
    }, {
      "d" : "1756404000879899527",
      "t" : 1756404000879,
      "tn" : 1756404000879899527,
      "q" : "1207.1",
      "p" : "0.27888",
      "s" : "buy",
      "i" : "SAND_USDT",
      "m" : "4611686018431525195"
    }, {
      "d" : "1756404000879232219",
      "t" : 1756404000879,
      "tn" : 1756404000879232219,
      "q" : "41166.0",
      "p" : "0.27888",
      "s" : "buy",
      "i" : "SAND_USDT",
      "m" : "4611686018431525194"
    }, {
      "d" : "1756404000879229896",
      "t" : 1756404000879,
      "tn" : 1756404000879229896,
      "q" : "1207.1",
      "p" : "0.27887",
      "s" : "buy",
      "i" : "SAND_USDT",
      "m" : "4611686018431525193"
    }, {
      "d" : "1756404000660444961",
      "t" : 1756404000660,
      "tn" : 1756404000660444961,
      "q" : "500.0",
      "p" : "0.27887",
      "s" : "sell",
      "i" : "SAND_USDT",
      "m" : "4611686018431525192"
    }, {
      "d" : "1756404000656864085",
      "t" : 1756404000656,
      "tn" : 1756404000656864085,
      "q" : "4965.5",
      "p" : "0.27885",
      "s" : "sell",
      "i" : "SAND_USDT",
      "m" : "4611686018431525191"
    }, {
      "d" : "1756404000656862475",
      "t" : 1756404000656,
      "tn" : 1756404000656862475,
      "q" : "267.8",
      "p" : "0.27886",
      "s" : "sell",
      "i" : "SAND_USDT",
      "m" : "4611686018431525190"
    }, {
      "d" : "1756404000656860430",
      "t" : 1756404000656,
      "tn" : 1756404000656860429,
      "q" : "103.7",
      "p" : "0.27887",
      "s" : "sell",
      "i" : "SAND_USDT",
      "m" : "4611686018431525189"
    }, {
      "d" : "1756404000656860429",
      "t" : 1756404000656,
      "tn" : 1756404000656860429,
      "q" : "2151.5",
      "p" : "0.27887",
      "s" : "sell",
      "i" : "SAND_USDT",
      "m" : "4611686018431525189"
    }, {
      "d" : "1756404000642535535",
      "t" : 1756404000642,
      "tn" : 1756404000642535535,
      "q" : "134.0",
      "p" : "0.27932",
      "s" : "sell",
      "i" : "SAND_USDT",
      "m" : "4611686018431525188"
    }, {
      "d" : "1756404000642534227",
      "t" : 1756404000642,
      "tn" : 1756404000642534227,
      "q" : "307.9",
      "p" : "0.27937",
      "s" : "sell",
      "i" : "SAND_USDT",
      "m" : "4611686018431525187"
    }, {
      "d" : "1756404000641118658",
      "t" : 1756404000641,
      "tn" : 1756404000641118658,
      "q" : "1730.5",
      "p" : "0.27932",
      "s" : "sell",
      "i" : "SAND_USDT",
      "m" : "4611686018431525186"
    }, {
      "d" : "1756404000641116962",
      "t" : 1756404000641,
      "tn" : 1756404000641116962,
      "q" : "2896.7",
      "p" : "0.27933",
      "s" : "sell",
      "i" : "SAND_USDT",
      "m" : "4611686018431525185"
    }, {
      "d" : "1756404000641114765",
      "t" : 1756404000641,
      "tn" : 1756404000641114765,
      "q" : "2445.3",
      "p" : "0.27934",
      "s" : "sell",
      "i" : "SAND_USDT",
      "m" : "4611686018431525184"
    }, {
      "d" : "1756404000640449252",
      "t" : 1756404000640,
      "tn" : 1756404000640449252,
      "q" : "307.9",
      "p" : "0.27937",
      "s" : "sell",
      "i" : "SAND_USDT",
      "m" : "4611686018431525183"
    }, {
      "d" : "1756402526316992411",
      "t" : 1756402526316,
      "tn" : 1756402526316992411,
      "q" : "125.4",
      "p" : "0.27906",
      "s" : "buy",
      "i" : "SAND_USDT",
      "m" : "4611686018431525182"
    }, {
      "d" : "1756393863108533078",
      "t" : 1756393863108,
      "tn" : 1756393863108533078,
      "q" : "595.9",
      "p" : "0.28486",
      "s" : "sell",
      "i" : "SAND_USDT",
      "m" : "4611686018431525181"
    }, {
      "d" : "1756393863108529607",
      "t" : 1756393863108,
      "tn" : 1756393863108529607,
      "q" : "156.2",
      "p" : "0.28487",
      "s" : "sell",
      "i" : "SAND_USDT",
      "m" : "4611686018431525180"
    }, {
      "d" : "1756392439218601377",
      "t" : 1756392439218,
      "tn" : 1756392439218601377,
      "q" : "5178.3",
      "p" : "0.28490",
      "s" : "sell",
      "i" : "SAND_USDT",
      "m" : "4611686018431525179"
    }, {
      "d" : "1756392439218598939",
      "t" : 1756392439218,
      "tn" : 1756392439218598939,
      "q" : "2445.3",
      "p" : "0.28491",
      "s" : "sell",
      "i" : "SAND_USDT",
      "m" : "4611686018431525178"
    }, {
      "d" : "1756392439218595870",
      "t" : 1756392439218,
      "tn" : 1756392439218595870,
      "q" : "350.9",
      "p" : "0.28492",
      "s" : "sell",
      "i" : "SAND_USDT",
      "m" : "4611686018431525177"
    }, {
      "d" : "1756391740886937245",
      "t" : 1756391740886,
      "tn" : 1756391740886937245,
      "q" : "441.9",
      "p" : "0.28282",
      "s" : "buy",
      "i" : "SAND_USDT",
      "m" : "4611686018431525176"
    }, {
      "d" : "1756389445729009893",
      "t" : 1756389445729,
      "tn" : 1756389445729009893,
      "q" : "1138.7",
      "p" : "0.28053",
      "s" : "sell",
      "i" : "SAND_USDT",
      "m" : "4611686018431525175"
    }, {
      "d" : "1756389445728223560",
      "t" : 1756389445728,
      "tn" : 1756389445728223560,
      "q" : "6141.4",
      "p" : "0.28053",
      "s" : "sell",
      "i" : "SAND_USDT",
      "m" : "4611686018431525174"
    }, {
      "d" : "1756389445728113340",
      "t" : 1756389445728,
      "tn" : 1756389445728113340,
      "q" : "306.6",
      "p" : "0.28055",
      "s" : "sell",
      "i" : "SAND_USDT",
      "m" : "4611686018431525173"
    }, {
      "d" : "1756388164949523310",
      "t" : 1756388164949,
      "tn" : 1756388164949523310,
      "q" : "586.7",
      "p" : "0.28178",
      "s" : "buy",
      "i" : "SAND_USDT",
      "m" : "4611686018431525172"
    }, {
      "d" : "1756388164948860868",
      "t" : 1756388164948,
      "tn" : 1756388164948860868,
      "q" : "1473.5",
      "p" : "0.28178",
      "s" : "buy",
      "i" : "SAND_USDT",
      "m" : "4611686018431525171"
    }, {
      "d" : "1756386384439406995",
      "t" : 1756386384439,
      "tn" : 1756386384439406995,
      "q" : "306.1",
      "p" : "0.28098",
      "s" : "sell",
      "i" : "SAND_USDT",
      "m" : "4611686018431525170"
    }, {
      "d" : "1756384293296974702",
      "t" : 1756384293296,
      "tn" : 1756384293296974702,
      "q" : "305.9",
      "p" : "0.28135",
      "s" : "buy",
      "i" : "SAND_USDT",
      "m" : "4611686018431525169"
    }, {
      "d" : "1756384293295884341",
      "t" : 1756384293295,
      "tn" : 1756384293295884341,
      "q" : "1364.1",
      "p" : "0.28135",
      "s" : "buy",
      "i" : "SAND_USDT",
      "m" : "4611686018431525168"
    }, {
      "d" : "1756384293295883113",
      "t" : 1756384293295,
      "tn" : 1756384293295883113,
      "q" : "305.9",
      "p" : "0.28134",
      "s" : "buy",
      "i" : "SAND_USDT",
      "m" : "4611686018431525167"
    }, {
      "d" : "1756384293272724999",
      "t" : 1756384293272,
      "tn" : 1756384293272724999,
      "q" : "305.9",
      "p" : "0.28134",
      "s" : "buy",
      "i" : "SAND_USDT",
      "m" : "4611686018431525166"
    }, {
      "d" : "1756383364119801386",
      "t" : 1756383364119,
      "tn" : 1756383364119801386,
      "q" : "104.8",
      "p" : "0.28044",
      "s" : "sell",
      "i" : "SAND_USDT",
      "m" : "4611686018431525165"
    }, {
      "d" : "1756382319494439877",
      "t" : 1756382319494,
      "tn" : 1756382319494439877,
      "q" : "752.0",
      "p" : "0.28068",
      "s" : "sell",
      "i" : "SAND_USDT",
      "m" : "4611686018431525164"
    }, {
      "d" : "1756381651099466432",
      "t" : 1756381651099,
      "tn" : 1756381651099466432,
      "q" : "530.7",
      "p" : "0.27984",
      "s" : "buy",
      "i" : "SAND_USDT",
      "m" : "4611686018431525163"
    }, {
      "d" : "1756380988823642655",
      "t" : 1756380988823,
      "tn" : 1756380988823642655,
      "q" : "44.0",
      "p" : "0.28083",
      "s" : "sell",
      "i" : "SAND_USDT",
      "m" : "4611686018431525162"
    }, {
      "d" : "1756380320519943099",
      "t" : 1756380320519,
      "tn" : 1756380320519943099,
      "q" : "41.9",
      "p" : "0.28050",
      "s" : "sell",
      "i" : "SAND_USDT",
      "m" : "4611686018431525161"
    }, {
      "d" : "1756378878160830167",
      "t" : 1756378878160,
      "tn" : 1756378878160830167,
      "q" : "709.9",
      "p" : "0.28100",
      "s" : "buy",
      "i" : "SAND_USDT",
      "m" : "4611686018431525160"
    }, {
      "d" : "1756378878125832501",
      "t" : 1756378878125,
      "tn" : 1756378878125832501,
      "q" : "303.7",
      "p" : "0.28117",
      "s" : "sell",
      "i" : "SAND_USDT",
      "m" : "4611686018431525159"
    }, {
      "d" : "1756378878121009921",
      "t" : 1756378878121,
      "tn" : 1756378878121009921,
      "q" : "1000.0",
      "p" : "0.28118",
      "s" : "sell",
      "i" : "SAND_USDT",
      "m" : "4611686018431525158"
    }, {
      "d" : "1756378878120459026",
      "t" : 1756378878120,
      "tn" : 1756378878120459026,
      "q" : "890.0",
      "p" : "0.28122",
      "s" : "sell",
      "i" : "SAND_USDT",
      "m" : "4611686018431525157"
    }, {
      "d" : "1756378878120456117",
      "t" : 1756378878120,
      "tn" : 1756378878120456117,
      "q" : "303.7",
      "p" : "0.28124",
      "s" : "sell",
      "i" : "SAND_USDT",
      "m" : "4611686018431525156"
    }, {
      "d" : "1756376225750247031",
      "t" : 1756376225750,
      "tn" : 1756376225750247031,
      "q" : "223.8",
      "p" : "0.28046",
      "s" : "sell",
      "i" : "SAND_USDT",
      "m" : "4611686018431525155"
    } ]
  }
}