{
  "id" : -1,
  "method" : "public/get-trades",
  "code" : 0,
  "result" : {
    "data" : [ {
      "d" : "1756462366891302166",
      "t" : 1756462366891,
      "tn" : 1756462366891302166,
      "q" : "1",
      "p" : "0.27630",
      "s" : "sell",
      "i" : "SANDUSD-PERP",
      "m" : "4611686018430882914"
    }, {
      "d" : "1756462366783771798",
      "t" : 1756462366783,
      "tn" : 1756462366783771798,
      "q" : "1",
      "p" : "0.27631",
      "s" : "sell",
      "i" : "SANDUSD-PERP",
      "m" : "4611686018430882913"
    }, {
      "d" : "1756462366462959458",
      "t" : 1756462366462,
      "tn" : 1756462366462959458,
      "q" : "1",
      "p" : "0.27637",
      "s" : "sell",
      "i" : "SANDUSD-PERP",
      "m" : "4611686018430882912"
    }, {
      "d" : "1756462319357735344",
      "t" : 1756462319357,
      "tn" : 1756462319357735344,
      "q" : "1",
      "p" : "0.27622",
      "s" : "sell",
      "i" : "SANDUSD-PERP",
      "m" : "4611686018430882911"
    }, {
      "d" : "1756462271493638626",
      "t" : 1756462271493,
      "tn" : 1756462271493638626,
      "q" : "1",
      "p" : "0.27640",
      "s" : "sell",
      "i" : "SANDUSD-PERP",
      "m" : "4611686018430882910"
    }, {
      "d" : "1756462266393907937",
      "t" : 1756462266393,
      "tn" : 1756462266393907937,
      "q" : "1",
      "p" : "0.27636",
      "s" : "sell",
      "i" : "SANDUSD-PERP",
      "m" : "4611686018430882909"
    }, {
      "d" : "1756462226412725697",
      "t" : 1756462226412,
      "tn" : 1756462226412725697,
      "q" : "1",
      "p" : "0.27621",
      "s" : "sell",
      "i" : "SANDUSD-PERP",
      "m" : "4611686018430882908"
    }, {
      "d" : "1756462225513192496",
      "t" : 1756462225513,
      "tn" : 1756462225513192496,
      "q" : "1",
      "p" : "0.27623",
      "s" : "sell",
      "i" : "SANDUSD-PERP",
      "m" : "4611686018430882907"
    }, {
      "d" : "1756462225370130631",
      "t" : 1756462225370,
      "tn" : 1756462225370130631,
      "q" : "1",
      "p" : "0.27618",
      "s" : "sell",
      "i" : "SANDUSD-PERP",
      "m" : "4611686018430882906"
    }, {
      "d" : "1756462225358458210",
      "t" : 1756462225358,
      "tn" : 1756462225358458210,
      "q" : "1",
      "p" : "0.27625",
      "s" : "sell",
      "i" : "SANDUSD-PERP",
      "m" : "4611686018430882905"
    }, {
      "d" : "1756462204381028514",
      "t" : 1756462204381,
      "tn" : 1756462204381028514,
      "q" : "1",
      "p" : "0.27602",
      "s" : "sell",
      "i" : "SANDUSD-PERP",
      "m" : "4611686018430882904"
    }, {
      "d" : "1756462202428240924",
      "t" : 1756462202428,
      "tn" : 1756462202428240924,
      "q" : "1",
      "p" : "0.27611",
      "s" : "sell",
      "i" : "SANDUSD-PERP",
      "m" : "4611686018430882903"
    }, {
      "d" : "1756462156962582975",
      "t" : 1756462156962,
      "tn" : 1756462156962582975,
      "q" : "1",
      "p" : "0.27588",
      "s" : "sell",
      "i" : "SANDUSD-PERP",
      "m" : "4611686018430882902"
    }, {
      "d" : "1756462156320459519",
      "t" : 1756462156320,
      "tn" : 1756462156320459519,
      "q" : "1",
      "p" : "0.27588",
      "s" : "sell",
      "i" : "SANDUSD-PERP",
      "m" : "4611686018430882901"
    }, {
      "d" : "1756462145456239134",
      "t" : 1756462145456,
      "tn" : 1756462145456239134,
      "q" : "1",
      "p" : "0.27622",
      "s" : "sell",
      "i" : "SANDUSD-PERP",
      "m" : "4611686018430882900"
    }, {
      "d" : "1756462138924796295",
      "t" : 1756462138924,
      "tn" : 1756462138924796295,
      "q" : "1",
      "p" : "0.27639",
      "s" : "buy",
      "i" : "SANDUSD-PERP",
      "m" : "4611686018430882899"
    }, {
      "d" : "1756462133843572495",
      "t" : 1756462133843,
      "tn" : 1756462133843572495,
      "q" : "1",
      "p" : "0.27606",
      "s" : "buy",
      "i" : "SANDUSD-PERP",
      "m" : "4611686018430882898"
    }, {
      "d" : "1756462133843569757",
      "t" : 1756462133843,
      "tn" : 1756462133843569757,
      "q" : "1",
      "p" : "0.27604",
      "s" : "buy",
      "i" : "SANDUSD-PERP",
      "m" : "4611686018430882897"
    }, {
      "d" : "1756462131915575773",
      "t" : 1756462131915,
      "tn" : 1756462131915575773,
      "q" : "1",
      "p" : "0.27603",
      "s" : "sell",
      "i" : "SANDUSD-PERP",
      "m" : "4611686018430882896"
    }, {
      "d" : "1756462131521147139",
      "t" : 1756462131521,
      "tn" : 1756462131521147139,
      "q" : "1",
      "p" : "0.27607",
      "s" : "sell",
      "i" : "SANDUSD-PERP",
      "m" : "4611686018430882895"
    }, {
      "d" : "1756462131414921181",
      "t" : 1756462131414,
      "tn" : 1756462131414921181,
      "q" : "1",
      "p" : "0.27610",
      "s" : "sell",
      "i" : "SANDUSD-PERP",
      "m" : "4611686018430882894"
    }, {
      "d" : "1756462128001585301",
      "t" : 1756462128001,
      "tn" : 1756462128001585301,
      "q" : "1",
      "p" : "0.27574",
      "s" : "buy",
      "i" : "SANDUSD-PERP",
      "m" : "4611686018430882893"
    }, {
      "d" : "1756462062389996213",
      "t" : 1756462062389,
      "tn" : 1756462062389996213,
      "q" : "1",
      "p" : "0.27545",
      "s" : "buy",
      "i" : "SANDUSD-PERP",
      "m" : "4611686018430882892"
    }, {
      "d" : "1756461958893815792",
      "t" : 1756461958893,
      "tn" : 1756461958893815792,
      "q" : "1",
      "p" : "0.27471",
      "s" : "sell",
      "i" : "SANDUSD-PERP",
      "m" : "4611686018430882891"
    }, {
      "d" : "1756461958779725303",
      "t" : 1756461958779,
      "tn" : 1756461958779725303,
      "q" : "1",
      "p" : "0.27474",
      "s" : "sell",
      "i" : "SANDUSD-PERP",
      "m" : "4611686018430882890"
    }, {
      "d" : "1756461956961793669",
      "t" : 1756461956961,
      "tn" : 1756461956961793669,
      "q" : "1",
      "p" : "0.27474",
      "s" : "sell",
      "i" : "SANDUSD-PERP",
      "m" : "4611686018430882889"
    }, {
      "d" : "1756461956852897702",
      "t" : 1756461956852,
      "tn" : 1756461956852897702,
      "q" : "1",
      "p" : "0.27475",
      "s" : "sell",
      "i" : "SANDUSD-PERP",
      "m" : "4611686018430882888"
    }, {
      "d" : "1756461956718810428",
      "t" : 1756461956718,
      "tn" : 1756461956718810428,
      "q" : "1",
      "p" : "0.27477",
      "s" : "sell",
      "i" : "SANDUSD-PERP",
      "m" : "4611686018430882887"
    }, {
      "d" : "1756461954333018197",
      "t" : 1756461954333,
      "tn" : 1756461954333018197,
      "q" : "1",
      "p" : "0.27479",
      "s" : "sell",
      "i" : "SANDUSD-PERP",
      "m" : "4611686018430882886"
    }, {
      "d" : "1756461954220028532",
      "t" : 1756461954220,
      "tn" : 1756461954220028532,
      "q" : "1",
      "p" : "0.27481",
      "s" : "sell",
      "i" : "SANDUSD-PERP",
      "m" : "4611686018430882885"
    }, {
      "d" : "1756461784290092057",
      "t" : 1756461784290,
      "tn" : 1756461784290092057,
      "q" : "1",
      "p" : "0.27473",
      "s" : "buy",
      "i" : "SANDUSD-PERP",
      "m" : "4611686018430882884"
    }, {
      "d" : "1756461724678441501",
      "t" : 1756461724678,
      "tn" : 1756461724678441500,
      "q" : "447",
      "p" : "0.27447",
      "s" : "sell",
      "i" : "SANDUSD-PERP",
      "m" : "4611686018430882883"
    }, {
      "d" : "1756461724678441500",
      "t" : 1756461724678,
      "tn" : 1756461724678441500,
      "q" : "1",
      "p" : "0.27447",
      "s" : "sell",
      "i" : "SANDUSD-PERP",
      "m" : "4611686018430882883"
    }, {
      "d" : "1756461724674355722",
      "t" : 1756461724674,
      "tn" : 1756461724674355722,
      "q" : "1",
      "p" : "0.27456",
      "s" : "sell",
      "i" : "SANDUSD-PERP",
      "m" : "4611686018430882882"
    }, {
      "d" : "1756461678541693015",
      "t" : 1756461678541,
      "tn" : 1756461678541693015,
      "q" : "1",
      "p" : "0.27414",
      "s" : "sell",
      "i" : "SANDUSD-PERP",
      "m" : "4611686018430882881"
    }, {
      "d" : "1756461604469732586",
      "t" : 1756461604469,
      "tn" : 1756461604469732586,
      "q" : "1",
      "p" : "0.27392",
      "s" : "sell",
      "i" : "SANDUSD-PERP",
      "m" : "4611686018430882880"
    }, {
      "d" : "1756461601572045445",
      "t" : 1756461601572,
      "tn" : 1756461601572045445,
      "q" : "1",
      "p" : "0.27403",
      "s" : "sell",
      "i" : "SANDUSD-PERP",
      "m" : "4611686018430882879"
    }, {
      "d" : "1756461601441049481",
      "t" : 1756461601441,
      "tn" : 1756461601441049481,
      "q" : "1",
      "p" : "0.27405",
      "s" : "sell",
      "i" : "SANDUSD-PERP",
      "m" : "4611686018430882878"
    }, {
      "d" : "1756461601332844734",
      "t" : 1756461601332,
      "tn" : 1756461601332844734,
      "q" : "1",
      "p" : "0.27409",
      "s" : "sell",
      "i" : "SANDUSD-PERP",
      "m" : "4611686018430882877"
    }, {
      "d" : "1756461593761836160",
      "t" : 1756461593761,
      "tn" : 1756461593761836160,
      "q" : "1",
      "p" : "0.27415",
      "s" : "sell",
      "i" : "SANDUSD-PERP",
      "m" : "4611686018430882876"
    }, {
      "d" : "1756461461855407799",
      "t" : 1756461461855,
      "tn" : 1756461461855407799,
      "q" : "1",
      "p" : "0.27436",
      "s" : "sell",
      "i" : "SANDUSD-PERP",
      "m" : "4611686018430882875"
    }, {
      "d" : "1756460999517919471",
      "t" : 1756460999517,
      "tn" : 1756460999517919471,
      "q" : "1",
      "p" : "0.27434",
      "s" : "sell",
      "i" : "SANDUSD-PERP",
      "m" : "4611686018430882874"
    }, {
      "d" : "1756460908535576554",
      "t" : 1756460908535,
      "tn" : 1756460908535576554,
      "q" : "449",
      "p" : "0.27425",
      "s" : "sell",
      "i" : "SANDUSD-PERP",
      "m" : "4611686018430882873"
    }, {
      "d" : "1756460908535574204",
      "t" : 1756460908535,
      "tn" : 1756460908535574204,
      "q" : "1",
      "p" : "0.27427",
      "s" : "sell",
      "i" : "SANDUSD-PERP",
      "m" : "4611686018430882872"
    }, {
      "d" : "1756459724944018317",
      "t" : 1756459724944,
      "tn" : 1756459724944018317,
      "q" : "1",
      "p" : "0.27342",
      "s" : "buy",
      "i" : "SANDUSD-PERP",
      "m" : "4611686018430882871"
    }, {
      "d" : "1756459183549974060",
      "t" : 1756459183549,
      "tn" : 1756459183549974060,
      "q" : "3262",
      "p" : "0.27319",
      "s" : "buy",
      "i" : "SANDUSD-PERP",
      "m" : "4611686018430882870"
    }, {
      "d" : "1756459183549973515",
      "t" : 1756459183549,
      "tn" : 1756459183549973515,
      "q" : "1",
      "p" : "0.27318",
      "s" : "buy",
      "i" : "SANDUSD-PERP",
      "m" : "4611686018430882869"
    }, {
      "d" : "1756459182392838546",
      "t" : 1756459182392,
      "tn" : 1756459182392838546,
      "q" : "1000",
      "p" : "0.27311",
      "s" : "buy",
      "i" : "SANDUSD-PERP",
      "m" : "4611686018430882868"
    }, {
      "d" : "1756459182389436637",
      "t" : 1756459182389,
      "tn" : 1756459182389436637,
      "q" : "1751",
      "p" : "0.27311",
      "s" : "buy",
      "i" : "SANDUSD-PERP",
      "m" : "4611686018430882867"
    }, {
      "d" : "1756458964918385272",
      "t" : 1756458964918,
      "tn" : 1756458964918385271,
      "q" : "1",
      "p" : "0.27192",
      "s" : "buy",
      "i" : "SANDUSD-PERP",
      "m" : "4611686018430882866"
    }, {
      "d" : "1756458769192859842",
      "t" : 1756458769192,
      "tn" : 1756458769192859842,
      "q" : "3348",
      "p" : "0.27192",
      "s" : "sell",
      "i" : "SANDUSD-PERP",
      "m" : "4611686018430882865"
    }, {
      "d" : "1756458769189048814",
      "t" : 1756458769189,
      "tn" : 1756458769189048814,
      "q" : "1",
      "p" : "0.27195",
      "s" : "sell",
      "i" : "SANDUSD-PERP",
      "m" : "4611686018430882864"
    }, {
      "d" : "1756458769185373674",
      "t" : 1756458769185,
      "tn" : 1756458769185373674,
      "q" : "1",
      "p" : "0.27206",
      "s" : "sell",
      "i" : "SANDUSD-PERP",
      "m" : "4611686018430882863"
    }, {
      "d" : "1756458300061511946",
      "t" : 1756458300061,
      "tn" : 1756458300061511946,
      "q" : "268",
      "p" : "0.27115",
      "s" : "buy",
      "i" : "SANDUSD-PERP",
      "m" : "4611686018430882862"
    }, {
      "d" : "1756458300061471316",
      "t" : 1756458300061,
      "tn" : 1756458300061471316,
      "q" : "900",
      "p" : "0.27115",
      "s" : "buy",
      "i" : "SANDUSD-PERP",
      "m" : "4611686018430882861"
    }, {
      "d" : "1756458300061005815",
      "t" : 1756458300061,
      "tn" : 1756458300061005815,
      "q" : "900",
      "p" : "0.27115",
      "s" : "buy",
      "i" : "SANDUSD-PERP",
      "m" : "4611686018430882860"
    }, {
      "d" : "1756458300061002261",
      "t" : 1756458300061,
      "tn" : 1756458300061002261,
      "q" : "442",
      "p" : "0.27115",
      "s" : "buy",
      "i" : "SANDUSD-PERP",
      "m" : "4611686018430882859"
    }, {
      "d" : "1756458241693698476",
      "t" : 1756458241693,
      "tn" : 1756458241693698476,
      "q" : "1",
      "p" : "0.27102",
      "s" : "buy",
      "i" : "SANDUSD-PERP",
      "m" : "4611686018430882858"
    }, {
      "d" : "1756458241693271601",
      "t" : 1756458241693,
      "tn" : 1756458241693271601,
      "q" : "1",
      "p" : "0.27101",
      "s" : "buy",
      "i" : "SANDUSD-PERP",
      "m" : "4611686018430882857"
    }, {
      "d" : "1756458192771963766",
      "t" : 1756458192771,
      "tn" : 1756458192771963766,
      "q" : "1617",
      "p" : "0.27075",
      "s" : "buy",
      "i" : "SANDUSD-PERP",
      "m" : "4611686018430882856"
    }, {
      "d" : "1756458186566179776",
      "t" : 1756458186566,
      "tn" : 1756458186566179776,
      "q" : "444",
      "p" : "0.27068",
      "s" : "buy",
      "i" : "SANDUSD-PERP",
      "m" : "4611686018430882855"
    }, {
      "d" : "1756458151471289575",
      "t" : 1756458151471,
      "tn" : 1756458151471289575,
      "q" : "1",
      "p" : "0.27143",
      "s" : "sell",
      "i" : "SANDUSD-PERP",
      "m" : "4611686018430882854"
    }, {
      "d" : "1756457610062196395",
      "t" : 1756457610062,
      "tn" : 1756457610062196395,
      "q" : "1000",
      "p" : "0.27294",
      "s" : "buy",
      "i" : "SANDUSD-PERP",
      "m" : "4611686018430882853"
    }, {
      "d" : "1756457609994725571",
      "t" : 1756457609994,
      "tn" : 1756457609994725571,
      "q" : "1434",
      "p" : "0.27294",
      "s" : "buy",
      "i" : "SANDUSD-PERP",
      "m" : "4611686018430882852"
    }, {
      "d" : "1756457402020154329",
      "t" : 1756457402020,
      "tn" : 1756457402020154329,
      "q" : "415",
      "p" : "0.27318",
      "s" : "buy",
      "i" : "SANDUSD-PERP",
      "m" : "4611686018430882851"
    }, {
      "d" : "1756457125720089397",
      "t" : 1756457125720,
      "tn" : 1756457125720089397,
      "q" : "3271",
      "p" : "0.27364",
      "s" : "buy",
      "i" : "SANDUSD-PERP",
      "m" : "4611686018430882850"
    }, {
      "d" : "1756456811119228413",
      "t" : 1756456811119,
      "tn" : 1756456811119228413,
      "q" : "297",
      "p" : "0.27409",
      "s" : "buy",
      "i" : "SANDUSD-PERP",
      "m" : "4611686018430882849"
    }, {
      "d" : "1756456811115438177",
      "t" : 1756456811115,
      "tn" : 1756456811115438177,
      "q" : "690",
      "p" : "0.27409",
      "s" : "buy",
      "i" : "SANDUSD-PERP",
      "m" : "4611686018430882848"
    }, {
      "d" : "1756456811115434974",
      "t" : 1756456811115,
      "tn" : 1756456811115434974,
      "q" : "1",
      "p" : "0.27408",
      "s" : "buy",
      "i" : "SANDUSD-PERP",
      "m" : "4611686018430882847"
    }, {
      "d" : "1756456509113933015",
      "t" : 1756456509113,
      "tn" : 1756456509113933015,
      "q" : "1",
      "p" : "0.27444",
      "s" : "buy",
      "i" : "SANDUSD-PERP",
      "m" : "4611686018430882846"
    }, {
      "d" : "1756456462329369517",
      "t" : 1756456462329,
      "tn" : 1756456462329369517,
      "q" : "598",
      "p" : "0.27447",
      "s" : "buy",
      "i" : "SANDUSD-PERP",
      "m" : "4611686018430882845"
    }, {
      "d" : "1756456458754158538",
      "t" : 1756456458754,
      "tn" : 1756456458754158538,
      "q" : "900",
      "p" : "0.27447",
      "s" : "buy",
      "i" : "SANDUSD-PERP",
      "m" : "4611686018430882844"
    }, {
      "d" : "1756456458754130695",
      "t" : 1756456458754,
      "tn" : 1756456458754130695,
      "q" : "1437",
      "p" : "0.27447",
      "s" : "buy",
      "i" : "SANDUSD-PERP",
      "m" : "4611686018430882843"
    }, {
      "d" : "1756456458753697604",
      "t" : 1756456458753,
      "tn" : 1756456458753697604,
      "q" : "1",
      "p" : "0.27445",
      "s" : "buy",
      "i" : "SANDUSD-PERP",
      "m" : "4611686018430882842"
    }, {
      "d" : "1756456458522844171",
      "t" : 1756456458522,
      "tn" : 1756456458522844171,
      "q" : "325",
      "p" : "0.27447",
      "s" : "buy",
      "i" : "SANDUSD-PERP",
      "m" : "4611686018430882841"
    }, {
      "d" : "1756456458522401346",
      "t" : 1756456458522,
      "tn" : 1756456458522401346,
      "q" : "1",
      "p" : "0.27444",
      "s" : "buy",
      "i" : "SANDUSD-PERP",
      "m" : "4611686018430882840"
    }, {
      "d" : "1756456457195050710",
      "t" : 1756456457195,
      "tn" : 1756456457195050710,
      "q" : "1",
      "p" : "0.27444",
      "s" : "buy",
      "i" : "SANDUSD-PERP",
      "m" : "4611686018430882839"
    }, {
      "d" : "1756456457068620729",
      "t" : 1756456457068,
      "tn" : 1756456457068620729,
      "q" : "1",
      "p" : "0.27432",
      "s" : "buy",
      "i" : "SANDUSD-PERP",
      "m" : "4611686018430882838"
    }, {
      "d" : "1756456457067618925",
      "t" : 1756456457067,
      "tn" : 1756456457067618925,
      "q" : "1",
      "p" : "0.27430",
      "s" : "buy",
      "i" : "SANDUSD-PERP",
      "m" : "4611686018430882837"
    }, {
      "d" : "1756456382492498598",
      "t" : 1756456382492,
      "tn" : 1756456382492498598,
      "q" : "1",
      "p" : "0.27421",
      "s" : "buy",
      "i" : "SANDUSD-PERP",
      "m" : "4611686018430882836"
    }, {
      "d" : "1756456381633466351",
      "t" : 1756456381633,
      "tn" : 1756456381633466351,
      "q" : "3268",
      "p" : "0.27421",
      "s" : "buy",
      "i" : "SANDUSD-PERP",
      "m" : "4611686018430882835"
    }, {
      "d" : "1756456380552200503",
      "t" : 1756456380552,
      "tn" : 1756456380552200503,
      "q" : "1",
      "p" : "0.27402",
      "s" : "buy",
      "i" : "SANDUSD-PERP",
      "m" : "4611686018430882834"
    }, {
      "d" : "1756456326013368163",
      "t" : 1756456326013,
      "tn" : 1756456326013368163,
      "q" : "1",
      "p" : "0.27417",
      "s" : "sell",
      "i" : "SANDUSD-PERP",
      "m" : "4611686018430882833"
    }, {
      "d" : "1756456323074148289",
      "t" : 1756456323074,
      "tn" : 1756456323074148289,
      "q" : "754",
      "p" : "0.27413",
      "s" : "buy",
      "i" : "SANDUSD-PERP",
      "m" : "4611686018430882832"
    }, {
      "d" : "1756456315946987214",
      "t" : 1756456315946,
      "tn" : 1756456315946987214,
      "q" : "1575",
      "p" : "0.27414",
      "s" : "buy",
      "i" : "SANDUSD-PERP",
      "m" : "4611686018430882831"
    }, {
      "d" : "1756456315941314678",
      "t" : 1756456315941,
      "tn" : 1756456315941314678,
      "q" : "1477",
      "p" : "0.27414",
      "s" : "buy",
      "i" : "SANDUSD-PERP",
      "m" : "4611686018430882830"
    }, {
      "d" : "1756456182722153076",
      "t" : 1756456182722,
      "tn" : 1756456182722153076,
      "q" : "1075",
      "p" : "0.27385",
      "s" : "buy",
      "i" : "SANDUSD-PERP",
      "m" : "4611686018430882829"
    }, {
      "d" : "1756455971257059433",
      "t" : 1756455971257,
      "tn" : 1756455971257059433,
      "q" : "1",
      "p" : "0.27389",
      "s" : "buy",
      "i" : "SANDUSD-PERP",
      "m" : "4611686018430882828"
    }, {
      "d" : "1756455970989658938",
      "t" : 1756455970989,
      "tn" : 1756455970989658938,
      "q" : "1",
      "p" : "0.27388",
      "s" : "buy",
      "i" : "SANDUSD-PERP",
      "m" : "4611686018430882827"
    }, {
      "d" : "1756455970874363669",
      "t" : 1756455970874,
      "tn" : 1756455970874363669,
      "q" : "1",
      "p" : "0.27387",
      "s" : "buy",
      "i" : "SANDUSD-PERP",
      "m" : "4611686018430882826"
    }, {
      "d" : "1756455970873928733",
      "t" : 1756455970873,
      "tn" : 1756455970873928733,
      "q" : "1",
      "p" : "0.27386",
      "s" : "buy",
      "i" : "SANDUSD-PERP",
      "m" : "4611686018430882825"
    }, {
      "d" : "1756455970758234932",
      "t" : 1756455970758,
      "tn" : 1756455970758234932,
      "q" : "1",
      "p" : "0.27384",
      "s" : "buy",
      "i" : "SANDUSD-PERP",
      "m" : "4611686018430882824"
    }, {
      "d" : "1756455970757675695",
      "t" : 1756455970757,
      "tn" : 1756455970757675695,
      "q" : "1",
      "p" : "0.27383",
      "s" : "buy",
      "i" : "SANDUSD-PERP",
      "m" : "4611686018430882823"
    }, {
      "d" : "1756455965670810926",
      "t" : 1756455965670,
      "tn" : 1756455965670810926,
      "q" : "1",
      "p" : "0.27396",
      "s" : "buy",
      "i" : "SANDUSD-PERP",
      "m" : "4611686018430882822"
    }, {
      "d" : "1756455965426725381",
      "t" : 1756455965426,
      "tn" : 1756455965426725381,
      "q" : "1",
      "p" : "0.27390",
      "s" : "buy",
      "i" : "SANDUSD-PERP",
      "m" : "4611686018430882821"
    }, {
      "d" : "1756455965374148690",
      "t" : 1756455965374,
      "tn" : 1756455965374148690,
      "q" : "1",
      "p" : "0.27386",
      "s" : "buy",
      "i" : "SANDUSD-PERP",
      "m" : "4611686018430882820"
    }, {
      "d" : "1756455965251187768",
      "t" : 1756455965251,
      "tn" : 1756455965251187768,
      "q" : "1",
      "p" : "0.27385",
      "s" : "buy",
      "i" : "SANDUSD-PERP",
      "m" : "4611686018430882819"
    }, {
      "d" : "1756455965180927014",
      "t" : 1756455965180,
      "tn" : 1756455965180927014,
      "q" : "2424",
      "p" : "0.27388",
      "s" : "buy",
      "i" : "SANDUSD-PERP",
      "m" : "4611686018430882818"
    }, {
      "d" : "1756455965180229503",
      "t" : 1756455965180,
      "tn" : 1756455965180229503,
      "q" : "926",
      "p" : "0.27388",
      "s" : "buy",
      "i" : "SANDUSD-PERP",
      "m" : "4611686018430882817"
    }, {
      "d" : "1756455965180227505",
      "t" : 1756455965180,
      "tn" : 1756455965180227505,
      "q" : "1",
      "p" : "0.27387",
      "s" : "buy",
      "i" : "SANDUSD-PERP",
      "m" : "4611686018430882816"
    }, {
      "d" : "1756455965139813628",
      "t" : 1756455965139,
      "tn" : 1756455965139813628,
      "q" : "1",
      "p" : "0.27383",
      "s" : "buy",
      "i" : "SANDUSD-PERP",
      "m" : "4611686018430882815"
    }, {
      "d" : "1756455964979808578",
      "t" : 1756455964979,
      "tn" : 1756455964979808578,
      "q" : "1",
      "p" : "0.27380",
      "s" : "buy",
      "i" : "SANDUSD-PERP",
      "m" : "4611686018430882814"
    }, {
      "d" : "1756455962796104006",
      "t" : 1756455962796,
      "tn" : 1756455962796104006,
      "q" : "1",
      "p" : "0.27376",
      "s" : "buy",
      "i" : "SANDUSD-PERP",
      "m" : "4611686018430882813"
    }, {
      "d" : "1756455962676160143",
      "t" : 1756455962676,
      "tn" : 1756455962676160143,
      "q" : "1",
      "p" : "0.27375",
      "s" : "buy",
      "i" : "SANDUSD-PERP",
      "m" : "4611686018430882812"
    }, {
      "d" : "1756455962675661156",
      "t" : 1756455962675,
      "tn" : 1756455962675661156,
      "q" : "1",
      "p" : "0.27373",
      "s" : "buy",
      "i" : "SANDUSD-PERP",
      "m" : "4611686018430882811"
    }, {
      "d" : "1756455962017708153",
      "t" : 1756455962017,
      "tn" : 1756455962017708153,
      "q" : "1",
      "p" : "0.27369",
      "s" : "buy",
      "i" : "SANDUSD-PERP",
      "m" : "4611686018430882810"
    }, {
      "d" : "1756455962017234943",
      "t" : 1756455962017,
      "tn" : 1756455962017234943,
      "q" : "1",
      "p" : "0.27367",
      "s" : "buy",
      "i" : "SANDUSD-PERP",
      "m" : "4611686018430882809"
    }, {
      "d" : "1756455961767789030",
      "t" : 1756455961767,
      "tn" : 1756455961767789030,
      "q" : "1",
      "p" : "0.27365",
      "s" : "buy",
      "i" : "SANDUSD-PERP",
      "m" : "4611686018430882808"
    }, {
      "d" : "1756455961628493690",
      "t" : 1756455961628,
      "tn" : 1756455961628493690,
      "q" : "1",
      "p" : "0.27361",
      "s" : "buy",
      "i" : "SANDUSD-PERP",
      "m" : "4611686018430882807"
    }, {
      "d" : "1756455943546904044",
      "t" : 1756455943546,
      "tn" : 1756455943546904044,
      "q" : "1",
      "p" : "0.27349",
      "s" : "buy",
      "i" : "SANDUSD-PERP",
      "m" : "4611686018430882806"
    }, {
      "d" : "1756455934359690529",
      "t" : 1756455934359,
      "tn" : 1756455934359690529,
      "q" : "1",
      "p" : "0.27335",
      "s" : "buy",
      "i" : "SANDUSD-PERP",
      "m" : "4611686018430882805"
    }, {
      "d" : "1756455776692431871",
      "t" : 1756455776692,
      "tn" : 1756455776692431871,
      "q" : "51",
      "p" : "0.27351",
      "s" : "buy",
      "i" : "SANDUSD-PERP",
      "m" : "4611686018430882804"
    }, {
      "d" : "1756455773122709851",
      "t" : 1756455773122,
      "tn" : 1756455773122709851,
      "q" : "1132",
      "p" : "0.27334",
      "s" : "buy",
      "i" : "SANDUSD-PERP",
      "m" : "4611686018430882803"
    }, {
      "d" : "1756455773122399781",
      "t" : 1756455773122,
      "tn" : 1756455773122399781,
      "q" : "1800",
      "p" : "0.27334",
      "s" : "buy",
      "i" : "SANDUSD-PERP",
      "m" : "4611686018430882802"
    }, {
      "d" : "1756455773122186997",
      "t" : 1756455773122,
      "tn" : 1756455773122186997,
      "q" : "269",
      "p" : "0.27334",
      "s" : "buy",
      "i" : "SANDUSD-PERP",
      "m" : "4611686018430882801"
    }, {
      "d" : "1756455708952436469",
      "t" : 1756455708952,
      "tn" : 1756455708952436469,
      "q" : "1",
      "p" : "0.27314",
      "s" : "buy",
      "i" : "SANDUSD-PERP",
      "m" : "4611686018430882800"
    }, {
      "d" : "1756455707481694195",
      "t" : 1756455707481,
      "tn" : 1756455707481694195,
      "q" : "1",
      "p" : "0.27317",
      "s" : "buy",
      "i" : "SANDUSD-PERP",
      "m" : "4611686018430882799"
    }, {
      "d" : "1756455707406964302",
      "t" : 1756455707406,
      "tn" : 1756455707406964302,
      "q" : "1",
      "p" : "0.27321",
      "s" : "buy",
      "i" : "SANDUSD-PERP",
      "m" : "4611686018430882798"
    }, {
      "d" : "1756455707364441146",
      "t" : 1756455707364,
      "tn" : 1756455707364441146,
      "q" : "1",
      "p" : "0.27316",
      "s" : "buy",
      "i" : "SANDUSD-PERP",
      "m" : "4611686018430882797"
    }, {
      "d" : "1756455707229008309",
      "t" : 1756455707229,
      "tn" : 1756455707229008309,
      "q" : "1",
      "p" : "0.27311",
      "s" : "buy",
      "i" : "SANDUSD-PERP",
      "m" : "4611686018430882796"
    }, {
      "d" : "1756455674338819612",
      "t" : 1756455674338,
      "tn" : 1756455674338819612,
      "q" : "164",
      "p" : "0.27264",
      "s" : "buy",
      "i" : "SANDUSD-PERP",
      "m" : "4611686018430882795"
    }, {
      "d" : "1756455674338375066",
      "t" : 1756455674338,
      "tn" : 1756455674338375065,
      "q" : "283",
      "p" : "0.27264",
      "s" : "buy",
      "i" : "SANDUSD-PERP",
      "m" : "4611686018430882794"
    }, {
      "d" : "1756455674338375065",
      "t" : 1756455674338,
      "tn" : 1756455674338375065,
      "q" : "1",
      "p" : "0.27264",
      "s" : "buy",
      "i" : "SANDUSD-PERP",
      "m" : "4611686018430882794"
    }, {
      "d" : "1756455673850540575",
      "t" : 1756455673850,
      "tn" : 1756455673850540575,
      "q" : "447",
      "p" : "0.27261",
      "s" : "buy",
      "i" : "SANDUSD-PERP",
      "m" : "4611686018430882793"
    }, {
      "d" : "1756455660691034860",
      "t" : 1756455660691,
      "tn" : 1756455660691034860,
      "q" : "1",
      "p" : "0.27296",
      "s" : "buy",
      "i" : "SANDUSD-PERP",
      "m" : "4611686018430882792"
    }, {
      "d" : "1756455643802677996",
      "t" : 1756455643802,
      "tn" : 1756455643802677996,
      "q" : "1",
      "p" : "0.27314",
      "s" : "buy",
      "i" : "SANDUSD-PERP",
      "m" : "4611686018430882791"
    }, {
      "d" : "1756455643693395680",
      "t" : 1756455643693,
      "tn" : 1756455643693395680,
      "q" : "1",
      "p" : "0.27310",
      "s" : "buy",
      "i" : "SANDUSD-PERP",
      "m" : "4611686018430882790"
    }, {
      "d" : "1756455643552597602",
      "t" : 1756455643552,
      "tn" : 1756455643552597602,
      "q" : "1",
      "p" : "0.27309",
      "s" : "buy",
      "i" : "SANDUSD-PERP",
      "m" : "4611686018430882789"
    }, {
      "d" : "1756455643442016236",
      "t" : 1756455643442,
      "tn" : 1756455643442016236,
      "q" : "1",
      "p" : "0.27303",
      "s" : "buy",
      "i" : "SANDUSD-PERP",
      "m" : "4611686018430882788"
    }, {
      "d" : "1756455643328494073",
      "t" : 1756455643328,
      "tn" : 1756455643328494073,
      "q" : "1",
      "p" : "0.27300",
      "s" : "buy",
      "i" : "SANDUSD-PERP",
      "m" : "4611686018430882787"
    }, {
      "d" : "1756455641155309299",
      "t" : 1756455641155,
      "tn" : 1756455641155309299,
      "q" : "1",
      "p" : "0.27311",
      "s" : "buy",
      "i" : "SANDUSD-PERP",
      "m" : "4611686018430882786"
    }, {
      "d" : "1756455612822694902",
      "t" : 1756455612822,
      "tn" : 1756455612822694902,
      "q" : "174",
      "p" : "0.27322",
      "s" : "buy",
      "i" : "SANDUSD-PERP",
      "m" : "4611686018430882785"
    }, {
      "d" : "1756455491168392613",
      "t" : 1756455491168,
      "tn" : 1756455491168392613,
      "q" : "1",
      "p" : "0.27369",
      "s" : "buy",
      "i" : "SANDUSD-PERP",
      "m" : "4611686018430882784"
    }, {
      "d" : "1756455490777783753",
      "t" : 1756455490777,
      "tn" : 1756455490777783753,
      "q" : "1",
      "p" : "0.27363",
      "s" : "buy",
      "i" : "SANDUSD-PERP",
      "m" : "4611686018430882783"
    }, {
      "d" : "1756455490657902049",
      "t" : 1756455490657,
      "tn" : 1756455490657902049,
      "q" : "1",
      "p" : "0.27358",
      "s" : "buy",
      "i" : "SANDUSD-PERP",
      "m" : "4611686018430882782"
    }, {
      "d" : "1756455483659630111",
      "t" : 1756455483659,
      "tn" : 1756455483659630111,
      "q" : "1",
      "p" : "0.27382",
      "s" : "buy",
      "i" : "SANDUSD-PERP",
      "m" : "4611686018430882781"
    }, {
      "d" : "1756455482302666054",
      "t" : 1756455482302,
      "tn" : 1756455482302666054,
      "q" : "1",
      "p" : "0.27382",
      "s" : "buy",
      "i" : "SANDUSD-PERP",
      "m" : "4611686018430882780"
    }, {
      "d" : "1756455482159845638",
      "t" : 1756455482159,
      "tn" : 1756455482159845638,
      "q" : "1",
      "p" : "0.27380",
      "s" : "buy",
      "i" : "SANDUSD-PERP",
      "m" : "4611686018430882779"
    }, {
      "d" : "1756455480761557018",
      "t" : 1756455480761,
      "tn" : 1756455480761557018,
      "q" : "1",
      "p" : "0.27371",
      "s" : "buy",
      "i" : "SANDUSD-PERP",
      "m" : "4611686018430882778"
    }, {
      "d" : "1756455477192138555",
      "t" : 1756455477192,
      "tn" : 1756455477192138555,
      "q" : "1",
      "p" : "0.27365",
      "s" : "buy",
      "i" : "SANDUSD-PERP",
      "m" : "4611686018430882777"
    }, {
      "d" : "1756455477084752554",
      "t" : 1756455477084,
      "tn" : 1756455477084752554,
      "q" : "1",
      "p" : "0.27358",
      "s" : "buy",
      "i" : "SANDUSD-PERP",
      "m" : "4611686018430882776"
    }, {
      "d" : "1756455473755501592",
      "t" : 1756455473755,
      "tn" : 1756455473755501592,
      "q" : "1",
      "p" : "0.27358",
      "s" : "buy",
      "i" : "SANDUSD-PERP",
      "m" : "4611686018430882775"
    }, {
      "d" : "1756455469264616463",
      "t" : 1756455469264,
      "tn" : 1756455469264616463,
      "q" : "1",
      "p" : "0.27363",
      "s" : "buy",
      "i" : "SANDUSD-PERP",
      "m" : "4611686018430882774"
    }, {
      "d" : "1756455469154110787",
      "t" : 1756455469154,
      "tn" : 1756455469154110787,
      "q" : "1",
      "p" : "0.27362",
      "s" : "buy",
      "i" : "SANDUSD-PERP",
      "m" : "4611686018430882773"
    }, {
      "d" : "1756455469043489026",
      "t" : 1756455469043,
      "tn" : 1756455469043489026,
      "q" : "1",
      "p" : "0.27358",
      "s" : "buy",
      "i" : "SANDUSD-PERP",
      "m" : "4611686018430882772"
    }, {
      "d" : "1756455468939132276",
      "t" : 1756455468939,
      "tn" : 1756455468939132276,
      "q" : "1",
      "p" : "0.27363",
      "s" : "buy",
      "i" : "SANDUSD-PERP",
      "m" : "4611686018430882771"
    }, {
      "d" : "1756455468932641063",
      "t" : 1756455468932,
      "tn" : 1756455468932641063,
      "q" : "1",
      "p" : "0.27357",
      "s" : "buy",
      "i" : "SANDUSD-PERP",
      "m" : "4611686018430882770"
    }, {
      "d" : "1756455468838866153",
      "t" : 1756455468838,
      "tn" : 1756455468838866153,
      "q" : "1",
      "p" : "0.27354",
      "s" : "buy",
      "i" : "SANDUSD-PERP",
      "m" : "4611686018430882769"
    }, {
      "d" : "1756455468819077859",
      "t" : 1756455468819,
      "tn" : 1756455468819077859,
      "q" : "1",
      "p" : "0.27347",
      "s" : "buy",
      "i" : "SANDUSD-PERP",
      "m" : "4611686018430882768"
    }, {
      "d" : "1756455467828366170",
      "t" : 1756455467828,
      "tn" : 1756455467828366170,
      "q" : "1",
      "p" : "0.27347",
      "s" : "buy",
      "i" : "SANDUSD-PERP",
      "m" : "4611686018430882767"
    } ]
  }
}