{
  "id" : -1,
  "method" : "public/get-trades",
  "code" : 0,
  "result" : {
    "data" : [ {
      "d" : "1756460920072809970",
      "t" : 1756460920072,
      "tn" : 1756460920072809970,
      "q" : "2200",
      "p" : "0.0030336",
      "s" : "sell",
      "i" : "SC_USD",
      "m" : "4611686018430486255"
    }, {
      "d" : "1756459560228101755",
      "t" : 1756459560228,
      "tn" : 1756459560228101755,
      "q" : "1000",
      "p" : "0.0030280",
      "s" : "sell",
      "i" : "SC_USD",
      "m" : "4611686018430486254"
    }, {
      "d" : "1756459119433845422",
      "t" : 1756459119433,
      "tn" : 1756459119433845422,
      "q" : "27800",
      "p" : "0.0030270",
      "s" : "sell",
      "i" : "SC_USD",
      "m" : "4611686018430486253"
    }, {
      "d" : "1756459119431186579",
      "t" : 1756459119431,
      "tn" : 1756459119431186579,
      "q" : "3800",
      "p" : "0.0030270",
      "s" : "buy",
      "i" : "SC_USD",
      "m" : "4611686018430486252"
    }, {
      "d" : "1756459085725880747",
      "t" : 1756459085725,
      "tn" : 1756459085725880747,
      "q" : "3900",
      "p" : "0.0030215",
      "s" : "sell",
      "i" : "SC_USD",
      "m" : "4611686018430486251"
    }, {
      "d" : "1756458368206596379",
      "t" : 1756458368206,
      "tn" : 1756458368206596379,
      "q" : "1700",
      "p" : "0.0030100",
      "s" : "sell",
      "i" : "SC_USD",
      "m" : "4611686018430486250"
    }, {
      "d" : "1756458361983851069",
      "t" : 1756458361983,
      "tn" : 1756458361983851069,
      "q" : "3900",
      "p" : "0.0030122",
      "s" : "sell",
      "i" : "SC_USD",
      "m" : "4611686018430486249"
    }, {
      "d" : "1756458153568427968",
      "t" : 1756458153568,
      "tn" : 1756458153568427968,
      "q" : "3900",
      "p" : "0.0030058",
      "s" : "sell",
      "i" : "SC_USD",
      "m" : "4611686018430486248"
    }, {
      "d" : "1756458150442134532",
      "t" : 1756458150442,
      "tn" : 1756458150442134532,
      "q" : "3800",
      "p" : "0.0030088",
      "s" : "sell",
      "i" : "SC_USD",
      "m" : "4611686018430486247"
    }, {
      "d" : "1756458147878509768",
      "t" : 1756458147878,
      "tn" : 1756458147878509768,
      "q" : "3800",
      "p" : "0.0030137",
      "s" : "sell",
      "i" : "SC_USD",
      "m" : "4611686018430486246"
    }, {
      "d" : "1756458145378244727",
      "t" : 1756458145378,
      "tn" : 1756458145378244727,
      "q" : "93300",
      "p" : "0.0030160",
      "s" : "sell",
      "i" : "SC_USD",
      "m" : "4611686018430486245"
    }, {
      "d" : "1756458145378243077",
      "t" : 1756458145378,
      "tn" : 1756458145378243077,
      "q" : "3800",
      "p" : "0.0030188",
      "s" : "sell",
      "i" : "SC_USD",
      "m" : "4611686018430486244"
    }, {
      "d" : "1756455612069761360",
      "t" : 1756455612069,
      "tn" : 1756455612069761360,
      "q" : "7100",
      "p" : "0.0030388",
      "s" : "sell",
      "i" : "SC_USD",
      "m" : "4611686018430486243"
    }, {
      "d" : "1756455606626775366",
      "t" : 1756455606626,
      "tn" : 1756455606626775366,
      "q" : "3800",
      "p" : "0.0030401",
      "s" : "sell",
      "i" : "SC_USD",
      "m" : "4611686018430486242"
    }, {
      "d" : "1756455601893512367",
      "t" : 1756455601893,
      "tn" : 1756455601893512367,
      "q" : "3800",
      "p" : "0.0030402",
      "s" : "sell",
      "i" : "SC_USD",
      "m" : "4611686018430486241"
    }, {
      "d" : "1756455598242470226",
      "t" : 1756455598242,
      "tn" : 1756455598242470226,
      "q" : "3900",
      "p" : "0.0030403",
      "s" : "sell",
      "i" : "SC_USD",
      "m" : "4611686018430486240"
    }, {
      "d" : "1756455592955516260",
      "t" : 1756455592955,
      "tn" : 1756455592955516260,
      "q" : "3900",
      "p" : "0.0030404",
      "s" : "sell",
      "i" : "SC_USD",
      "m" : "4611686018430486239"
    }, {
      "d" : "1756455396555556179",
      "t" : 1756455396555,
      "tn" : 1756455396555556179,
      "q" : "23000",
      "p" : "0.0030513",
      "s" : "buy",
      "i" : "SC_USD",
      "m" : "4611686018430486238"
    }, {
      "d" : "1756455396547883302",
      "t" : 1756455396547,
      "tn" : 1756455396547883302,
      "q" : "23000",
      "p" : "0.0030513",
      "s" : "buy",
      "i" : "SC_USD",
      "m" : "4611686018430486237"
    }, {
      "d" : "1756455396541833871",
      "t" : 1756455396541,
      "tn" : 1756455396541833871,
      "q" : "226500",
      "p" : "0.0030502",
      "s" : "buy",
      "i" : "SC_USD",
      "m" : "4611686018430486236"
    }, {
      "d" : "1756455396541831842",
      "t" : 1756455396541,
      "tn" : 1756455396541831842,
      "q" : "3900",
      "p" : "0.0030466",
      "s" : "buy",
      "i" : "SC_USD",
      "m" : "4611686018430486235"
    }, {
      "d" : "1756455396541825229",
      "t" : 1756455396541,
      "tn" : 1756455396541825229,
      "q" : "20400",
      "p" : "0.0030465",
      "s" : "buy",
      "i" : "SC_USD",
      "m" : "4611686018430486234"
    }, {
      "d" : "1756455396541822638",
      "t" : 1756455396541,
      "tn" : 1756455396541822638,
      "q" : "55000",
      "p" : "0.0030458",
      "s" : "buy",
      "i" : "SC_USD",
      "m" : "4611686018430486233"
    }, {
      "d" : "1756455307996641201",
      "t" : 1756455307996,
      "tn" : 1756455307996641201,
      "q" : "3000",
      "p" : "0.0030404",
      "s" : "sell",
      "i" : "SC_USD",
      "m" : "4611686018430486232"
    }, {
      "d" : "1756455303856863593",
      "t" : 1756455303856,
      "tn" : 1756455303856863593,
      "q" : "3900",
      "p" : "0.0030405",
      "s" : "sell",
      "i" : "SC_USD",
      "m" : "4611686018430486231"
    }, {
      "d" : "1756455299995121338",
      "t" : 1756455299995,
      "tn" : 1756455299995121338,
      "q" : "3100",
      "p" : "0.0030406",
      "s" : "sell",
      "i" : "SC_USD",
      "m" : "4611686018430486230"
    }, {
      "d" : "1756455277922791253",
      "t" : 1756455277922,
      "tn" : 1756455277922791253,
      "q" : "800",
      "p" : "0.0030406",
      "s" : "sell",
      "i" : "SC_USD",
      "m" : "4611686018430486229"
    }, {
      "d" : "1756455106436060104",
      "t" : 1756455106436,
      "tn" : 1756455106436060104,
      "q" : "34000",
      "p" : "0.0030439",
      "s" : "buy",
      "i" : "SC_USD",
      "m" : "4611686018430486228"
    }, {
      "d" : "1756454509975183631",
      "t" : 1756454509975,
      "tn" : 1756454509975183631,
      "q" : "192300",
      "p" : "0.0030533",
      "s" : "sell",
      "i" : "SC_USD",
      "m" : "4611686018430486227"
    }, {
      "d" : "1756454504939010769",
      "t" : 1756454504939,
      "tn" : 1756454504939010769,
      "q" : "3800",
      "p" : "0.0030558",
      "s" : "sell",
      "i" : "SC_USD",
      "m" : "4611686018430486226"
    }, {
      "d" : "1756454499933766297",
      "t" : 1756454499933,
      "tn" : 1756454499933766297,
      "q" : "3900",
      "p" : "0.0030527",
      "s" : "sell",
      "i" : "SC_USD",
      "m" : "4611686018430486225"
    }, {
      "d" : "1756454329994851125",
      "t" : 1756454329994,
      "tn" : 1756454329994851125,
      "q" : "3200",
      "p" : "0.0030493",
      "s" : "buy",
      "i" : "SC_USD",
      "m" : "4611686018430486224"
    }, {
      "d" : "1756454308377151690",
      "t" : 1756454308377,
      "tn" : 1756454308377151690,
      "q" : "3900",
      "p" : "0.0030479",
      "s" : "sell",
      "i" : "SC_USD",
      "m" : "4611686018430486223"
    }, {
      "d" : "1756454241268457531",
      "t" : 1756454241268,
      "tn" : 1756454241268457531,
      "q" : "7900",
      "p" : "0.0030537",
      "s" : "buy",
      "i" : "SC_USD",
      "m" : "4611686018430486222"
    }, {
      "d" : "1756452510923841563",
      "t" : 1756452510923,
      "tn" : 1756452510923841563,
      "q" : "314700",
      "p" : "0.0030598",
      "s" : "sell",
      "i" : "SC_USD",
      "m" : "4611686018430486221"
    }, {
      "d" : "1756452510923839523",
      "t" : 1756452510923,
      "tn" : 1756452510923839523,
      "q" : "3900",
      "p" : "0.0030658",
      "s" : "sell",
      "i" : "SC_USD",
      "m" : "4611686018430486220"
    }, {
      "d" : "1756452214789711627",
      "t" : 1756452214789,
      "tn" : 1756452214789711627,
      "q" : "16000",
      "p" : "0.0030744",
      "s" : "sell",
      "i" : "SC_USD",
      "m" : "4611686018430486219"
    }, {
      "d" : "1756452211672403070",
      "t" : 1756452211672,
      "tn" : 1756452211672403070,
      "q" : "3800",
      "p" : "0.0030775",
      "s" : "sell",
      "i" : "SC_USD",
      "m" : "4611686018430486218"
    }, {
      "d" : "1756452207040641771",
      "t" : 1756452207040,
      "tn" : 1756452207040641771,
      "q" : "3800",
      "p" : "0.0030776",
      "s" : "sell",
      "i" : "SC_USD",
      "m" : "4611686018430486217"
    }, {
      "d" : "1756452021249536220",
      "t" : 1756452021249,
      "tn" : 1756452021249536220,
      "q" : "4700",
      "p" : "0.0030866",
      "s" : "buy",
      "i" : "SC_USD",
      "m" : "4611686018430486216"
    }, {
      "d" : "1756451656672099974",
      "t" : 1756451656672,
      "tn" : 1756451656672099974,
      "q" : "3800",
      "p" : "0.0030855",
      "s" : "sell",
      "i" : "SC_USD",
      "m" : "4611686018430486215"
    }, {
      "d" : "1756451455865017224",
      "t" : 1756451455865,
      "tn" : 1756451455865017224,
      "q" : "59300",
      "p" : "0.0030786",
      "s" : "sell",
      "i" : "SC_USD",
      "m" : "4611686018430486214"
    }, {
      "d" : "1756451455864228296",
      "t" : 1756451455864,
      "tn" : 1756451455864228296,
      "q" : "551700",
      "p" : "0.0030801",
      "s" : "sell",
      "i" : "SC_USD",
      "m" : "4611686018430486213"
    }, {
      "d" : "1756451455856381670",
      "t" : 1756451455856,
      "tn" : 1756451455856381670,
      "q" : "52200",
      "p" : "0.0030801",
      "s" : "sell",
      "i" : "SC_USD",
      "m" : "4611686018430486212"
    }, {
      "d" : "1756451455856380071",
      "t" : 1756451455856,
      "tn" : 1756451455856380071,
      "q" : "3900",
      "p" : "0.0030840",
      "s" : "sell",
      "i" : "SC_USD",
      "m" : "4611686018430486211"
    }, {
      "d" : "1756451455856376580",
      "t" : 1756451455856,
      "tn" : 1756451455856376580,
      "q" : "14700",
      "p" : "0.0030841",
      "s" : "sell",
      "i" : "SC_USD",
      "m" : "4611686018430486210"
    }, {
      "d" : "1756451454505107448",
      "t" : 1756451454505,
      "tn" : 1756451454505107448,
      "q" : "5700",
      "p" : "0.0030861",
      "s" : "sell",
      "i" : "SC_USD",
      "m" : "4611686018430486209"
    }, {
      "d" : "1756451424394848658",
      "t" : 1756451424394,
      "tn" : 1756451424394848658,
      "q" : "3900",
      "p" : "0.0030945",
      "s" : "sell",
      "i" : "SC_USD",
      "m" : "4611686018430486208"
    }, {
      "d" : "1756451409355988901",
      "t" : 1756451409355,
      "tn" : 1756451409355988901,
      "q" : "3900",
      "p" : "0.0030919",
      "s" : "buy",
      "i" : "SC_USD",
      "m" : "4611686018430486207"
    }, {
      "d" : "1756451409291008209",
      "t" : 1756451409291,
      "tn" : 1756451409291008209,
      "q" : "3800",
      "p" : "0.0030919",
      "s" : "buy",
      "i" : "SC_USD",
      "m" : "4611686018430486206"
    }, {
      "d" : "1756451409290249252",
      "t" : 1756451409290,
      "tn" : 1756451409290249252,
      "q" : "323800",
      "p" : "0.0030919",
      "s" : "buy",
      "i" : "SC_USD",
      "m" : "4611686018430486205"
    }, {
      "d" : "1756451409231045749",
      "t" : 1756451409231,
      "tn" : 1756451409231045749,
      "q" : "20400",
      "p" : "0.0030870",
      "s" : "buy",
      "i" : "SC_USD",
      "m" : "4611686018430486204"
    }, {
      "d" : "1756450543436228198",
      "t" : 1756450543436,
      "tn" : 1756450543436228198,
      "q" : "3800",
      "p" : "0.0030936",
      "s" : "sell",
      "i" : "SC_USD",
      "m" : "4611686018430486203"
    }, {
      "d" : "1756448443246815141",
      "t" : 1756448443246,
      "tn" : 1756448443246815141,
      "q" : "800",
      "p" : "0.0031040",
      "s" : "sell",
      "i" : "SC_USD",
      "m" : "4611686018430486202"
    }, {
      "d" : "1756448438685042009",
      "t" : 1756448438685,
      "tn" : 1756448438685042009,
      "q" : "3800",
      "p" : "0.0031085",
      "s" : "sell",
      "i" : "SC_USD",
      "m" : "4611686018430486201"
    }, {
      "d" : "1756447404017804431",
      "t" : 1756447404017,
      "tn" : 1756447404017804431,
      "q" : "1400",
      "p" : "0.0031110",
      "s" : "sell",
      "i" : "SC_USD",
      "m" : "4611686018430486200"
    }, {
      "d" : "1756447400081794039",
      "t" : 1756447400081,
      "tn" : 1756447400081794039,
      "q" : "3900",
      "p" : "0.0031136",
      "s" : "sell",
      "i" : "SC_USD",
      "m" : "4611686018430486199"
    }, {
      "d" : "1756447395545039957",
      "t" : 1756447395545,
      "tn" : 1756447395545039957,
      "q" : "4600",
      "p" : "0.0031137",
      "s" : "sell",
      "i" : "SC_USD",
      "m" : "4611686018430486198"
    }, {
      "d" : "1756446890763494277",
      "t" : 1756446890763,
      "tn" : 1756446890763494277,
      "q" : "3900",
      "p" : "0.0031173",
      "s" : "sell",
      "i" : "SC_USD",
      "m" : "4611686018430486197"
    }, {
      "d" : "1756446890760319117",
      "t" : 1756446890760,
      "tn" : 1756446890760319117,
      "q" : "3800",
      "p" : "0.0031173",
      "s" : "buy",
      "i" : "SC_USD",
      "m" : "4611686018430486196"
    }, {
      "d" : "1756446382384805384",
      "t" : 1756446382384,
      "tn" : 1756446382384805384,
      "q" : "4600",
      "p" : "0.0031236",
      "s" : "buy",
      "i" : "SC_USD",
      "m" : "4611686018430486195"
    }, {
      "d" : "1756445496494705619",
      "t" : 1756445496494,
      "tn" : 1756445496494705619,
      "q" : "197300",
      "p" : "0.0031169",
      "s" : "sell",
      "i" : "SC_USD",
      "m" : "4611686018430486194"
    }, {
      "d" : "1756445496494703587",
      "t" : 1756445496494,
      "tn" : 1756445496494703587,
      "q" : "3800",
      "p" : "0.0031194",
      "s" : "sell",
      "i" : "SC_USD",
      "m" : "4611686018430486193"
    }, {
      "d" : "1756444586212946089",
      "t" : 1756444586212,
      "tn" : 1756444586212946089,
      "q" : "3800",
      "p" : "0.0031271",
      "s" : "sell",
      "i" : "SC_USD",
      "m" : "4611686018430486192"
    }, {
      "d" : "1756443488422141237",
      "t" : 1756443488422,
      "tn" : 1756443488422141237,
      "q" : "2700",
      "p" : "0.0031203",
      "s" : "sell",
      "i" : "SC_USD",
      "m" : "4611686018430486191"
    }, {
      "d" : "1756443485181562435",
      "t" : 1756443485181,
      "tn" : 1756443485181562435,
      "q" : "3800",
      "p" : "0.0031206",
      "s" : "sell",
      "i" : "SC_USD",
      "m" : "4611686018430486190"
    }, {
      "d" : "1756443383067856701",
      "t" : 1756443383067,
      "tn" : 1756443383067856701,
      "q" : "2300",
      "p" : "0.0031270",
      "s" : "sell",
      "i" : "SC_USD",
      "m" : "4611686018430486189"
    }, {
      "d" : "1756443383063585006",
      "t" : 1756443383063,
      "tn" : 1756443383063585006,
      "q" : "3900",
      "p" : "0.0031270",
      "s" : "buy",
      "i" : "SC_USD",
      "m" : "4611686018430486188"
    }, {
      "d" : "1756442514229356799",
      "t" : 1756442514229,
      "tn" : 1756442514229356799,
      "q" : "1900",
      "p" : "0.0031320",
      "s" : "sell",
      "i" : "SC_USD",
      "m" : "4611686018430486187"
    }, {
      "d" : "1756442514225206126",
      "t" : 1756442514225,
      "tn" : 1756442514225206126,
      "q" : "18500",
      "p" : "0.0031320",
      "s" : "sell",
      "i" : "SC_USD",
      "m" : "4611686018430486186"
    }, {
      "d" : "1756442053292311273",
      "t" : 1756442053292,
      "tn" : 1756442053292311273,
      "q" : "700",
      "p" : "0.0031370",
      "s" : "sell",
      "i" : "SC_USD",
      "m" : "4611686018430486185"
    }, {
      "d" : "1756442053284335449",
      "t" : 1756442053284,
      "tn" : 1756442053284335449,
      "q" : "3900",
      "p" : "0.0031370",
      "s" : "buy",
      "i" : "SC_USD",
      "m" : "4611686018430486184"
    }, {
      "d" : "1756441549186634770",
      "t" : 1756441549186,
      "tn" : 1756441549186634770,
      "q" : "12000",
      "p" : "0.0031457",
      "s" : "sell",
      "i" : "SC_USD",
      "m" : "4611686018430486183"
    }, {
      "d" : "1756441549177058368",
      "t" : 1756441549177,
      "tn" : 1756441549177058368,
      "q" : "18700",
      "p" : "0.0031457",
      "s" : "buy",
      "i" : "SC_USD",
      "m" : "4611686018430486182"
    }, {
      "d" : "1756440916497777106",
      "t" : 1756440916497,
      "tn" : 1756440916497777106,
      "q" : "1200",
      "p" : "0.0031346",
      "s" : "buy",
      "i" : "SC_USD",
      "m" : "4611686018430486181"
    }, {
      "d" : "1756440582369854378",
      "t" : 1756440582369,
      "tn" : 1756440582369854378,
      "q" : "500",
      "p" : "0.0031315",
      "s" : "buy",
      "i" : "SC_USD",
      "m" : "4611686018430486180"
    }, {
      "d" : "1756440369574090124",
      "t" : 1756440369574,
      "tn" : 1756440369574090124,
      "q" : "3800",
      "p" : "0.0031310",
      "s" : "sell",
      "i" : "SC_USD",
      "m" : "4611686018430486179"
    }, {
      "d" : "1756440369574088020",
      "t" : 1756440369574,
      "tn" : 1756440369574088020,
      "q" : "20400",
      "p" : "0.0031311",
      "s" : "sell",
      "i" : "SC_USD",
      "m" : "4611686018430486178"
    }, {
      "d" : "1756440281938149683",
      "t" : 1756440281938,
      "tn" : 1756440281938149683,
      "q" : "6200",
      "p" : "0.0031323",
      "s" : "buy",
      "i" : "SC_USD",
      "m" : "4611686018430486177"
    }, {
      "d" : "1756439816688449023",
      "t" : 1756439816688,
      "tn" : 1756439816688449023,
      "q" : "20500",
      "p" : "0.0031322",
      "s" : "sell",
      "i" : "SC_USD",
      "m" : "4611686018430486176"
    }, {
      "d" : "1756439816682963793",
      "t" : 1756439816682,
      "tn" : 1756439816682963793,
      "q" : "20400",
      "p" : "0.0031322",
      "s" : "buy",
      "i" : "SC_USD",
      "m" : "4611686018430486175"
    }, {
      "d" : "1756438800234845817",
      "t" : 1756438800234,
      "tn" : 1756438800234845817,
      "q" : "40900",
      "p" : "0.0031287",
      "s" : "sell",
      "i" : "SC_USD",
      "m" : "4611686018430486174"
    }, {
      "d" : "1756438794805611528",
      "t" : 1756438794805,
      "tn" : 1756438794805611528,
      "q" : "3800",
      "p" : "0.0031318",
      "s" : "sell",
      "i" : "SC_USD",
      "m" : "4611686018430486173"
    }, {
      "d" : "1756438789525051068",
      "t" : 1756438789525,
      "tn" : 1756438789525051068,
      "q" : "3800",
      "p" : "0.0031319",
      "s" : "sell",
      "i" : "SC_USD",
      "m" : "4611686018430486172"
    }, {
      "d" : "1756438784552305275",
      "t" : 1756438784552,
      "tn" : 1756438784552305275,
      "q" : "3800",
      "p" : "0.0031294",
      "s" : "sell",
      "i" : "SC_USD",
      "m" : "4611686018430486171"
    }, {
      "d" : "1756438781415543218",
      "t" : 1756438781415,
      "tn" : 1756438781415543218,
      "q" : "7700",
      "p" : "0.0031295",
      "s" : "sell",
      "i" : "SC_USD",
      "m" : "4611686018430486170"
    }, {
      "d" : "1756436914487889107",
      "t" : 1756436914487,
      "tn" : 1756436914487889107,
      "q" : "7700",
      "p" : "0.0031307",
      "s" : "buy",
      "i" : "SC_USD",
      "m" : "4611686018430486169"
    }, {
      "d" : "1756435718041036069",
      "t" : 1756435718041,
      "tn" : 1756435718041036069,
      "q" : "5300",
      "p" : "0.0031213",
      "s" : "sell",
      "i" : "SC_USD",
      "m" : "4611686018430486168"
    }, {
      "d" : "1756435713759193512",
      "t" : 1756435713759,
      "tn" : 1756435713759193512,
      "q" : "3800",
      "p" : "0.0031235",
      "s" : "sell",
      "i" : "SC_USD",
      "m" : "4611686018430486167"
    }, {
      "d" : "1756435710389028520",
      "t" : 1756435710389,
      "tn" : 1756435710389028520,
      "q" : "3800",
      "p" : "0.0031235",
      "s" : "sell",
      "i" : "SC_USD",
      "m" : "4611686018430486166"
    }, {
      "d" : "1756433065582631199",
      "t" : 1756433065582,
      "tn" : 1756433065582631199,
      "q" : "1400",
      "p" : "0.0031171",
      "s" : "sell",
      "i" : "SC_USD",
      "m" : "4611686018430486165"
    }, {
      "d" : "1756432033959910464",
      "t" : 1756432033959,
      "tn" : 1756432033959910464,
      "q" : "3900",
      "p" : "0.0031177",
      "s" : "sell",
      "i" : "SC_USD",
      "m" : "4611686018430486164"
    }, {
      "d" : "1756430983349519432",
      "t" : 1756430983349,
      "tn" : 1756430983349519432,
      "q" : "3900",
      "p" : "0.0031174",
      "s" : "sell",
      "i" : "SC_USD",
      "m" : "4611686018430486163"
    }, {
      "d" : "1756430785920775158",
      "t" : 1756430785920,
      "tn" : 1756430785920775158,
      "q" : "20300",
      "p" : "0.0031174",
      "s" : "buy",
      "i" : "SC_USD",
      "m" : "4611686018430486162"
    }, {
      "d" : "1756430781268216882",
      "t" : 1756430781268,
      "tn" : 1756430781268216882,
      "q" : "3800",
      "p" : "0.0031201",
      "s" : "sell",
      "i" : "SC_USD",
      "m" : "4611686018430486161"
    }, {
      "d" : "1756430776515063382",
      "t" : 1756430776515,
      "tn" : 1756430776515063382,
      "q" : "3900",
      "p" : "0.0031207",
      "s" : "sell",
      "i" : "SC_USD",
      "m" : "4611686018430486160"
    }, {
      "d" : "1756430576596080248",
      "t" : 1756430576596,
      "tn" : 1756430576596080248,
      "q" : "3800",
      "p" : "0.0031170",
      "s" : "sell",
      "i" : "SC_USD",
      "m" : "4611686018430486159"
    }, {
      "d" : "1756428986028387155",
      "t" : 1756428986028,
      "tn" : 1756428986028387155,
      "q" : "500",
      "p" : "0.0031448",
      "s" : "buy",
      "i" : "SC_USD",
      "m" : "4611686018430486158"
    }, {
      "d" : "1756428736363897071",
      "t" : 1756428736363,
      "tn" : 1756428736363897071,
      "q" : "62800",
      "p" : "0.0031432",
      "s" : "sell",
      "i" : "SC_USD",
      "m" : "4611686018430486157"
    }, {
      "d" : "1756428736361999536",
      "t" : 1756428736361,
      "tn" : 1756428736361999536,
      "q" : "3800",
      "p" : "0.0031432",
      "s" : "buy",
      "i" : "SC_USD",
      "m" : "4611686018430486156"
    }, {
      "d" : "1756428478604700094",
      "t" : 1756428478604,
      "tn" : 1756428478604700094,
      "q" : "1900",
      "p" : "0.0031412",
      "s" : "sell",
      "i" : "SC_USD",
      "m" : "4611686018430486155"
    }, {
      "d" : "1756427766150444705",
      "t" : 1756427766150,
      "tn" : 1756427766150444705,
      "q" : "1100",
      "p" : "0.0031494",
      "s" : "sell",
      "i" : "SC_USD",
      "m" : "4611686018430486154"
    }, {
      "d" : "1756427672879363331",
      "t" : 1756427672879,
      "tn" : 1756427672879363331,
      "q" : "700",
      "p" : "0.0031494",
      "s" : "sell",
      "i" : "SC_USD",
      "m" : "4611686018430486153"
    }, {
      "d" : "1756427570560717349",
      "t" : 1756427570560,
      "tn" : 1756427570560717349,
      "q" : "20100",
      "p" : "0.0031522",
      "s" : "buy",
      "i" : "SC_USD",
      "m" : "4611686018430486152"
    }, {
      "d" : "1756427570559984056",
      "t" : 1756427570559,
      "tn" : 1756427570559984056,
      "q" : "28600",
      "p" : "0.0031522",
      "s" : "buy",
      "i" : "SC_USD",
      "m" : "4611686018430486151"
    }, {
      "d" : "1756427570552814214",
      "t" : 1756427570552,
      "tn" : 1756427570552814214,
      "q" : "47500",
      "p" : "0.0031522",
      "s" : "sell",
      "i" : "SC_USD",
      "m" : "4611686018430486150"
    }, {
      "d" : "1756427567351129964",
      "t" : 1756427567351,
      "tn" : 1756427567351129964,
      "q" : "3800",
      "p" : "0.0031558",
      "s" : "sell",
      "i" : "SC_USD",
      "m" : "4611686018430486149"
    }, {
      "d" : "1756427531211778884",
      "t" : 1756427531211,
      "tn" : 1756427531211778884,
      "q" : "6900",
      "p" : "0.0031539",
      "s" : "sell",
      "i" : "SC_USD",
      "m" : "4611686018430486148"
    }, {
      "d" : "1756427474134986182",
      "t" : 1756427474134,
      "tn" : 1756427474134986182,
      "q" : "1100",
      "p" : "0.0031519",
      "s" : "buy",
      "i" : "SC_USD",
      "m" : "4611686018430486147"
    }, {
      "d" : "1756427452778148281",
      "t" : 1756427452778,
      "tn" : 1756427452778148281,
      "q" : "500",
      "p" : "0.0031551",
      "s" : "buy",
      "i" : "SC_USD",
      "m" : "4611686018430486146"
    }, {
      "d" : "1756427306083170029",
      "t" : 1756427306083,
      "tn" : 1756427306083170029,
      "q" : "3800",
      "p" : "0.0031499",
      "s" : "sell",
      "i" : "SC_USD",
      "m" : "4611686018430486145"
    }, {
      "d" : "1756426897136340171",
      "t" : 1756426897136,
      "tn" : 1756426897136340171,
      "q" : "2200",
      "p" : "0.0031484",
      "s" : "sell",
      "i" : "SC_USD",
      "m" : "4611686018430486144"
    }, {
      "d" : "1756426413186322483",
      "t" : 1756426413186,
      "tn" : 1756426413186322483,
      "q" : "10700",
      "p" : "0.0031496",
      "s" : "buy",
      "i" : "SC_USD",
      "m" : "4611686018430486143"
    }, {
      "d" : "1756426363577038747",
      "t" : 1756426363577,
      "tn" : 1756426363577038747,
      "q" : "6500",
      "p" : "0.0031463",
      "s" : "sell",
      "i" : "SC_USD",
      "m" : "4611686018430486142"
    }, {
      "d" : "1756426357838020920",
      "t" : 1756426357838,
      "tn" : 1756426357838020920,
      "q" : "3900",
      "p" : "0.0031482",
      "s" : "sell",
      "i" : "SC_USD",
      "m" : "4611686018430486141"
    }, {
      "d" : "1756426352660634408",
      "t" : 1756426352660,
      "tn" : 1756426352660634408,
      "q" : "3900",
      "p" : "0.0031492",
      "s" : "sell",
      "i" : "SC_USD",
      "m" : "4611686018430486140"
    }, {
      "d" : "1756426348109659535",
      "t" : 1756426348109,
      "tn" : 1756426348109659535,
      "q" : "3800",
      "p" : "0.0031519",
      "s" : "sell",
      "i" : "SC_USD",
      "m" : "4611686018430486139"
    }, {
      "d" : "1756426344000134248",
      "t" : 1756426344000,
      "tn" : 1756426344000134248,
      "q" : "3800",
      "p" : "0.0031520",
      "s" : "sell",
      "i" : "SC_USD",
      "m" : "4611686018430486138"
    }, {
      "d" : "1756426338327375338",
      "t" : 1756426338327,
      "tn" : 1756426338327375338,
      "q" : "3900",
      "p" : "0.0031520",
      "s" : "sell",
      "i" : "SC_USD",
      "m" : "4611686018430486137"
    }, {
      "d" : "1756426335132647905",
      "t" : 1756426335132,
      "tn" : 1756426335132647905,
      "q" : "3800",
      "p" : "0.0031514",
      "s" : "sell",
      "i" : "SC_USD",
      "m" : "4611686018430486136"
    }, {
      "d" : "1756426331999978319",
      "t" : 1756426331999,
      "tn" : 1756426331999978319,
      "q" : "20400",
      "p" : "0.0031515",
      "s" : "sell",
      "i" : "SC_USD",
      "m" : "4611686018430486135"
    }, {
      "d" : "1756425823952628817",
      "t" : 1756425823952,
      "tn" : 1756425823952628817,
      "q" : "500",
      "p" : "0.0031682",
      "s" : "buy",
      "i" : "SC_USD",
      "m" : "4611686018430486134"
    }, {
      "d" : "1756425387793895939",
      "t" : 1756425387793,
      "tn" : 1756425387793895939,
      "q" : "3900",
      "p" : "0.0031739",
      "s" : "buy",
      "i" : "SC_USD",
      "m" : "4611686018430486133"
    }, {
      "d" : "1756424016636909178",
      "t" : 1756424016636,
      "tn" : 1756424016636909178,
      "q" : "500",
      "p" : "0.0031656",
      "s" : "buy",
      "i" : "SC_USD",
      "m" : "4611686018430486132"
    }, {
      "d" : "1756422070995685621",
      "t" : 1756422070995,
      "tn" : 1756422070995685621,
      "q" : "1300",
      "p" : "0.0031669",
      "s" : "buy",
      "i" : "SC_USD",
      "m" : "4611686018430486131"
    }, {
      "d" : "1756420936274549630",
      "t" : 1756420936274,
      "tn" : 1756420936274549630,
      "q" : "1200",
      "p" : "0.0031652",
      "s" : "sell",
      "i" : "SC_USD",
      "m" : "4611686018430486130"
    }, {
      "d" : "1756420936269814695",
      "t" : 1756420936269,
      "tn" : 1756420936269814695,
      "q" : "3800",
      "p" : "0.0031652",
      "s" : "buy",
      "i" : "SC_USD",
      "m" : "4611686018430486129"
    }, {
      "d" : "1756420398735000362",
      "t" : 1756420398735,
      "tn" : 1756420398735000362,
      "q" : "194500",
      "p" : "0.0031663",
      "s" : "sell",
      "i" : "SC_USD",
      "m" : "4611686018430486128"
    }, {
      "d" : "1756420398727151587",
      "t" : 1756420398727,
      "tn" : 1756420398727151587,
      "q" : "20400",
      "p" : "0.0031663",
      "s" : "buy",
      "i" : "SC_USD",
      "m" : "4611686018430486127"
    }, {
      "d" : "1756418648945730380",
      "t" : 1756418648945,
      "tn" : 1756418648945730380,
      "q" : "3900",
      "p" : "0.0031486",
      "s" : "sell",
      "i" : "SC_USD",
      "m" : "4611686018430486126"
    }, {
      "d" : "1756418551039919061",
      "t" : 1756418551039,
      "tn" : 1756418551039919061,
      "q" : "3800",
      "p" : "0.0031474",
      "s" : "sell",
      "i" : "SC_USD",
      "m" : "4611686018430486125"
    }, {
      "d" : "1756418462271999190",
      "t" : 1756418462271,
      "tn" : 1756418462271999190,
      "q" : "3800",
      "p" : "0.0031451",
      "s" : "sell",
      "i" : "SC_USD",
      "m" : "4611686018430486124"
    }, {
      "d" : "1756418449274857265",
      "t" : 1756418449274,
      "tn" : 1756418449274857265,
      "q" : "3900",
      "p" : "0.0031454",
      "s" : "sell",
      "i" : "SC_USD",
      "m" : "4611686018430486123"
    }, {
      "d" : "1756417620189678044",
      "t" : 1756417620189,
      "tn" : 1756417620189678044,
      "q" : "2300",
      "p" : "0.0031411",
      "s" : "buy",
      "i" : "SC_USD",
      "m" : "4611686018430486122"
    }, {
      "d" : "1756416657819550835",
      "t" : 1756416657819,
      "tn" : 1756416657819550835,
      "q" : "2900",
      "p" : "0.0031379",
      "s" : "sell",
      "i" : "SC_USD",
      "m" : "4611686018430486121"
    }, {
      "d" : "1756416657816032403",
      "t" : 1756416657816,
      "tn" : 1756416657816032403,
      "q" : "3900",
      "p" : "0.0031379",
      "s" : "buy",
      "i" : "SC_USD",
      "m" : "4611686018430486120"
    }, {
      "d" : "1756416591319949059",
      "t" : 1756416591319,
      "tn" : 1756416591319949059,
      "q" : "3000",
      "p" : "0.0031345",
      "s" : "sell",
      "i" : "SC_USD",
      "m" : "4611686018430486119"
    }, {
      "d" : "1756416581804020995",
      "t" : 1756416581804,
      "tn" : 1756416581804020995,
      "q" : "1600",
      "p" : "0.0031383",
      "s" : "sell",
      "i" : "SC_USD",
      "m" : "4611686018430486118"
    }, {
      "d" : "1756416581799849830",
      "t" : 1756416581799,
      "tn" : 1756416581799849830,
      "q" : "3800",
      "p" : "0.0031383",
      "s" : "buy",
      "i" : "SC_USD",
      "m" : "4611686018430486117"
    }, {
      "d" : "1756416472895849169",
      "t" : 1756416472895,
      "tn" : 1756416472895849169,
      "q" : "600",
      "p" : "0.0031383",
      "s" : "buy",
      "i" : "SC_USD",
      "m" : "4611686018430486116"
    }, {
      "d" : "1756416463298657025",
      "t" : 1756416463298,
      "tn" : 1756416463298657025,
      "q" : "3200",
      "p" : "0.0031382",
      "s" : "buy",
      "i" : "SC_USD",
      "m" : "4611686018430486115"
    }, {
      "d" : "1756416327798272651",
      "t" : 1756416327798,
      "tn" : 1756416327798272651,
      "q" : "5000",
      "p" : "0.0031433",
      "s" : "sell",
      "i" : "SC_USD",
      "m" : "4611686018430486114"
    }, {
      "d" : "1756416327792033058",
      "t" : 1756416327792,
      "tn" : 1756416327792033058,
      "q" : "3800",
      "p" : "0.0031433",
      "s" : "buy",
      "i" : "SC_USD",
      "m" : "4611686018430486113"
    }, {
      "d" : "1756416280556400619",
      "t" : 1756416280556,
      "tn" : 1756416280556400619,
      "q" : "36600",
      "p" : "0.0031432",
      "s" : "sell",
      "i" : "SC_USD",
      "m" : "4611686018430486112"
    }, {
      "d" : "1756416280550766353",
      "t" : 1756416280550,
      "tn" : 1756416280550766353,
      "q" : "3900",
      "p" : "0.0031432",
      "s" : "buy",
      "i" : "SC_USD",
      "m" : "4611686018430486111"
    }, {
      "d" : "1756416261709178772",
      "t" : 1756416261709,
      "tn" : 1756416261709178772,
      "q" : "6600",
      "p" : "0.0031370",
      "s" : "sell",
      "i" : "SC_USD",
      "m" : "4611686018430486110"
    }, {
      "d" : "1756416258498021859",
      "t" : 1756416258498,
      "tn" : 1756416258498021859,
      "q" : "3900",
      "p" : "0.0031393",
      "s" : "sell",
      "i" : "SC_USD",
      "m" : "4611686018430486109"
    }, {
      "d" : "1756416100512474972",
      "t" : 1756416100512,
      "tn" : 1756416100512474972,
      "q" : "3000",
      "p" : "0.0031364",
      "s" : "sell",
      "i" : "SC_USD",
      "m" : "4611686018430486108"
    }, {
      "d" : "1756416094872908395",
      "t" : 1756416094872,
      "tn" : 1756416094872908395,
      "q" : "3800",
      "p" : "0.0031400",
      "s" : "sell",
      "i" : "SC_USD",
      "m" : "4611686018430486107"
    }, {
      "d" : "1756416091215218607",
      "t" : 1756416091215,
      "tn" : 1756416091215218607,
      "q" : "3800",
      "p" : "0.0031406",
      "s" : "sell",
      "i" : "SC_USD",
      "m" : "4611686018430486106"
    } ]
  }
}