{
  "id" : -1,
  "method" : "public/get-trades",
  "code" : 0,
  "result" : {
    "data" : [ {
      "d" : "1756462340435948197",
      "t" : 1756462340435,
      "tn" : 1756462340435948197,
      "q" : "85.0",
      "p" : "0.70421",
      "s" : "sell",
      "i" : "SD_USD",
      "m" : "4611686018429597702"
    }, {
      "d" : "1756461401355049431",
      "t" : 1756461401355,
      "tn" : 1756461401355049431,
      "q" : "127.0",
      "p" : "0.70870",
      "s" : "buy",
      "i" : "SD_USD",
      "m" : "4611686018429597701"
    }, {
      "d" : "1756461301200929206",
      "t" : 1756461301200,
      "tn" : 1756461301200929205,
      "q" : "41.3",
      "p" : "0.71261",
      "s" : "buy",
      "i" : "SD_USD",
      "m" : "4611686018429597700"
    }, {
      "d" : "1756461301200929205",
      "t" : 1756461301200,
      "tn" : 1756461301200929205,
      "q" : "85.0",
      "p" : "0.71261",
      "s" : "buy",
      "i" : "SD_USD",
      "m" : "4611686018429597700"
    }, {
      "d" : "1756459521960366704",
      "t" : 1756459521960,
      "tn" : 1756459521960366704,
      "q" : "407.1",
      "p" : "0.71417",
      "s" : "buy",
      "i" : "SD_USD",
      "m" : "4611686018429597699"
    }, {
      "d" : "1756459521938013836",
      "t" : 1756459521938,
      "tn" : 1756459521938013836,
      "q" : "70.0",
      "p" : "0.71417",
      "s" : "buy",
      "i" : "SD_USD",
      "m" : "4611686018429597698"
    }, {
      "d" : "1756459521854255782",
      "t" : 1756459521854,
      "tn" : 1756459521854255782,
      "q" : "126.0",
      "p" : "0.71417",
      "s" : "buy",
      "i" : "SD_USD",
      "m" : "4611686018429597697"
    }, {
      "d" : "1756459521844614742",
      "t" : 1756459521844,
      "tn" : 1756459521844614742,
      "q" : "10.0",
      "p" : "0.71417",
      "s" : "sell",
      "i" : "SD_USD",
      "m" : "4611686018429597696"
    }, {
      "d" : "1756459116238072068",
      "t" : 1756459116238,
      "tn" : 1756459116238072068,
      "q" : "10.0",
      "p" : "0.71843",
      "s" : "buy",
      "i" : "SD_USD",
      "m" : "4611686018429597695"
    }, {
      "d" : "1756455859725480830",
      "t" : 1756455859725,
      "tn" : 1756455859725480830,
      "q" : "86.6",
      "p" : "0.72133",
      "s" : "sell",
      "i" : "SD_USD",
      "m" : "4611686018429597694"
    }, {
      "d" : "1756454096805651884",
      "t" : 1756454096805,
      "tn" : 1756454096805651884,
      "q" : "0.8",
      "p" : "0.72318",
      "s" : "buy",
      "i" : "SD_USD",
      "m" : "4611686018429597693"
    }, {
      "d" : "1756454096804430374",
      "t" : 1756454096804,
      "tn" : 1756454096804430374,
      "q" : "120.0",
      "p" : "0.72318",
      "s" : "buy",
      "i" : "SD_USD",
      "m" : "4611686018429597692"
    }, {
      "d" : "1756454096802693860",
      "t" : 1756454096802,
      "tn" : 1756454096802693860,
      "q" : "120.0",
      "p" : "0.72318",
      "s" : "buy",
      "i" : "SD_USD",
      "m" : "4611686018429597691"
    }, {
      "d" : "1756454096790402302",
      "t" : 1756454096790,
      "tn" : 1756454096790402302,
      "q" : "45.0",
      "p" : "0.72318",
      "s" : "buy",
      "i" : "SD_USD",
      "m" : "4611686018429597690"
    }, {
      "d" : "1756454096785487616",
      "t" : 1756454096785,
      "tn" : 1756454096785487616,
      "q" : "124.5",
      "p" : "0.72318",
      "s" : "buy",
      "i" : "SD_USD",
      "m" : "4611686018429597689"
    }, {
      "d" : "1756454096776816589",
      "t" : 1756454096776,
      "tn" : 1756454096776816589,
      "q" : "13.8",
      "p" : "0.72318",
      "s" : "sell",
      "i" : "SD_USD",
      "m" : "4611686018429597688"
    }, {
      "d" : "1756454096387544427",
      "t" : 1756454096387,
      "tn" : 1756454096387544427,
      "q" : "149.0",
      "p" : "0.72614",
      "s" : "sell",
      "i" : "SD_USD",
      "m" : "4611686018429597687"
    }, {
      "d" : "1756454096231615623",
      "t" : 1756454096231,
      "tn" : 1756454096231615623,
      "q" : "176.9",
      "p" : "0.72695",
      "s" : "buy",
      "i" : "SD_USD",
      "m" : "4611686018429597686"
    }, {
      "d" : "1756454096228902589",
      "t" : 1756454096228,
      "tn" : 1756454096228902589,
      "q" : "38.0",
      "p" : "0.72695",
      "s" : "buy",
      "i" : "SD_USD",
      "m" : "4611686018429597685"
    }, {
      "d" : "1756454096227553754",
      "t" : 1756454096227,
      "tn" : 1756454096227553754,
      "q" : "40.0",
      "p" : "0.72695",
      "s" : "buy",
      "i" : "SD_USD",
      "m" : "4611686018429597684"
    }, {
      "d" : "1756454096226697672",
      "t" : 1756454096226,
      "tn" : 1756454096226697672,
      "q" : "149.0",
      "p" : "0.72695",
      "s" : "buy",
      "i" : "SD_USD",
      "m" : "4611686018429597683"
    }, {
      "d" : "1756454096222886390",
      "t" : 1756454096222,
      "tn" : 1756454096222886390,
      "q" : "260.0",
      "p" : "0.72695",
      "s" : "buy",
      "i" : "SD_USD",
      "m" : "4611686018429597682"
    }, {
      "d" : "1756454096210025273",
      "t" : 1756454096210,
      "tn" : 1756454096210025272,
      "q" : "754.7",
      "p" : "0.72695",
      "s" : "sell",
      "i" : "SD_USD",
      "m" : "4611686018429597681"
    }, {
      "d" : "1756454096210025272",
      "t" : 1756454096210,
      "tn" : 1756454096210025272,
      "q" : "1005.4",
      "p" : "0.72695",
      "s" : "sell",
      "i" : "SD_USD",
      "m" : "4611686018429597681"
    }, {
      "d" : "1756452603339441462",
      "t" : 1756452603339,
      "tn" : 1756452603339441462,
      "q" : "18.0",
      "p" : "0.72645",
      "s" : "sell",
      "i" : "SD_USD",
      "m" : "4611686018429597680"
    }, {
      "d" : "1756451019463231707",
      "t" : 1756451019463,
      "tn" : 1756451019463231707,
      "q" : "5.4",
      "p" : "0.73253",
      "s" : "buy",
      "i" : "SD_USD",
      "m" : "4611686018429597679"
    }, {
      "d" : "1756451019457394153",
      "t" : 1756451019457,
      "tn" : 1756451019457394153,
      "q" : "81.9",
      "p" : "0.73253",
      "s" : "buy",
      "i" : "SD_USD",
      "m" : "4611686018429597678"
    }, {
      "d" : "1756451019448249656",
      "t" : 1756451019448,
      "tn" : 1756451019448249656,
      "q" : "23.8",
      "p" : "0.73253",
      "s" : "sell",
      "i" : "SD_USD",
      "m" : "4611686018429597677"
    }, {
      "d" : "1756450003777548186",
      "t" : 1756450003777,
      "tn" : 1756450003777548186,
      "q" : "6.8",
      "p" : "0.74321",
      "s" : "buy",
      "i" : "SD_USD",
      "m" : "4611686018429597676"
    }, {
      "d" : "1756448255268661836",
      "t" : 1756448255268,
      "tn" : 1756448255268661836,
      "q" : "33.7",
      "p" : "0.74231",
      "s" : "sell",
      "i" : "SD_USD",
      "m" : "4611686018429597675"
    }, {
      "d" : "1756447789621213930",
      "t" : 1756447789621,
      "tn" : 1756447789621213930,
      "q" : "23.0",
      "p" : "0.74231",
      "s" : "sell",
      "i" : "SD_USD",
      "m" : "4611686018429597674"
    }, {
      "d" : "1756446761671295424",
      "t" : 1756446761671,
      "tn" : 1756446761671295424,
      "q" : "16.5",
      "p" : "0.74292",
      "s" : "sell",
      "i" : "SD_USD",
      "m" : "4611686018429597673"
    }, {
      "d" : "1756446434420858117",
      "t" : 1756446434420,
      "tn" : 1756446434420858117,
      "q" : "37.9",
      "p" : "0.74461",
      "s" : "sell",
      "i" : "SD_USD",
      "m" : "4611686018429597672"
    }, {
      "d" : "1756443834405720970",
      "t" : 1756443834405,
      "tn" : 1756443834405720969,
      "q" : "27.4",
      "p" : "0.74231",
      "s" : "sell",
      "i" : "SD_USD",
      "m" : "4611686018429597671"
    }, {
      "d" : "1756443834405720969",
      "t" : 1756443834405,
      "tn" : 1756443834405720969,
      "q" : "36.3",
      "p" : "0.74231",
      "s" : "sell",
      "i" : "SD_USD",
      "m" : "4611686018429597671"
    }, {
      "d" : "1756442536460491265",
      "t" : 1756442536460,
      "tn" : 1756442536460491265,
      "q" : "63.7",
      "p" : "0.74232",
      "s" : "sell",
      "i" : "SD_USD",
      "m" : "4611686018429597670"
    }, {
      "d" : "1756441792718494192",
      "t" : 1756441792718,
      "tn" : 1756441792718494192,
      "q" : "25.0",
      "p" : "0.74231",
      "s" : "sell",
      "i" : "SD_USD",
      "m" : "4611686018429597669"
    }, {
      "d" : "1756441792718488536",
      "t" : 1756441792718,
      "tn" : 1756441792718488536,
      "q" : "21.0",
      "p" : "0.74231",
      "s" : "sell",
      "i" : "SD_USD",
      "m" : "4611686018429597668"
    }, {
      "d" : "1756441792718477466",
      "t" : 1756441792718,
      "tn" : 1756441792718477465,
      "q" : "1.8",
      "p" : "0.74231",
      "s" : "sell",
      "i" : "SD_USD",
      "m" : "4611686018429597667"
    }, {
      "d" : "1756441792718477465",
      "t" : 1756441792718,
      "tn" : 1756441792718477465,
      "q" : "20.2",
      "p" : "0.74231",
      "s" : "sell",
      "i" : "SD_USD",
      "m" : "4611686018429597667"
    }, {
      "d" : "1756441792688862769",
      "t" : 1756441792688,
      "tn" : 1756441792688862769,
      "q" : "20.0",
      "p" : "0.74231",
      "s" : "sell",
      "i" : "SD_USD",
      "m" : "4611686018429597666"
    }, {
      "d" : "1756441792688825318",
      "t" : 1756441792688,
      "tn" : 1756441792688825318,
      "q" : "21.0",
      "p" : "0.74231",
      "s" : "sell",
      "i" : "SD_USD",
      "m" : "4611686018429597665"
    }, {
      "d" : "1756441792686247366",
      "t" : 1756441792686,
      "tn" : 1756441792686247366,
      "q" : "22.0",
      "p" : "0.74231",
      "s" : "sell",
      "i" : "SD_USD",
      "m" : "4611686018429597664"
    }, {
      "d" : "1756441755284038983",
      "t" : 1756441755284,
      "tn" : 1756441755284038982,
      "q" : "0.9",
      "p" : "0.74231",
      "s" : "sell",
      "i" : "SD_USD",
      "m" : "4611686018429597663"
    }, {
      "d" : "1756441755284038982",
      "t" : 1756441755284,
      "tn" : 1756441755284038982,
      "q" : "84.1",
      "p" : "0.74231",
      "s" : "sell",
      "i" : "SD_USD",
      "m" : "4611686018429597663"
    }, {
      "d" : "1756437224878885967",
      "t" : 1756437224878,
      "tn" : 1756437224878885967,
      "q" : "16.5",
      "p" : "0.74231",
      "s" : "sell",
      "i" : "SD_USD",
      "m" : "4611686018429597662"
    }, {
      "d" : "1756437224869473494",
      "t" : 1756437224869,
      "tn" : 1756437224869473494,
      "q" : "69.0",
      "p" : "0.74231",
      "s" : "sell",
      "i" : "SD_USD",
      "m" : "4611686018429597661"
    }, {
      "d" : "1756437224868771511",
      "t" : 1756437224868,
      "tn" : 1756437224868771511,
      "q" : "69.0",
      "p" : "0.74231",
      "s" : "sell",
      "i" : "SD_USD",
      "m" : "4611686018429597660"
    }, {
      "d" : "1756434699351351602",
      "t" : 1756434699351,
      "tn" : 1756434699351351602,
      "q" : "909.8",
      "p" : "0.72615",
      "s" : "sell",
      "i" : "SD_USD",
      "m" : "4611686018429597659"
    }, {
      "d" : "1756434699351349044",
      "t" : 1756434699351,
      "tn" : 1756434699351349044,
      "q" : "32.8",
      "p" : "0.72617",
      "s" : "sell",
      "i" : "SD_USD",
      "m" : "4611686018429597658"
    }, {
      "d" : "1756432951510547217",
      "t" : 1756432951510,
      "tn" : 1756432951510547217,
      "q" : "32.8",
      "p" : "0.73297",
      "s" : "buy",
      "i" : "SD_USD",
      "m" : "4611686018429597657"
    }, {
      "d" : "1756431368947649358",
      "t" : 1756431368947,
      "tn" : 1756431368947649358,
      "q" : "27.2",
      "p" : "0.73469",
      "s" : "buy",
      "i" : "SD_USD",
      "m" : "4611686018429597656"
    }, {
      "d" : "1756431367549642134",
      "t" : 1756431367549,
      "tn" : 1756431367549642134,
      "q" : "24.0",
      "p" : "0.73469",
      "s" : "buy",
      "i" : "SD_USD",
      "m" : "4611686018429597655"
    }, {
      "d" : "1756431367491606892",
      "t" : 1756431367491,
      "tn" : 1756431367491606892,
      "q" : "18.3",
      "p" : "0.73469",
      "s" : "buy",
      "i" : "SD_USD",
      "m" : "4611686018429597654"
    }, {
      "d" : "1756431367431858486",
      "t" : 1756431367431,
      "tn" : 1756431367431858486,
      "q" : "8.7",
      "p" : "0.73469",
      "s" : "buy",
      "i" : "SD_USD",
      "m" : "4611686018429597653"
    }, {
      "d" : "1756431367414397255",
      "t" : 1756431367414,
      "tn" : 1756431367414397255,
      "q" : "26.0",
      "p" : "0.73469",
      "s" : "buy",
      "i" : "SD_USD",
      "m" : "4611686018429597652"
    }, {
      "d" : "1756431367355776167",
      "t" : 1756431367355,
      "tn" : 1756431367355776167,
      "q" : "50.4",
      "p" : "0.73469",
      "s" : "buy",
      "i" : "SD_USD",
      "m" : "4611686018429597651"
    }, {
      "d" : "1756431367227743610",
      "t" : 1756431367227,
      "tn" : 1756431367227743610,
      "q" : "50.4",
      "p" : "0.73468",
      "s" : "buy",
      "i" : "SD_USD",
      "m" : "4611686018429597650"
    }, {
      "d" : "1756427310023675466",
      "t" : 1756427310023,
      "tn" : 1756427310023675466,
      "q" : "296.2",
      "p" : "0.74000",
      "s" : "buy",
      "i" : "SD_USD",
      "m" : "4611686018429597649"
    }, {
      "d" : "1756427310021356993",
      "t" : 1756427310021,
      "tn" : 1756427310021356993,
      "q" : "1100.0",
      "p" : "0.74000",
      "s" : "buy",
      "i" : "SD_USD",
      "m" : "4611686018429597648"
    }, {
      "d" : "1756427310020891769",
      "t" : 1756427310020,
      "tn" : 1756427310020891769,
      "q" : "1141.0",
      "p" : "0.74000",
      "s" : "buy",
      "i" : "SD_USD",
      "m" : "4611686018429597647"
    }, {
      "d" : "1756427310008070440",
      "t" : 1756427310008,
      "tn" : 1756427310008070440,
      "q" : "121.6",
      "p" : "0.74000",
      "s" : "buy",
      "i" : "SD_USD",
      "m" : "4611686018429597646"
    }, {
      "d" : "1756427310001384352",
      "t" : 1756427310001,
      "tn" : 1756427310001384352,
      "q" : "838.5",
      "p" : "0.74018",
      "s" : "sell",
      "i" : "SD_USD",
      "m" : "4611686018429597645"
    }, {
      "d" : "1756427310001382143",
      "t" : 1756427310001,
      "tn" : 1756427310001382143,
      "q" : "158.0",
      "p" : "0.74019",
      "s" : "sell",
      "i" : "SD_USD",
      "m" : "4611686018429597644"
    }, {
      "d" : "1756427310001380213",
      "t" : 1756427310001,
      "tn" : 1756427310001380213,
      "q" : "1143.3",
      "p" : "0.74181",
      "s" : "sell",
      "i" : "SD_USD",
      "m" : "4611686018429597643"
    }, {
      "d" : "1756427310001377945",
      "t" : 1756427310001,
      "tn" : 1756427310001377945,
      "q" : "838.5",
      "p" : "0.74256",
      "s" : "sell",
      "i" : "SD_USD",
      "m" : "4611686018429597642"
    }, {
      "d" : "1756427310001375732",
      "t" : 1756427310001,
      "tn" : 1756427310001375732,
      "q" : "1286.1",
      "p" : "0.74375",
      "s" : "sell",
      "i" : "SD_USD",
      "m" : "4611686018429597641"
    }, {
      "d" : "1756427310001373001",
      "t" : 1756427310001,
      "tn" : 1756427310001373001,
      "q" : "1143.3",
      "p" : "0.74418",
      "s" : "sell",
      "i" : "SD_USD",
      "m" : "4611686018429597640"
    }, {
      "d" : "1756427310001370777",
      "t" : 1756427310001,
      "tn" : 1756427310001370777,
      "q" : "1005.4",
      "p" : "0.74590",
      "s" : "sell",
      "i" : "SD_USD",
      "m" : "4611686018429597639"
    }, {
      "d" : "1756427310001367724",
      "t" : 1756427310001,
      "tn" : 1756427310001367724,
      "q" : "85.0",
      "p" : "0.74592",
      "s" : "sell",
      "i" : "SD_USD",
      "m" : "4611686018429597638"
    }, {
      "d" : "1756427310001365134",
      "t" : 1756427310001,
      "tn" : 1756427310001365134,
      "q" : "13.3",
      "p" : "0.74877",
      "s" : "sell",
      "i" : "SD_USD",
      "m" : "4611686018429597637"
    }, {
      "d" : "1756414872908392847",
      "t" : 1756414872908,
      "tn" : 1756414872908392847,
      "q" : "25.5",
      "p" : "0.78293",
      "s" : "sell",
      "i" : "SD_USD",
      "m" : "4611686018429597636"
    }, {
      "d" : "1756414872818905950",
      "t" : 1756414872818,
      "tn" : 1756414872818905950,
      "q" : "30.0",
      "p" : "0.78293",
      "s" : "sell",
      "i" : "SD_USD",
      "m" : "4611686018429597635"
    }, {
      "d" : "1756414872817963663",
      "t" : 1756414872817,
      "tn" : 1756414872817963663,
      "q" : "93.0",
      "p" : "0.78293",
      "s" : "sell",
      "i" : "SD_USD",
      "m" : "4611686018429597634"
    }, {
      "d" : "1756414872817059189",
      "t" : 1756414872817,
      "tn" : 1756414872817059189,
      "q" : "79.0",
      "p" : "0.78293",
      "s" : "sell",
      "i" : "SD_USD",
      "m" : "4611686018429597633"
    }, {
      "d" : "1756414872798949133",
      "t" : 1756414872798,
      "tn" : 1756414872798949133,
      "q" : "48.7",
      "p" : "0.78293",
      "s" : "buy",
      "i" : "SD_USD",
      "m" : "4611686018429597632"
    }, {
      "d" : "1756414303587976029",
      "t" : 1756414303587,
      "tn" : 1756414303587976029,
      "q" : "18.6",
      "p" : "0.76553",
      "s" : "sell",
      "i" : "SD_USD",
      "m" : "4611686018429597631"
    }, {
      "d" : "1756413732990258666",
      "t" : 1756413732990,
      "tn" : 1756413732990258666,
      "q" : "12.9",
      "p" : "0.77436",
      "s" : "sell",
      "i" : "SD_USD",
      "m" : "4611686018429597630"
    }, {
      "d" : "1756412375511290496",
      "t" : 1756412375511,
      "tn" : 1756412375511290496,
      "q" : "14.1",
      "p" : "0.79881",
      "s" : "buy",
      "i" : "SD_USD",
      "m" : "4611686018429597629"
    }, {
      "d" : "1756412025870738120",
      "t" : 1756412025870,
      "tn" : 1756412025870738120,
      "q" : "12.2",
      "p" : "0.78933",
      "s" : "sell",
      "i" : "SD_USD",
      "m" : "4611686018429597628"
    }, {
      "d" : "1756411125099935016",
      "t" : 1756411125099,
      "tn" : 1756411125099935016,
      "q" : "18.3",
      "p" : "0.78326",
      "s" : "sell",
      "i" : "SD_USD",
      "m" : "4611686018429597627"
    }, {
      "d" : "1756410752342096751",
      "t" : 1756410752342,
      "tn" : 1756410752342096751,
      "q" : "14.5",
      "p" : "0.80930",
      "s" : "buy",
      "i" : "SD_USD",
      "m" : "4611686018429597626"
    }, {
      "d" : "1756410752342095193",
      "t" : 1756410752342,
      "tn" : 1756410752342095193,
      "q" : "12.9",
      "p" : "0.79995",
      "s" : "buy",
      "i" : "SD_USD",
      "m" : "4611686018429597625"
    }, {
      "d" : "1756410752238357978",
      "t" : 1756410752238,
      "tn" : 1756410752238357978,
      "q" : "32.0",
      "p" : "0.79568",
      "s" : "buy",
      "i" : "SD_USD",
      "m" : "4611686018429597624"
    }, {
      "d" : "1756410752218876942",
      "t" : 1756410752218,
      "tn" : 1756410752218876942,
      "q" : "26.0",
      "p" : "0.79568",
      "s" : "buy",
      "i" : "SD_USD",
      "m" : "4611686018429597623"
    }, {
      "d" : "1756405544596312992",
      "t" : 1756405544596,
      "tn" : 1756405544596312992,
      "q" : "7.9",
      "p" : "0.76921",
      "s" : "sell",
      "i" : "SD_USD",
      "m" : "4611686018429597622"
    }, {
      "d" : "1756403449736824742",
      "t" : 1756403449736,
      "tn" : 1756403449736824742,
      "q" : "92.3",
      "p" : "0.75676",
      "s" : "sell",
      "i" : "SD_USD",
      "m" : "4611686018429597621"
    }, {
      "d" : "1756402686312609491",
      "t" : 1756402686312,
      "tn" : 1756402686312609491,
      "q" : "125.8",
      "p" : "0.76131",
      "s" : "sell",
      "i" : "SD_USD",
      "m" : "4611686018429597620"
    }, {
      "d" : "1756401134173927985",
      "t" : 1756401134173,
      "tn" : 1756401134173927985,
      "q" : "8.1",
      "p" : "0.77436",
      "s" : "buy",
      "i" : "SD_USD",
      "m" : "4611686018429597619"
    }, {
      "d" : "1756401101576899415",
      "t" : 1756401101576,
      "tn" : 1756401101576899415,
      "q" : "5.2",
      "p" : "0.77436",
      "s" : "buy",
      "i" : "SD_USD",
      "m" : "4611686018429597618"
    }, {
      "d" : "1756400371246008394",
      "t" : 1756400371246,
      "tn" : 1756400371246008394,
      "q" : "5.2",
      "p" : "0.74877",
      "s" : "sell",
      "i" : "SD_USD",
      "m" : "4611686018429597617"
    }, {
      "d" : "1756399921764625133",
      "t" : 1756399921764,
      "tn" : 1756399921764625133,
      "q" : "9.0",
      "p" : "0.75414",
      "s" : "sell",
      "i" : "SD_USD",
      "m" : "4611686018429597616"
    }, {
      "d" : "1756399916569092279",
      "t" : 1756399916569,
      "tn" : 1756399916569092279,
      "q" : "39.8",
      "p" : "0.75416",
      "s" : "buy",
      "i" : "SD_USD",
      "m" : "4611686018429597615"
    }, {
      "d" : "1756399916530490335",
      "t" : 1756399916530,
      "tn" : 1756399916530490335,
      "q" : "26.0",
      "p" : "0.75416",
      "s" : "buy",
      "i" : "SD_USD",
      "m" : "4611686018429597614"
    }, {
      "d" : "1756399916448320641",
      "t" : 1756399916448,
      "tn" : 1756399916448320641,
      "q" : "74.8",
      "p" : "0.75416",
      "s" : "buy",
      "i" : "SD_USD",
      "m" : "4611686018429597613"
    }, {
      "d" : "1756399916424842916",
      "t" : 1756399916424,
      "tn" : 1756399916424842916,
      "q" : "99.0",
      "p" : "0.75416",
      "s" : "buy",
      "i" : "SD_USD",
      "m" : "4611686018429597612"
    }, {
      "d" : "1756399916424804806",
      "t" : 1756399916424,
      "tn" : 1756399916424804806,
      "q" : "20.0",
      "p" : "0.75416",
      "s" : "buy",
      "i" : "SD_USD",
      "m" : "4611686018429597611"
    }, {
      "d" : "1756399916423020421",
      "t" : 1756399916423,
      "tn" : 1756399916423020421,
      "q" : "20.0",
      "p" : "0.75416",
      "s" : "buy",
      "i" : "SD_USD",
      "m" : "4611686018429597610"
    }, {
      "d" : "1756399916406087528",
      "t" : 1756399916406,
      "tn" : 1756399916406087528,
      "q" : "21.3",
      "p" : "0.75416",
      "s" : "sell",
      "i" : "SD_USD",
      "m" : "4611686018429597609"
    }, {
      "d" : "1756399759854330855",
      "t" : 1756399759854,
      "tn" : 1756399759854330855,
      "q" : "10.2",
      "p" : "0.75327",
      "s" : "sell",
      "i" : "SD_USD",
      "m" : "4611686018429597608"
    }, {
      "d" : "1756398091583528452",
      "t" : 1756398091583,
      "tn" : 1756398091583528452,
      "q" : "8.1",
      "p" : "0.74877",
      "s" : "sell",
      "i" : "SD_USD",
      "m" : "4611686018429597607"
    }, {
      "d" : "1756395577415659091",
      "t" : 1756395577415,
      "tn" : 1756395577415659091,
      "q" : "13.3",
      "p" : "0.77436",
      "s" : "buy",
      "i" : "SD_USD",
      "m" : "4611686018429597606"
    }, {
      "d" : "1756395272832821858",
      "t" : 1756395272832,
      "tn" : 1756395272832821858,
      "q" : "8.1",
      "p" : "0.75857",
      "s" : "sell",
      "i" : "SD_USD",
      "m" : "4611686018429597605"
    }, {
      "d" : "1756393964037522150",
      "t" : 1756393964037,
      "tn" : 1756393964037522150,
      "q" : "6.0",
      "p" : "0.75450",
      "s" : "buy",
      "i" : "SD_USD",
      "m" : "4611686018429597604"
    }, {
      "d" : "1756393964031564884",
      "t" : 1756393964031,
      "tn" : 1756393964031564884,
      "q" : "26.5",
      "p" : "0.75450",
      "s" : "buy",
      "i" : "SD_USD",
      "m" : "4611686018429597603"
    }, {
      "d" : "1756392464475141700",
      "t" : 1756392464475,
      "tn" : 1756392464475141700,
      "q" : "52.5",
      "p" : "0.74867",
      "s" : "buy",
      "i" : "SD_USD",
      "m" : "4611686018429597602"
    }, {
      "d" : "1756392141679549646",
      "t" : 1756392141679,
      "tn" : 1756392141679549646,
      "q" : "40.6",
      "p" : "0.73945",
      "s" : "buy",
      "i" : "SD_USD",
      "m" : "4611686018429597601"
    }, {
      "d" : "1756392141617044867",
      "t" : 1756392141617,
      "tn" : 1756392141617044867,
      "q" : "121.7",
      "p" : "0.73945",
      "s" : "buy",
      "i" : "SD_USD",
      "m" : "4611686018429597600"
    }, {
      "d" : "1756392141612438197",
      "t" : 1756392141612,
      "tn" : 1756392141612438197,
      "q" : "13.3",
      "p" : "0.73945",
      "s" : "sell",
      "i" : "SD_USD",
      "m" : "4611686018429597599"
    }, {
      "d" : "1756392063898951721",
      "t" : 1756392063898,
      "tn" : 1756392063898951721,
      "q" : "13.3",
      "p" : "0.74877",
      "s" : "sell",
      "i" : "SD_USD",
      "m" : "4611686018429597598"
    }, {
      "d" : "1756392023220413779",
      "t" : 1756392023220,
      "tn" : 1756392023220413779,
      "q" : "61.2",
      "p" : "0.75309",
      "s" : "buy",
      "i" : "SD_USD",
      "m" : "4611686018429597597"
    }, {
      "d" : "1756391095990146979",
      "t" : 1756391095990,
      "tn" : 1756391095990146979,
      "q" : "20.0",
      "p" : "0.75439",
      "s" : "sell",
      "i" : "SD_USD",
      "m" : "4611686018429597596"
    }, {
      "d" : "1756391095382917244",
      "t" : 1756391095382,
      "tn" : 1756391095382917244,
      "q" : "20.0",
      "p" : "0.75439",
      "s" : "sell",
      "i" : "SD_USD",
      "m" : "4611686018429597595"
    }, {
      "d" : "1756391095364591526",
      "t" : 1756391095364,
      "tn" : 1756391095364591526,
      "q" : "53.0",
      "p" : "0.75439",
      "s" : "sell",
      "i" : "SD_USD",
      "m" : "4611686018429597594"
    }, {
      "d" : "1756391095359363478",
      "t" : 1756391095359,
      "tn" : 1756391095359363478,
      "q" : "42.1",
      "p" : "0.75439",
      "s" : "buy",
      "i" : "SD_USD",
      "m" : "4611686018429597593"
    }, {
      "d" : "1756388960657057054",
      "t" : 1756388960657,
      "tn" : 1756388960657057054,
      "q" : "12.9",
      "p" : "0.77219",
      "s" : "sell",
      "i" : "SD_USD",
      "m" : "4611686018429597592"
    }, {
      "d" : "1756388821191904408",
      "t" : 1756388821191,
      "tn" : 1756388821191904408,
      "q" : "38.5",
      "p" : "0.78425",
      "s" : "sell",
      "i" : "SD_USD",
      "m" : "4611686018429597591"
    }, {
      "d" : "1756387276082442473",
      "t" : 1756387276082,
      "tn" : 1756387276082442473,
      "q" : "115.0",
      "p" : "0.78982",
      "s" : "sell",
      "i" : "SD_USD",
      "m" : "4611686018429597590"
    }, {
      "d" : "1756385747358917576",
      "t" : 1756385747358,
      "tn" : 1756385747358917576,
      "q" : "9.4",
      "p" : "0.79072",
      "s" : "sell",
      "i" : "SD_USD",
      "m" : "4611686018429597589"
    }, {
      "d" : "1756385225220063287",
      "t" : 1756385225220,
      "tn" : 1756385225220063287,
      "q" : "9.3",
      "p" : "0.79241",
      "s" : "sell",
      "i" : "SD_USD",
      "m" : "4611686018429597588"
    }, {
      "d" : "1756382191286721186",
      "t" : 1756382191286,
      "tn" : 1756382191286721186,
      "q" : "12.2",
      "p" : "0.79172",
      "s" : "sell",
      "i" : "SD_USD",
      "m" : "4611686018429597587"
    }, {
      "d" : "1756382187985233044",
      "t" : 1756382187985,
      "tn" : 1756382187985233044,
      "q" : "88.3",
      "p" : "0.79282",
      "s" : "buy",
      "i" : "SD_USD",
      "m" : "4611686018429597586"
    }, {
      "d" : "1756382187980194518",
      "t" : 1756382187980,
      "tn" : 1756382187980194518,
      "q" : "65.7",
      "p" : "0.79282",
      "s" : "sell",
      "i" : "SD_USD",
      "m" : "4611686018429597585"
    }, {
      "d" : "1756382083419635075",
      "t" : 1756382083419,
      "tn" : 1756382083419635075,
      "q" : "18.2",
      "p" : "0.78934",
      "s" : "buy",
      "i" : "SD_USD",
      "m" : "4611686018429597584"
    }, {
      "d" : "1756382083379149571",
      "t" : 1756382083379,
      "tn" : 1756382083379149571,
      "q" : "14.8",
      "p" : "0.78934",
      "s" : "sell",
      "i" : "SD_USD",
      "m" : "4611686018429597583"
    }, {
      "d" : "1756381839419974185",
      "t" : 1756381839419,
      "tn" : 1756381839419974185,
      "q" : "12.5",
      "p" : "0.79995",
      "s" : "sell",
      "i" : "SD_USD",
      "m" : "4611686018429597582"
    }, {
      "d" : "1756381224151378888",
      "t" : 1756381224151,
      "tn" : 1756381224151378888,
      "q" : "83.9",
      "p" : "0.82972",
      "s" : "buy",
      "i" : "SD_USD",
      "m" : "4611686018429597581"
    }, {
      "d" : "1756381224151376880",
      "t" : 1756381224151,
      "tn" : 1756381224151376880,
      "q" : "12.5",
      "p" : "0.82554",
      "s" : "buy",
      "i" : "SD_USD",
      "m" : "4611686018429597580"
    }, {
      "d" : "1756381209101625155",
      "t" : 1756381209101,
      "tn" : 1756381209101625155,
      "q" : "73.0",
      "p" : "0.82547",
      "s" : "buy",
      "i" : "SD_USD",
      "m" : "4611686018429597579"
    }, {
      "d" : "1756380831080821578",
      "t" : 1756380831080,
      "tn" : 1756380831080821578,
      "q" : "10.3",
      "p" : "0.78485",
      "s" : "sell",
      "i" : "SD_USD",
      "m" : "4611686018429597578"
    }, {
      "d" : "1756378875558948981",
      "t" : 1756378875558,
      "tn" : 1756378875558948981,
      "q" : "1.4",
      "p" : "0.79995",
      "s" : "buy",
      "i" : "SD_USD",
      "m" : "4611686018429597577"
    }, {
      "d" : "1756378162297667627",
      "t" : 1756378162297,
      "tn" : 1756378162297667627,
      "q" : "74.8",
      "p" : "0.77219",
      "s" : "sell",
      "i" : "SD_USD",
      "m" : "4611686018429597576"
    }, {
      "d" : "1756378141615810401",
      "t" : 1756378141615,
      "tn" : 1756378141615810401,
      "q" : "31.2",
      "p" : "0.77558",
      "s" : "sell",
      "i" : "SD_USD",
      "m" : "4611686018429597575"
    }, {
      "d" : "1756376367319471453",
      "t" : 1756376367319,
      "tn" : 1756376367319471453,
      "q" : "11.5",
      "p" : "0.79995",
      "s" : "buy",
      "i" : "SD_USD",
      "m" : "4611686018429597574"
    }, {
      "d" : "1756376367319469276",
      "t" : 1756376367319,
      "tn" : 1756376367319469276,
      "q" : "19.8",
      "p" : "0.79630",
      "s" : "buy",
      "i" : "SD_USD",
      "m" : "4611686018429597573"
    }, {
      "d" : "1756376232825603878",
      "t" : 1756376232825,
      "tn" : 1756376232825603878,
      "q" : "1693.7",
      "p" : "0.76636",
      "s" : "sell",
      "i" : "SD_USD",
      "m" : "4611686018429597572"
    }, {
      "d" : "1756376232825601891",
      "t" : 1756376232825,
      "tn" : 1756376232825601891,
      "q" : "1143.3",
      "p" : "0.76788",
      "s" : "sell",
      "i" : "SD_USD",
      "m" : "4611686018429597571"
    }, {
      "d" : "1756376232825599396",
      "t" : 1756376232825,
      "tn" : 1756376232825599396,
      "q" : "838.5",
      "p" : "0.76874",
      "s" : "sell",
      "i" : "SD_USD",
      "m" : "4611686018429597570"
    }, {
      "d" : "1756376232825596802",
      "t" : 1756376232825,
      "tn" : 1756376232825596802,
      "q" : "1145.3",
      "p" : "0.77025",
      "s" : "sell",
      "i" : "SD_USD",
      "m" : "4611686018429597569"
    }, {
      "d" : "1756376232825594007",
      "t" : 1756376232825,
      "tn" : 1756376232825594007,
      "q" : "838.5",
      "p" : "0.77112",
      "s" : "sell",
      "i" : "SD_USD",
      "m" : "4611686018429597568"
    }, {
      "d" : "1756376232825591231",
      "t" : 1756376232825,
      "tn" : 1756376232825591231,
      "q" : "1166.7",
      "p" : "0.77262",
      "s" : "sell",
      "i" : "SD_USD",
      "m" : "4611686018429597567"
    }, {
      "d" : "1756376232825589231",
      "t" : 1756376232825,
      "tn" : 1756376232825589231,
      "q" : "1286.1",
      "p" : "0.77287",
      "s" : "sell",
      "i" : "SD_USD",
      "m" : "4611686018429597566"
    }, {
      "d" : "1756376232825586857",
      "t" : 1756376232825,
      "tn" : 1756376232825586857,
      "q" : "12.9",
      "p" : "0.77436",
      "s" : "sell",
      "i" : "SD_USD",
      "m" : "4611686018429597565"
    }, {
      "d" : "1756376232825583043",
      "t" : 1756376232825,
      "tn" : 1756376232825583043,
      "q" : "1005.4",
      "p" : "0.77468",
      "s" : "sell",
      "i" : "SD_USD",
      "m" : "4611686018429597564"
    }, {
      "d" : "1756376232825579858",
      "t" : 1756376232825,
      "tn" : 1756376232825579858,
      "q" : "19.9",
      "p" : "0.77469",
      "s" : "sell",
      "i" : "SD_USD",
      "m" : "4611686018429597563"
    }, {
      "d" : "1756376232825576692",
      "t" : 1756376232825,
      "tn" : 1756376232825576692,
      "q" : "19.8",
      "p" : "0.77553",
      "s" : "sell",
      "i" : "SD_USD",
      "m" : "4611686018429597562"
    }, {
      "d" : "1756376192286846407",
      "t" : 1756376192286,
      "tn" : 1756376192286846407,
      "q" : "0.8",
      "p" : "0.79630",
      "s" : "sell",
      "i" : "SD_USD",
      "m" : "4611686018429597561"
    } ]
  }
}