{
  "id" : -1,
  "method" : "public/get-trades",
  "code" : 0,
  "result" : {
    "data" : [ {
      "d" : "1756445412516782085",
      "t" : 1756445412516,
      "tn" : 1756445412516782085,
      "q" : "570",
      "p" : "0.04384",
      "s" : "sell",
      "i" : "SDN_USD",
      "m" : "4611686018428948572"
    }, {
      "d" : "1756443019836579164",
      "t" : 1756443019836,
      "tn" : 1756443019836579164,
      "q" : "453",
      "p" : "0.04419",
      "s" : "sell",
      "i" : "SDN_USD",
      "m" : "4611686018428948571"
    }, {
      "d" : "1756443019696563471",
      "t" : 1756443019696,
      "tn" : 1756443019696563471,
      "q" : "453",
      "p" : "0.04419",
      "s" : "sell",
      "i" : "SDN_USD",
      "m" : "4611686018428948570"
    }, {
      "d" : "1756443019536900606",
      "t" : 1756443019536,
      "tn" : 1756443019536900606,
      "q" : "1810",
      "p" : "0.04419",
      "s" : "sell",
      "i" : "SDN_USD",
      "m" : "4611686018428948569"
    }, {
      "d" : "1756443007316787146",
      "t" : 1756443007316,
      "tn" : 1756443007316787146,
      "q" : "566",
      "p" : "0.04417",
      "s" : "sell",
      "i" : "SDN_USD",
      "m" : "4611686018428948568"
    }, {
      "d" : "1756443007218616072",
      "t" : 1756443007218,
      "tn" : 1756443007218616072,
      "q" : "566",
      "p" : "0.04417",
      "s" : "sell",
      "i" : "SDN_USD",
      "m" : "4611686018428948567"
    }, {
      "d" : "1756443007116804870",
      "t" : 1756443007116,
      "tn" : 1756443007116804870,
      "q" : "566",
      "p" : "0.04417",
      "s" : "sell",
      "i" : "SDN_USD",
      "m" : "4611686018428948566"
    }, {
      "d" : "1756441954021425370",
      "t" : 1756441954021,
      "tn" : 1756441954021425370,
      "q" : "3152",
      "p" : "0.04410",
      "s" : "sell",
      "i" : "SDN_USD",
      "m" : "4611686018428948565"
    }, {
      "d" : "1756441953944250982",
      "t" : 1756441953944,
      "tn" : 1756441953944250982,
      "q" : "360",
      "p" : "0.04410",
      "s" : "sell",
      "i" : "SDN_USD",
      "m" : "4611686018428948564"
    }, {
      "d" : "1756437014458342952",
      "t" : 1756437014458,
      "tn" : 1756437014458342952,
      "q" : "18696",
      "p" : "0.04627",
      "s" : "sell",
      "i" : "SDN_USD",
      "m" : "4611686018428948563"
    }, {
      "d" : "1756437014356287648",
      "t" : 1756437014356,
      "tn" : 1756437014356287648,
      "q" : "430",
      "p" : "0.04627",
      "s" : "sell",
      "i" : "SDN_USD",
      "m" : "4611686018428948562"
    }, {
      "d" : "1756413144738200258",
      "t" : 1756413144738,
      "tn" : 1756413144738200258,
      "q" : "861",
      "p" : "0.04644",
      "s" : "sell",
      "i" : "SDN_USD",
      "m" : "4611686018428948561"
    }, {
      "d" : "1756409529216378931",
      "t" : 1756409529216,
      "tn" : 1756409529216378931,
      "q" : "1668",
      "p" : "0.04797",
      "s" : "sell",
      "i" : "SDN_USD",
      "m" : "4611686018428948560"
    }, {
      "d" : "1756409529189768394",
      "t" : 1756409529189,
      "tn" : 1756409529189768394,
      "q" : "4169",
      "p" : "0.04797",
      "s" : "sell",
      "i" : "SDN_USD",
      "m" : "4611686018428948559"
    }, {
      "d" : "1756409518113937435",
      "t" : 1756409518113,
      "tn" : 1756409518113937435,
      "q" : "10495",
      "p" : "0.04764",
      "s" : "sell",
      "i" : "SDN_USD",
      "m" : "4611686018428948558"
    }, {
      "d" : "1756409518080219811",
      "t" : 1756409518080,
      "tn" : 1756409518080219811,
      "q" : "10495",
      "p" : "0.04764",
      "s" : "sell",
      "i" : "SDN_USD",
      "m" : "4611686018428948557"
    }, {
      "d" : "1756409115916370655",
      "t" : 1756409115916,
      "tn" : 1756409115916370655,
      "q" : "465",
      "p" : "0.04776",
      "s" : "sell",
      "i" : "SDN_USD",
      "m" : "4611686018428948556"
    }, {
      "d" : "1756409115840732688",
      "t" : 1756409115840,
      "tn" : 1756409115840732688,
      "q" : "838",
      "p" : "0.04776",
      "s" : "sell",
      "i" : "SDN_USD",
      "m" : "4611686018428948555"
    }, {
      "d" : "1756407024966046858",
      "t" : 1756407024966,
      "tn" : 1756407024966046858,
      "q" : "438",
      "p" : "0.04563",
      "s" : "sell",
      "i" : "SDN_USD",
      "m" : "4611686018428948554"
    }, {
      "d" : "1756407017322092681",
      "t" : 1756407017322,
      "tn" : 1756407017322092681,
      "q" : "440",
      "p" : "0.04550",
      "s" : "sell",
      "i" : "SDN_USD",
      "m" : "4611686018428948553"
    }, {
      "d" : "1756407003545046980",
      "t" : 1756407003545,
      "tn" : 1756407003545046980,
      "q" : "440",
      "p" : "0.04601",
      "s" : "sell",
      "i" : "SDN_USD",
      "m" : "4611686018428948552"
    }, {
      "d" : "1756406880223867432",
      "t" : 1756406880223,
      "tn" : 1756406880223867432,
      "q" : "484",
      "p" : "0.04510",
      "s" : "sell",
      "i" : "SDN_USD",
      "m" : "4611686018428948551"
    }, {
      "d" : "1756406880177333674",
      "t" : 1756406880177,
      "tn" : 1756406880177333674,
      "q" : "1774",
      "p" : "0.04510",
      "s" : "sell",
      "i" : "SDN_USD",
      "m" : "4611686018428948550"
    }, {
      "d" : "1756406771327129392",
      "t" : 1756406771327,
      "tn" : 1756406771327129392,
      "q" : "480",
      "p" : "0.04607",
      "s" : "sell",
      "i" : "SDN_USD",
      "m" : "4611686018428948549"
    }, {
      "d" : "1756406770981417308",
      "t" : 1756406770981,
      "tn" : 1756406770981417308,
      "q" : "390",
      "p" : "0.04607",
      "s" : "sell",
      "i" : "SDN_USD",
      "m" : "4611686018428948548"
    }, {
      "d" : "1756406770768945427",
      "t" : 1756406770768,
      "tn" : 1756406770768945427,
      "q" : "400",
      "p" : "0.04607",
      "s" : "sell",
      "i" : "SDN_USD",
      "m" : "4611686018428948547"
    }, {
      "d" : "1756406770496928070",
      "t" : 1756406770496,
      "tn" : 1756406770496928070,
      "q" : "430",
      "p" : "0.04607",
      "s" : "sell",
      "i" : "SDN_USD",
      "m" : "4611686018428948546"
    }, {
      "d" : "1756406769626754318",
      "t" : 1756406769626,
      "tn" : 1756406769626754318,
      "q" : "450",
      "p" : "0.04607",
      "s" : "sell",
      "i" : "SDN_USD",
      "m" : "4611686018428948545"
    }, {
      "d" : "1756406769342030874",
      "t" : 1756406769342,
      "tn" : 1756406769342030874,
      "q" : "440",
      "p" : "0.04607",
      "s" : "sell",
      "i" : "SDN_USD",
      "m" : "4611686018428948544"
    }, {
      "d" : "1756403678669427140",
      "t" : 1756403678669,
      "tn" : 1756403678669427140,
      "q" : "380",
      "p" : "0.04581",
      "s" : "sell",
      "i" : "SDN_USD",
      "m" : "4611686018428948543"
    }, {
      "d" : "1756403678170240475",
      "t" : 1756403678170,
      "tn" : 1756403678170240475,
      "q" : "460",
      "p" : "0.04581",
      "s" : "sell",
      "i" : "SDN_USD",
      "m" : "4611686018428948542"
    }, {
      "d" : "1756403677836072147",
      "t" : 1756403677836,
      "tn" : 1756403677836072147,
      "q" : "410",
      "p" : "0.04581",
      "s" : "sell",
      "i" : "SDN_USD",
      "m" : "4611686018428948541"
    }, {
      "d" : "1756396554743241245",
      "t" : 1756396554743,
      "tn" : 1756396554743241245,
      "q" : "896",
      "p" : "0.04465",
      "s" : "sell",
      "i" : "SDN_USD",
      "m" : "4611686018428948540"
    }, {
      "d" : "1756393570031022064",
      "t" : 1756393570031,
      "tn" : 1756393570031022064,
      "q" : "380",
      "p" : "0.04354",
      "s" : "sell",
      "i" : "SDN_USD",
      "m" : "4611686018428948539"
    }, {
      "d" : "1756393569595211352",
      "t" : 1756393569595,
      "tn" : 1756393569595211352,
      "q" : "430",
      "p" : "0.04354",
      "s" : "sell",
      "i" : "SDN_USD",
      "m" : "4611686018428948538"
    }, {
      "d" : "1756391865632668177",
      "t" : 1756391865632,
      "tn" : 1756391865632668177,
      "q" : "420",
      "p" : "0.04433",
      "s" : "sell",
      "i" : "SDN_USD",
      "m" : "4611686018428948537"
    }, {
      "d" : "1756391865468328592",
      "t" : 1756391865468,
      "tn" : 1756391865468328592,
      "q" : "600",
      "p" : "0.04433",
      "s" : "sell",
      "i" : "SDN_USD",
      "m" : "4611686018428948536"
    }, {
      "d" : "1756385283961778661",
      "t" : 1756385283961,
      "tn" : 1756385283961778661,
      "q" : "491",
      "p" : "0.04377",
      "s" : "sell",
      "i" : "SDN_USD",
      "m" : "4611686018428948535"
    }, {
      "d" : "1756385283866513110",
      "t" : 1756385283866,
      "tn" : 1756385283866513110,
      "q" : "390",
      "p" : "0.04377",
      "s" : "sell",
      "i" : "SDN_USD",
      "m" : "4611686018428948534"
    } ]
  }
}