{
  "id" : -1,
  "method" : "public/get-trades",
  "code" : 0,
  "result" : {
    "data" : [ {
      "d" : "1756462393590343364",
      "t" : 1756462393590,
      "tn" : 1756462393590343364,
      "q" : "5",
      "p" : "0.29119",
      "s" : "sell",
      "i" : "SEI_USD",
      "m" : "4611686018429687359"
    }, {
      "d" : "1756462267157869416",
      "t" : 1756462267157,
      "tn" : 1756462267157869416,
      "q" : "5",
      "p" : "0.29089",
      "s" : "sell",
      "i" : "SEI_USD",
      "m" : "4611686018429687358"
    }, {
      "d" : "1756462267157867420",
      "t" : 1756462267157,
      "tn" : 1756462267157867420,
      "q" : "166",
      "p" : "0.29090",
      "s" : "sell",
      "i" : "SEI_USD",
      "m" : "4611686018429687357"
    }, {
      "d" : "1756462266915466327",
      "t" : 1756462266915,
      "tn" : 1756462266915466327,
      "q" : "5",
      "p" : "0.29090",
      "s" : "buy",
      "i" : "SEI_USD",
      "m" : "4611686018429687356"
    }, {
      "d" : "1756462117133796990",
      "t" : 1756462117133,
      "tn" : 1756462117133796990,
      "q" : "5",
      "p" : "0.29119",
      "s" : "sell",
      "i" : "SEI_USD",
      "m" : "4611686018429687355"
    }, {
      "d" : "1756462045818328452",
      "t" : 1756462045818,
      "tn" : 1756462045818328452,
      "q" : "5",
      "p" : "0.29109",
      "s" : "sell",
      "i" : "SEI_USD",
      "m" : "4611686018429687354"
    }, {
      "d" : "1756462009088693155",
      "t" : 1756462009088,
      "tn" : 1756462009088693155,
      "q" : "5",
      "p" : "0.29079",
      "s" : "sell",
      "i" : "SEI_USD",
      "m" : "4611686018429687353"
    }, {
      "d" : "1756461845644202672",
      "t" : 1756461845644,
      "tn" : 1756461845644202672,
      "q" : "5",
      "p" : "0.28999",
      "s" : "sell",
      "i" : "SEI_USD",
      "m" : "4611686018429687352"
    }, {
      "d" : "1756461818577171242",
      "t" : 1756461818577,
      "tn" : 1756461818577171242,
      "q" : "5",
      "p" : "0.29019",
      "s" : "sell",
      "i" : "SEI_USD",
      "m" : "4611686018429687351"
    }, {
      "d" : "1756461818426104917",
      "t" : 1756461818426,
      "tn" : 1756461818426104917,
      "q" : "5",
      "p" : "0.29019",
      "s" : "sell",
      "i" : "SEI_USD",
      "m" : "4611686018429687350"
    }, {
      "d" : "1756461805162257521",
      "t" : 1756461805162,
      "tn" : 1756461805162257521,
      "q" : "5",
      "p" : "0.29059",
      "s" : "sell",
      "i" : "SEI_USD",
      "m" : "4611686018429687349"
    }, {
      "d" : "1756461777104299688",
      "t" : 1756461777104,
      "tn" : 1756461777104299688,
      "q" : "5",
      "p" : "0.29040",
      "s" : "buy",
      "i" : "SEI_USD",
      "m" : "4611686018429687348"
    }, {
      "d" : "1756461769175509505",
      "t" : 1756461769175,
      "tn" : 1756461769175509505,
      "q" : "5",
      "p" : "0.29039",
      "s" : "sell",
      "i" : "SEI_USD",
      "m" : "4611686018429687347"
    }, {
      "d" : "1756461611104338093",
      "t" : 1756461611104,
      "tn" : 1756461611104338093,
      "q" : "5",
      "p" : "0.28979",
      "s" : "sell",
      "i" : "SEI_USD",
      "m" : "4611686018429687346"
    }, {
      "d" : "1756461604190923083",
      "t" : 1756461604190,
      "tn" : 1756461604190923083,
      "q" : "27",
      "p" : "0.28984",
      "s" : "buy",
      "i" : "SEI_USD",
      "m" : "4611686018429687345"
    }, {
      "d" : "1756461604190921135",
      "t" : 1756461604190,
      "tn" : 1756461604190921135,
      "q" : "5",
      "p" : "0.28970",
      "s" : "buy",
      "i" : "SEI_USD",
      "m" : "4611686018429687344"
    }, {
      "d" : "1756461601412747238",
      "t" : 1756461601412,
      "tn" : 1756461601412747238,
      "q" : "5",
      "p" : "0.28979",
      "s" : "sell",
      "i" : "SEI_USD",
      "m" : "4611686018429687343"
    }, {
      "d" : "1756461570977082926",
      "t" : 1756461570977,
      "tn" : 1756461570977082926,
      "q" : "5",
      "p" : "0.29000",
      "s" : "buy",
      "i" : "SEI_USD",
      "m" : "4611686018429687342"
    }, {
      "d" : "1756461394419461853",
      "t" : 1756461394419,
      "tn" : 1756461394419461853,
      "q" : "51",
      "p" : "0.28979",
      "s" : "sell",
      "i" : "SEI_USD",
      "m" : "4611686018429687341"
    }, {
      "d" : "1756461387114955722",
      "t" : 1756461387114,
      "tn" : 1756461387114955722,
      "q" : "5",
      "p" : "0.28970",
      "s" : "buy",
      "i" : "SEI_USD",
      "m" : "4611686018429687340"
    }, {
      "d" : "1756461192234355302",
      "t" : 1756461192234,
      "tn" : 1756461192234355302,
      "q" : "5",
      "p" : "0.28909",
      "s" : "sell",
      "i" : "SEI_USD",
      "m" : "4611686018429687339"
    }, {
      "d" : "1756461190151970736",
      "t" : 1756461190151,
      "tn" : 1756461190151970736,
      "q" : "5",
      "p" : "0.28919",
      "s" : "sell",
      "i" : "SEI_USD",
      "m" : "4611686018429687338"
    }, {
      "d" : "1756461160755716261",
      "t" : 1756461160755,
      "tn" : 1756461160755716261,
      "q" : "5",
      "p" : "0.28899",
      "s" : "sell",
      "i" : "SEI_USD",
      "m" : "4611686018429687337"
    }, {
      "d" : "1756461058653613917",
      "t" : 1756461058653,
      "tn" : 1756461058653613917,
      "q" : "5",
      "p" : "0.28929",
      "s" : "sell",
      "i" : "SEI_USD",
      "m" : "4611686018429687336"
    }, {
      "d" : "1756461038297477129",
      "t" : 1756461038297,
      "tn" : 1756461038297477129,
      "q" : "5",
      "p" : "0.28939",
      "s" : "sell",
      "i" : "SEI_USD",
      "m" : "4611686018429687335"
    }, {
      "d" : "1756461010360094728",
      "t" : 1756461010360,
      "tn" : 1756461010360094728,
      "q" : "5",
      "p" : "0.28959",
      "s" : "sell",
      "i" : "SEI_USD",
      "m" : "4611686018429687334"
    }, {
      "d" : "1756460999725778321",
      "t" : 1756460999725,
      "tn" : 1756460999725778321,
      "q" : "45",
      "p" : "0.28984",
      "s" : "buy",
      "i" : "SEI_USD",
      "m" : "4611686018429687333"
    }, {
      "d" : "1756460999725775721",
      "t" : 1756460999725,
      "tn" : 1756460999725775721,
      "q" : "5",
      "p" : "0.28980",
      "s" : "buy",
      "i" : "SEI_USD",
      "m" : "4611686018429687332"
    }, {
      "d" : "1756460988848668605",
      "t" : 1756460988848,
      "tn" : 1756460988848668605,
      "q" : "5",
      "p" : "0.28979",
      "s" : "sell",
      "i" : "SEI_USD",
      "m" : "4611686018429687331"
    }, {
      "d" : "1756460928998707557",
      "t" : 1756460928998,
      "tn" : 1756460928998707557,
      "q" : "5",
      "p" : "0.29009",
      "s" : "sell",
      "i" : "SEI_USD",
      "m" : "4611686018429687330"
    }, {
      "d" : "1756460876347279619",
      "t" : 1756460876347,
      "tn" : 1756460876347279619,
      "q" : "5",
      "p" : "0.28969",
      "s" : "sell",
      "i" : "SEI_USD",
      "m" : "4611686018429687329"
    }, {
      "d" : "1756460866378670725",
      "t" : 1756460866378,
      "tn" : 1756460866378670725,
      "q" : "5",
      "p" : "0.28969",
      "s" : "sell",
      "i" : "SEI_USD",
      "m" : "4611686018429687328"
    }, {
      "d" : "1756460866370986476",
      "t" : 1756460866370,
      "tn" : 1756460866370986476,
      "q" : "5",
      "p" : "0.28979",
      "s" : "sell",
      "i" : "SEI_USD",
      "m" : "4611686018429687327"
    }, {
      "d" : "1756460845235022874",
      "t" : 1756460845235,
      "tn" : 1756460845235022874,
      "q" : "5",
      "p" : "0.28969",
      "s" : "sell",
      "i" : "SEI_USD",
      "m" : "4611686018429687326"
    }, {
      "d" : "1756460828281022198",
      "t" : 1756460828281,
      "tn" : 1756460828281022198,
      "q" : "5",
      "p" : "0.28949",
      "s" : "sell",
      "i" : "SEI_USD",
      "m" : "4611686018429687325"
    }, {
      "d" : "1756460807659263714",
      "t" : 1756460807659,
      "tn" : 1756460807659263714,
      "q" : "5",
      "p" : "0.28929",
      "s" : "sell",
      "i" : "SEI_USD",
      "m" : "4611686018429687324"
    }, {
      "d" : "1756460805218427974",
      "t" : 1756460805218,
      "tn" : 1756460805218427974,
      "q" : "5",
      "p" : "0.28939",
      "s" : "sell",
      "i" : "SEI_USD",
      "m" : "4611686018429687323"
    }, {
      "d" : "1756460773006622797",
      "t" : 1756460773006,
      "tn" : 1756460773006622797,
      "q" : "5",
      "p" : "0.28929",
      "s" : "sell",
      "i" : "SEI_USD",
      "m" : "4611686018429687322"
    }, {
      "d" : "1756460705645351332",
      "t" : 1756460705645,
      "tn" : 1756460705645351332,
      "q" : "5",
      "p" : "0.28889",
      "s" : "sell",
      "i" : "SEI_USD",
      "m" : "4611686018429687321"
    }, {
      "d" : "1756460703444701976",
      "t" : 1756460703444,
      "tn" : 1756460703444701976,
      "q" : "5",
      "p" : "0.28899",
      "s" : "sell",
      "i" : "SEI_USD",
      "m" : "4611686018429687320"
    }, {
      "d" : "1756460669554459571",
      "t" : 1756460669554,
      "tn" : 1756460669554459571,
      "q" : "5",
      "p" : "0.28909",
      "s" : "sell",
      "i" : "SEI_USD",
      "m" : "4611686018429687319"
    }, {
      "d" : "1756460648446767885",
      "t" : 1756460648446,
      "tn" : 1756460648446767885,
      "q" : "5",
      "p" : "0.28899",
      "s" : "sell",
      "i" : "SEI_USD",
      "m" : "4611686018429687318"
    }, {
      "d" : "1756460624569783453",
      "t" : 1756460624569,
      "tn" : 1756460624569783453,
      "q" : "5",
      "p" : "0.28919",
      "s" : "sell",
      "i" : "SEI_USD",
      "m" : "4611686018429687317"
    }, {
      "d" : "1756460624328293130",
      "t" : 1756460624328,
      "tn" : 1756460624328293130,
      "q" : "5",
      "p" : "0.28929",
      "s" : "sell",
      "i" : "SEI_USD",
      "m" : "4611686018429687316"
    }, {
      "d" : "1756460541585943143",
      "t" : 1756460541585,
      "tn" : 1756460541585943143,
      "q" : "5",
      "p" : "0.28899",
      "s" : "sell",
      "i" : "SEI_USD",
      "m" : "4611686018429687315"
    }, {
      "d" : "1756460492094440085",
      "t" : 1756460492094,
      "tn" : 1756460492094440085,
      "q" : "5",
      "p" : "0.28909",
      "s" : "sell",
      "i" : "SEI_USD",
      "m" : "4611686018429687314"
    }, {
      "d" : "1756460194165643658",
      "t" : 1756460194165,
      "tn" : 1756460194165643658,
      "q" : "392",
      "p" : "0.28900",
      "s" : "buy",
      "i" : "SEI_USD",
      "m" : "4611686018429687313"
    }, {
      "d" : "1756460194165640870",
      "t" : 1756460194165,
      "tn" : 1756460194165640870,
      "q" : "5",
      "p" : "0.28890",
      "s" : "buy",
      "i" : "SEI_USD",
      "m" : "4611686018429687312"
    }, {
      "d" : "1756460040633234380",
      "t" : 1756460040633,
      "tn" : 1756460040633234380,
      "q" : "5",
      "p" : "0.28849",
      "s" : "sell",
      "i" : "SEI_USD",
      "m" : "4611686018429687311"
    }, {
      "d" : "1756459991095191587",
      "t" : 1756459991095,
      "tn" : 1756459991095191587,
      "q" : "5",
      "p" : "0.28889",
      "s" : "sell",
      "i" : "SEI_USD",
      "m" : "4611686018429687310"
    }, {
      "d" : "1756459860803844381",
      "t" : 1756459860803,
      "tn" : 1756459860803844381,
      "q" : "5",
      "p" : "0.28959",
      "s" : "sell",
      "i" : "SEI_USD",
      "m" : "4611686018429687309"
    }, {
      "d" : "1756459816337116832",
      "t" : 1756459816337,
      "tn" : 1756459816337116832,
      "q" : "5",
      "p" : "0.28909",
      "s" : "sell",
      "i" : "SEI_USD",
      "m" : "4611686018429687308"
    }, {
      "d" : "1756459804962654638",
      "t" : 1756459804962,
      "tn" : 1756459804962654638,
      "q" : "5",
      "p" : "0.28949",
      "s" : "sell",
      "i" : "SEI_USD",
      "m" : "4611686018429687307"
    }, {
      "d" : "1756459625865954458",
      "t" : 1756459625865,
      "tn" : 1756459625865954458,
      "q" : "5",
      "p" : "0.28869",
      "s" : "sell",
      "i" : "SEI_USD",
      "m" : "4611686018429687306"
    }, {
      "d" : "1756459625848792759",
      "t" : 1756459625848,
      "tn" : 1756459625848792759,
      "q" : "5",
      "p" : "0.28869",
      "s" : "sell",
      "i" : "SEI_USD",
      "m" : "4611686018429687305"
    }, {
      "d" : "1756459600354818276",
      "t" : 1756459600354,
      "tn" : 1756459600354818276,
      "q" : "5",
      "p" : "0.28909",
      "s" : "sell",
      "i" : "SEI_USD",
      "m" : "4611686018429687304"
    }, {
      "d" : "1756459564634920695",
      "t" : 1756459564634,
      "tn" : 1756459564634920695,
      "q" : "5",
      "p" : "0.28909",
      "s" : "sell",
      "i" : "SEI_USD",
      "m" : "4611686018429687303"
    }, {
      "d" : "1756459507364426323",
      "t" : 1756459507364,
      "tn" : 1756459507364426323,
      "q" : "5",
      "p" : "0.28819",
      "s" : "sell",
      "i" : "SEI_USD",
      "m" : "4611686018429687302"
    }, {
      "d" : "1756459475825471004",
      "t" : 1756459475825,
      "tn" : 1756459475825471004,
      "q" : "5",
      "p" : "0.28829",
      "s" : "sell",
      "i" : "SEI_USD",
      "m" : "4611686018429687301"
    }, {
      "d" : "1756459451954734419",
      "t" : 1756459451954,
      "tn" : 1756459451954734419,
      "q" : "5",
      "p" : "0.28849",
      "s" : "sell",
      "i" : "SEI_USD",
      "m" : "4611686018429687300"
    }, {
      "d" : "1756459448949525318",
      "t" : 1756459448949,
      "tn" : 1756459448949525318,
      "q" : "5",
      "p" : "0.28859",
      "s" : "sell",
      "i" : "SEI_USD",
      "m" : "4611686018429687299"
    }, {
      "d" : "1756459446791497965",
      "t" : 1756459446791,
      "tn" : 1756459446791497965,
      "q" : "5",
      "p" : "0.28859",
      "s" : "sell",
      "i" : "SEI_USD",
      "m" : "4611686018429687298"
    }, {
      "d" : "1756459439747654647",
      "t" : 1756459439747,
      "tn" : 1756459439747654647,
      "q" : "5",
      "p" : "0.28869",
      "s" : "sell",
      "i" : "SEI_USD",
      "m" : "4611686018429687297"
    }, {
      "d" : "1756459403206989251",
      "t" : 1756459403206,
      "tn" : 1756459403206989251,
      "q" : "5",
      "p" : "0.28869",
      "s" : "sell",
      "i" : "SEI_USD",
      "m" : "4611686018429687296"
    }, {
      "d" : "1756459403056534794",
      "t" : 1756459403056,
      "tn" : 1756459403056534794,
      "q" : "5",
      "p" : "0.28869",
      "s" : "sell",
      "i" : "SEI_USD",
      "m" : "4611686018429687295"
    }, {
      "d" : "1756459400469179371",
      "t" : 1756459400469,
      "tn" : 1756459400469179371,
      "q" : "5",
      "p" : "0.28889",
      "s" : "sell",
      "i" : "SEI_USD",
      "m" : "4611686018429687294"
    }, {
      "d" : "1756459395955696088",
      "t" : 1756459395955,
      "tn" : 1756459395955696088,
      "q" : "5",
      "p" : "0.28899",
      "s" : "sell",
      "i" : "SEI_USD",
      "m" : "4611686018429687293"
    }, {
      "d" : "1756459395374049198",
      "t" : 1756459395374,
      "tn" : 1756459395374049198,
      "q" : "5",
      "p" : "0.28909",
      "s" : "sell",
      "i" : "SEI_USD",
      "m" : "4611686018429687292"
    }, {
      "d" : "1756459382966838505",
      "t" : 1756459382966,
      "tn" : 1756459382966838505,
      "q" : "5",
      "p" : "0.28909",
      "s" : "sell",
      "i" : "SEI_USD",
      "m" : "4611686018429687291"
    }, {
      "d" : "1756459364802436627",
      "t" : 1756459364802,
      "tn" : 1756459364802436627,
      "q" : "5",
      "p" : "0.28919",
      "s" : "sell",
      "i" : "SEI_USD",
      "m" : "4611686018429687290"
    }, {
      "d" : "1756459363770198708",
      "t" : 1756459363770,
      "tn" : 1756459363770198708,
      "q" : "5",
      "p" : "0.28929",
      "s" : "sell",
      "i" : "SEI_USD",
      "m" : "4611686018429687289"
    }, {
      "d" : "1756459357452067429",
      "t" : 1756459357452,
      "tn" : 1756459357452067429,
      "q" : "5",
      "p" : "0.28929",
      "s" : "sell",
      "i" : "SEI_USD",
      "m" : "4611686018429687288"
    }, {
      "d" : "1756459332306175934",
      "t" : 1756459332306,
      "tn" : 1756459332306175934,
      "q" : "5",
      "p" : "0.28879",
      "s" : "sell",
      "i" : "SEI_USD",
      "m" : "4611686018429687287"
    }, {
      "d" : "1756459320090321608",
      "t" : 1756459320090,
      "tn" : 1756459320090321608,
      "q" : "5",
      "p" : "0.28899",
      "s" : "sell",
      "i" : "SEI_USD",
      "m" : "4611686018429687286"
    }, {
      "d" : "1756459320084717516",
      "t" : 1756459320084,
      "tn" : 1756459320084717516,
      "q" : "5",
      "p" : "0.28909",
      "s" : "sell",
      "i" : "SEI_USD",
      "m" : "4611686018429687285"
    }, {
      "d" : "1756459282199421254",
      "t" : 1756459282199,
      "tn" : 1756459282199421254,
      "q" : "5",
      "p" : "0.28869",
      "s" : "sell",
      "i" : "SEI_USD",
      "m" : "4611686018429687284"
    }, {
      "d" : "1756459259147071970",
      "t" : 1756459259147,
      "tn" : 1756459259147071970,
      "q" : "5",
      "p" : "0.28879",
      "s" : "sell",
      "i" : "SEI_USD",
      "m" : "4611686018429687283"
    }, {
      "d" : "1756459251587279127",
      "t" : 1756459251587,
      "tn" : 1756459251587279127,
      "q" : "5",
      "p" : "0.28889",
      "s" : "sell",
      "i" : "SEI_USD",
      "m" : "4611686018429687282"
    }, {
      "d" : "1756459251436305367",
      "t" : 1756459251436,
      "tn" : 1756459251436305367,
      "q" : "5",
      "p" : "0.28889",
      "s" : "sell",
      "i" : "SEI_USD",
      "m" : "4611686018429687281"
    }, {
      "d" : "1756459251411355465",
      "t" : 1756459251411,
      "tn" : 1756459251411355465,
      "q" : "5",
      "p" : "0.28889",
      "s" : "sell",
      "i" : "SEI_USD",
      "m" : "4611686018429687280"
    }, {
      "d" : "1756459247645908062",
      "t" : 1756459247645,
      "tn" : 1756459247645908062,
      "q" : "5",
      "p" : "0.28899",
      "s" : "sell",
      "i" : "SEI_USD",
      "m" : "4611686018429687279"
    }, {
      "d" : "1756459247495796292",
      "t" : 1756459247495,
      "tn" : 1756459247495796292,
      "q" : "5",
      "p" : "0.28909",
      "s" : "sell",
      "i" : "SEI_USD",
      "m" : "4611686018429687278"
    }, {
      "d" : "1756459198896494521",
      "t" : 1756459198896,
      "tn" : 1756459198896494521,
      "q" : "5",
      "p" : "0.28879",
      "s" : "sell",
      "i" : "SEI_USD",
      "m" : "4611686018429687277"
    }, {
      "d" : "1756459158253308668",
      "t" : 1756459158253,
      "tn" : 1756459158253308668,
      "q" : "221",
      "p" : "0.28804",
      "s" : "buy",
      "i" : "SEI_USD",
      "m" : "4611686018429687276"
    }, {
      "d" : "1756459158253305821",
      "t" : 1756459158253,
      "tn" : 1756459158253305821,
      "q" : "5",
      "p" : "0.28800",
      "s" : "buy",
      "i" : "SEI_USD",
      "m" : "4611686018429687275"
    }, {
      "d" : "1756459110598973533",
      "t" : 1756459110598,
      "tn" : 1756459110598973533,
      "q" : "5",
      "p" : "0.28799",
      "s" : "sell",
      "i" : "SEI_USD",
      "m" : "4611686018429687274"
    }, {
      "d" : "1756459050776782430",
      "t" : 1756459050776,
      "tn" : 1756459050776782430,
      "q" : "5",
      "p" : "0.28729",
      "s" : "sell",
      "i" : "SEI_USD",
      "m" : "4611686018429687273"
    }, {
      "d" : "1756459050772249393",
      "t" : 1756459050772,
      "tn" : 1756459050772249393,
      "q" : "5",
      "p" : "0.28739",
      "s" : "sell",
      "i" : "SEI_USD",
      "m" : "4611686018429687272"
    }, {
      "d" : "1756459042581079828",
      "t" : 1756459042581,
      "tn" : 1756459042581079828,
      "q" : "4",
      "p" : "0.28749",
      "s" : "sell",
      "i" : "SEI_USD",
      "m" : "4611686018429687271"
    }, {
      "d" : "1756459036754700554",
      "t" : 1756459036754,
      "tn" : 1756459036754700554,
      "q" : "5",
      "p" : "0.28769",
      "s" : "sell",
      "i" : "SEI_USD",
      "m" : "4611686018429687270"
    }, {
      "d" : "1756459020141948890",
      "t" : 1756459020141,
      "tn" : 1756459020141948890,
      "q" : "5",
      "p" : "0.28759",
      "s" : "sell",
      "i" : "SEI_USD",
      "m" : "4611686018429687269"
    }, {
      "d" : "1756458972922349423",
      "t" : 1756458972922,
      "tn" : 1756458972922349423,
      "q" : "5",
      "p" : "0.28719",
      "s" : "sell",
      "i" : "SEI_USD",
      "m" : "4611686018429687268"
    }, {
      "d" : "1756458443140853327",
      "t" : 1756458443140,
      "tn" : 1756458443140853327,
      "q" : "46",
      "p" : "0.28637",
      "s" : "buy",
      "i" : "SEI_USD",
      "m" : "4611686018429687267"
    }, {
      "d" : "1756458443131270566",
      "t" : 1756458443131,
      "tn" : 1756458443131270566,
      "q" : "284",
      "p" : "0.28638",
      "s" : "buy",
      "i" : "SEI_USD",
      "m" : "4611686018429687266"
    }, {
      "d" : "1756458443131268527",
      "t" : 1756458443131,
      "tn" : 1756458443131268527,
      "q" : "46",
      "p" : "0.28637",
      "s" : "buy",
      "i" : "SEI_USD",
      "m" : "4611686018429687265"
    }, {
      "d" : "1756458320645826561",
      "t" : 1756458320645,
      "tn" : 1756458320645826561,
      "q" : "405",
      "p" : "0.28670",
      "s" : "sell",
      "i" : "SEI_USD",
      "m" : "4611686018429687264"
    }, {
      "d" : "1756458320645824445",
      "t" : 1756458320645,
      "tn" : 1756458320645824445,
      "q" : "41",
      "p" : "0.28671",
      "s" : "sell",
      "i" : "SEI_USD",
      "m" : "4611686018429687263"
    }, {
      "d" : "1756458265217785043",
      "t" : 1756458265217,
      "tn" : 1756458265217785043,
      "q" : "853",
      "p" : "0.28642",
      "s" : "buy",
      "i" : "SEI_USD",
      "m" : "4611686018429687262"
    }, {
      "d" : "1756458265217782867",
      "t" : 1756458265217,
      "tn" : 1756458265217782867,
      "q" : "5",
      "p" : "0.28640",
      "s" : "buy",
      "i" : "SEI_USD",
      "m" : "4611686018429687261"
    }, {
      "d" : "1756458265217779689",
      "t" : 1756458265217,
      "tn" : 1756458265217779689,
      "q" : "872",
      "p" : "0.28638",
      "s" : "buy",
      "i" : "SEI_USD",
      "m" : "4611686018429687260"
    }, {
      "d" : "1756458231544515067",
      "t" : 1756458231544,
      "tn" : 1756458231544515067,
      "q" : "5",
      "p" : "0.28609",
      "s" : "sell",
      "i" : "SEI_USD",
      "m" : "4611686018429687259"
    }, {
      "d" : "1756458187613128883",
      "t" : 1756458187613,
      "tn" : 1756458187613128883,
      "q" : "310",
      "p" : "0.28594",
      "s" : "buy",
      "i" : "SEI_USD",
      "m" : "4611686018429687258"
    }, {
      "d" : "1756458187613126640",
      "t" : 1756458187613,
      "tn" : 1756458187613126640,
      "q" : "5",
      "p" : "0.28550",
      "s" : "buy",
      "i" : "SEI_USD",
      "m" : "4611686018429687257"
    }, {
      "d" : "1756458185687593898",
      "t" : 1756458185687,
      "tn" : 1756458185687593898,
      "q" : "329",
      "p" : "0.28506",
      "s" : "sell",
      "i" : "SEI_USD",
      "m" : "4611686018429687256"
    }, {
      "d" : "1756458185687592497",
      "t" : 1756458185687,
      "tn" : 1756458185687592497,
      "q" : "49",
      "p" : "0.28554",
      "s" : "sell",
      "i" : "SEI_USD",
      "m" : "4611686018429687255"
    }, {
      "d" : "1756458185154764376",
      "t" : 1756458185154,
      "tn" : 1756458185154764376,
      "q" : "1826",
      "p" : "0.28434",
      "s" : "sell",
      "i" : "SEI_USD",
      "m" : "4611686018429687254"
    }, {
      "d" : "1756458185154762995",
      "t" : 1756458185154,
      "tn" : 1756458185154762995,
      "q" : "703",
      "p" : "0.28435",
      "s" : "sell",
      "i" : "SEI_USD",
      "m" : "4611686018429687253"
    }, {
      "d" : "1756458185133997175",
      "t" : 1756458185133,
      "tn" : 1756458185133997175,
      "q" : "536",
      "p" : "0.28433",
      "s" : "sell",
      "i" : "SEI_USD",
      "m" : "4611686018429687252"
    }, {
      "d" : "1756458185133994358",
      "t" : 1756458185133,
      "tn" : 1756458185133994358,
      "q" : "875",
      "p" : "0.28509",
      "s" : "sell",
      "i" : "SEI_USD",
      "m" : "4611686018429687251"
    }, {
      "d" : "1756458185133992279",
      "t" : 1756458185133,
      "tn" : 1756458185133992279,
      "q" : "363",
      "p" : "0.28522",
      "s" : "sell",
      "i" : "SEI_USD",
      "m" : "4611686018429687250"
    }, {
      "d" : "1756458185133989864",
      "t" : 1756458185133,
      "tn" : 1756458185133989864,
      "q" : "723",
      "p" : "0.28523",
      "s" : "sell",
      "i" : "SEI_USD",
      "m" : "4611686018429687249"
    }, {
      "d" : "1756458184533356147",
      "t" : 1756458184533,
      "tn" : 1756458184533356147,
      "q" : "942",
      "p" : "0.28531",
      "s" : "sell",
      "i" : "SEI_USD",
      "m" : "4611686018429687248"
    }, {
      "d" : "1756458184521360722",
      "t" : 1756458184521,
      "tn" : 1756458184521360722,
      "q" : "170",
      "p" : "0.28531",
      "s" : "sell",
      "i" : "SEI_USD",
      "m" : "4611686018429687247"
    }, {
      "d" : "1756458184521159002",
      "t" : 1756458184521,
      "tn" : 1756458184521159002,
      "q" : "160",
      "p" : "0.28531",
      "s" : "sell",
      "i" : "SEI_USD",
      "m" : "4611686018429687246"
    }, {
      "d" : "1756458184521157109",
      "t" : 1756458184521,
      "tn" : 1756458184521157109,
      "q" : "530",
      "p" : "0.28532",
      "s" : "sell",
      "i" : "SEI_USD",
      "m" : "4611686018429687245"
    }, {
      "d" : "1756458184516680162",
      "t" : 1756458184516,
      "tn" : 1756458184516680162,
      "q" : "170",
      "p" : "0.28532",
      "s" : "sell",
      "i" : "SEI_USD",
      "m" : "4611686018429687244"
    }, {
      "d" : "1756458184507608117",
      "t" : 1756458184507,
      "tn" : 1756458184507608117,
      "q" : "1593",
      "p" : "0.28577",
      "s" : "sell",
      "i" : "SEI_USD",
      "m" : "4611686018429687243"
    }, {
      "d" : "1756458184505774673",
      "t" : 1756458184505,
      "tn" : 1756458184505774673,
      "q" : "873",
      "p" : "0.28660",
      "s" : "sell",
      "i" : "SEI_USD",
      "m" : "4611686018429687242"
    }, {
      "d" : "1756458180696112218",
      "t" : 1756458180696,
      "tn" : 1756458180696112218,
      "q" : "1242",
      "p" : "0.28745",
      "s" : "sell",
      "i" : "SEI_USD",
      "m" : "4611686018429687241"
    }, {
      "d" : "1756458177150150326",
      "t" : 1756458177150,
      "tn" : 1756458177150150325,
      "q" : "193",
      "p" : "0.28760",
      "s" : "sell",
      "i" : "SEI_USD",
      "m" : "4611686018429687240"
    }, {
      "d" : "1756458177150150325",
      "t" : 1756458177150,
      "tn" : 1756458177150150325,
      "q" : "175",
      "p" : "0.28760",
      "s" : "sell",
      "i" : "SEI_USD",
      "m" : "4611686018429687240"
    }, {
      "d" : "1756458017531245159",
      "t" : 1756458017531,
      "tn" : 1756458017531245159,
      "q" : "5",
      "p" : "0.28849",
      "s" : "sell",
      "i" : "SEI_USD",
      "m" : "4611686018429687239"
    }, {
      "d" : "1756457978114788381",
      "t" : 1756457978114,
      "tn" : 1756457978114788381,
      "q" : "5",
      "p" : "0.28879",
      "s" : "sell",
      "i" : "SEI_USD",
      "m" : "4611686018429687238"
    }, {
      "d" : "1756457977818626487",
      "t" : 1756457977818,
      "tn" : 1756457977818626487,
      "q" : "5",
      "p" : "0.28879",
      "s" : "sell",
      "i" : "SEI_USD",
      "m" : "4611686018429687237"
    }, {
      "d" : "1756457977567955291",
      "t" : 1756457977567,
      "tn" : 1756457977567955291,
      "q" : "5",
      "p" : "0.28879",
      "s" : "sell",
      "i" : "SEI_USD",
      "m" : "4611686018429687236"
    }, {
      "d" : "1756457977317196993",
      "t" : 1756457977317,
      "tn" : 1756457977317196993,
      "q" : "5",
      "p" : "0.28879",
      "s" : "sell",
      "i" : "SEI_USD",
      "m" : "4611686018429687235"
    }, {
      "d" : "1756457977016662854",
      "t" : 1756457977016,
      "tn" : 1756457977016662854,
      "q" : "5",
      "p" : "0.28879",
      "s" : "sell",
      "i" : "SEI_USD",
      "m" : "4611686018429687234"
    }, {
      "d" : "1756457976655762638",
      "t" : 1756457976655,
      "tn" : 1756457976655762638,
      "q" : "5",
      "p" : "0.28879",
      "s" : "sell",
      "i" : "SEI_USD",
      "m" : "4611686018429687233"
    }, {
      "d" : "1756457976404937857",
      "t" : 1756457976404,
      "tn" : 1756457976404937857,
      "q" : "5",
      "p" : "0.28878",
      "s" : "sell",
      "i" : "SEI_USD",
      "m" : "4611686018429687232"
    }, {
      "d" : "1756457976154139907",
      "t" : 1756457976154,
      "tn" : 1756457976154139907,
      "q" : "5",
      "p" : "0.28878",
      "s" : "sell",
      "i" : "SEI_USD",
      "m" : "4611686018429687231"
    }, {
      "d" : "1756457975692314489",
      "t" : 1756457975692,
      "tn" : 1756457975692314489,
      "q" : "5",
      "p" : "0.28878",
      "s" : "sell",
      "i" : "SEI_USD",
      "m" : "4611686018429687230"
    }, {
      "d" : "1756457975441530342",
      "t" : 1756457975441,
      "tn" : 1756457975441530342,
      "q" : "5",
      "p" : "0.28878",
      "s" : "sell",
      "i" : "SEI_USD",
      "m" : "4611686018429687229"
    }, {
      "d" : "1756457975190747681",
      "t" : 1756457975190,
      "tn" : 1756457975190747681,
      "q" : "5",
      "p" : "0.28878",
      "s" : "sell",
      "i" : "SEI_USD",
      "m" : "4611686018429687228"
    }, {
      "d" : "1756457974780381836",
      "t" : 1756457974780,
      "tn" : 1756457974780381836,
      "q" : "5",
      "p" : "0.28878",
      "s" : "sell",
      "i" : "SEI_USD",
      "m" : "4611686018429687227"
    }, {
      "d" : "1756457974529487808",
      "t" : 1756457974529,
      "tn" : 1756457974529487808,
      "q" : "5",
      "p" : "0.28879",
      "s" : "sell",
      "i" : "SEI_USD",
      "m" : "4611686018429687226"
    }, {
      "d" : "1756457973259898360",
      "t" : 1756457973259,
      "tn" : 1756457973259898360,
      "q" : "5",
      "p" : "0.28869",
      "s" : "sell",
      "i" : "SEI_USD",
      "m" : "4611686018429687225"
    }, {
      "d" : "1756457972933815177",
      "t" : 1756457972933,
      "tn" : 1756457972933815177,
      "q" : "5",
      "p" : "0.28869",
      "s" : "sell",
      "i" : "SEI_USD",
      "m" : "4611686018429687224"
    }, {
      "d" : "1756457972683078040",
      "t" : 1756457972683,
      "tn" : 1756457972683078040,
      "q" : "5",
      "p" : "0.28869",
      "s" : "sell",
      "i" : "SEI_USD",
      "m" : "4611686018429687223"
    }, {
      "d" : "1756457972432283483",
      "t" : 1756457972432,
      "tn" : 1756457972432283483,
      "q" : "5",
      "p" : "0.28869",
      "s" : "sell",
      "i" : "SEI_USD",
      "m" : "4611686018429687222"
    }, {
      "d" : "1756457972181562625",
      "t" : 1756457972181,
      "tn" : 1756457972181562625,
      "q" : "5",
      "p" : "0.28869",
      "s" : "sell",
      "i" : "SEI_USD",
      "m" : "4611686018429687221"
    }, {
      "d" : "1756457971890889768",
      "t" : 1756457971890,
      "tn" : 1756457971890889768,
      "q" : "5",
      "p" : "0.28869",
      "s" : "sell",
      "i" : "SEI_USD",
      "m" : "4611686018429687220"
    }, {
      "d" : "1756457971640103438",
      "t" : 1756457971640,
      "tn" : 1756457971640103438,
      "q" : "5",
      "p" : "0.28869",
      "s" : "sell",
      "i" : "SEI_USD",
      "m" : "4611686018429687219"
    }, {
      "d" : "1756457971389265259",
      "t" : 1756457971389,
      "tn" : 1756457971389265259,
      "q" : "5",
      "p" : "0.28869",
      "s" : "sell",
      "i" : "SEI_USD",
      "m" : "4611686018429687218"
    }, {
      "d" : "1756457971138509435",
      "t" : 1756457971138,
      "tn" : 1756457971138509435,
      "q" : "5",
      "p" : "0.28869",
      "s" : "sell",
      "i" : "SEI_USD",
      "m" : "4611686018429687217"
    }, {
      "d" : "1756457970887746483",
      "t" : 1756457970887,
      "tn" : 1756457970887746483,
      "q" : "5",
      "p" : "0.28869",
      "s" : "sell",
      "i" : "SEI_USD",
      "m" : "4611686018429687216"
    }, {
      "d" : "1756457970536498188",
      "t" : 1756457970536,
      "tn" : 1756457970536498188,
      "q" : "5",
      "p" : "0.28869",
      "s" : "sell",
      "i" : "SEI_USD",
      "m" : "4611686018429687215"
    }, {
      "d" : "1756457970285741207",
      "t" : 1756457970285,
      "tn" : 1756457970285741207,
      "q" : "5",
      "p" : "0.28869",
      "s" : "sell",
      "i" : "SEI_USD",
      "m" : "4611686018429687214"
    }, {
      "d" : "1756457970034994252",
      "t" : 1756457970034,
      "tn" : 1756457970034994252,
      "q" : "5",
      "p" : "0.28869",
      "s" : "sell",
      "i" : "SEI_USD",
      "m" : "4611686018429687213"
    }, {
      "d" : "1756457969784226962",
      "t" : 1756457969784,
      "tn" : 1756457969784226962,
      "q" : "5",
      "p" : "0.28869",
      "s" : "sell",
      "i" : "SEI_USD",
      "m" : "4611686018429687212"
    }, {
      "d" : "1756457969533425068",
      "t" : 1756457969533,
      "tn" : 1756457969533425068,
      "q" : "5",
      "p" : "0.28869",
      "s" : "sell",
      "i" : "SEI_USD",
      "m" : "4611686018429687211"
    } ]
  }
}