{
  "id" : -1,
  "method" : "public/get-trades",
  "code" : 0,
  "result" : {
    "data" : [ {
      "d" : "1756462393590410577",
      "t" : 1756462393590,
      "tn" : 1756462393590410577,
      "q" : "4.0",
      "p" : "0.29114",
      "s" : "sell",
      "i" : "SEI_USDT",
      "m" : "4611686018428991735"
    }, {
      "d" : "1756462267157873750",
      "t" : 1756462267157,
      "tn" : 1756462267157873750,
      "q" : "4.0",
      "p" : "0.29084",
      "s" : "sell",
      "i" : "SEI_USDT",
      "m" : "4611686018428991734"
    }, {
      "d" : "1756462117133889269",
      "t" : 1756462117133,
      "tn" : 1756462117133889269,
      "q" : "4.0",
      "p" : "0.29114",
      "s" : "sell",
      "i" : "SEI_USDT",
      "m" : "4611686018428991733"
    }, {
      "d" : "1756462045818323143",
      "t" : 1756462045818,
      "tn" : 1756462045818323143,
      "q" : "4.0",
      "p" : "0.29104",
      "s" : "sell",
      "i" : "SEI_USDT",
      "m" : "4611686018428991732"
    }, {
      "d" : "1756462009088649706",
      "t" : 1756462009088,
      "tn" : 1756462009088649706,
      "q" : "4.0",
      "p" : "0.29074",
      "s" : "sell",
      "i" : "SEI_USDT",
      "m" : "4611686018428991731"
    }, {
      "d" : "1756461845644210866",
      "t" : 1756461845644,
      "tn" : 1756461845644210866,
      "q" : "4.0",
      "p" : "0.28994",
      "s" : "sell",
      "i" : "SEI_USDT",
      "m" : "4611686018428991730"
    }, {
      "d" : "1756461818577140543",
      "t" : 1756461818577,
      "tn" : 1756461818577140543,
      "q" : "4.0",
      "p" : "0.29014",
      "s" : "sell",
      "i" : "SEI_USDT",
      "m" : "4611686018428991729"
    }, {
      "d" : "1756461818426101003",
      "t" : 1756461818426,
      "tn" : 1756461818426101003,
      "q" : "4.0",
      "p" : "0.29014",
      "s" : "sell",
      "i" : "SEI_USDT",
      "m" : "4611686018428991728"
    }, {
      "d" : "1756461805162206486",
      "t" : 1756461805162,
      "tn" : 1756461805162206486,
      "q" : "4.0",
      "p" : "0.29054",
      "s" : "sell",
      "i" : "SEI_USDT",
      "m" : "4611686018428991727"
    }, {
      "d" : "1756461777104333600",
      "t" : 1756461777104,
      "tn" : 1756461777104333600,
      "q" : "4.0",
      "p" : "0.29036",
      "s" : "buy",
      "i" : "SEI_USDT",
      "m" : "4611686018428991726"
    }, {
      "d" : "1756461769175608079",
      "t" : 1756461769175,
      "tn" : 1756461769175608079,
      "q" : "4.0",
      "p" : "0.29034",
      "s" : "sell",
      "i" : "SEI_USDT",
      "m" : "4611686018428991725"
    }, {
      "d" : "1756461611104291536",
      "t" : 1756461611104,
      "tn" : 1756461611104291536,
      "q" : "4.0",
      "p" : "0.28974",
      "s" : "sell",
      "i" : "SEI_USDT",
      "m" : "4611686018428991724"
    }, {
      "d" : "1756461601412644011",
      "t" : 1756461601412,
      "tn" : 1756461601412644011,
      "q" : "4.0",
      "p" : "0.28974",
      "s" : "sell",
      "i" : "SEI_USDT",
      "m" : "4611686018428991723"
    }, {
      "d" : "1756461192234289678",
      "t" : 1756461192234,
      "tn" : 1756461192234289678,
      "q" : "4.0",
      "p" : "0.28904",
      "s" : "sell",
      "i" : "SEI_USDT",
      "m" : "4611686018428991722"
    }, {
      "d" : "1756461190152070167",
      "t" : 1756461190152,
      "tn" : 1756461190152070167,
      "q" : "4.0",
      "p" : "0.28914",
      "s" : "sell",
      "i" : "SEI_USDT",
      "m" : "4611686018428991721"
    }, {
      "d" : "1756461160755756829",
      "t" : 1756461160755,
      "tn" : 1756461160755756829,
      "q" : "4.0",
      "p" : "0.28894",
      "s" : "sell",
      "i" : "SEI_USDT",
      "m" : "4611686018428991720"
    }, {
      "d" : "1756461058653712870",
      "t" : 1756461058653,
      "tn" : 1756461058653712870,
      "q" : "4.0",
      "p" : "0.28924",
      "s" : "sell",
      "i" : "SEI_USDT",
      "m" : "4611686018428991719"
    }, {
      "d" : "1756461038297449023",
      "t" : 1756461038297,
      "tn" : 1756461038297449023,
      "q" : "4.0",
      "p" : "0.28934",
      "s" : "sell",
      "i" : "SEI_USDT",
      "m" : "4611686018428991718"
    }, {
      "d" : "1756461010360131826",
      "t" : 1756461010360,
      "tn" : 1756461010360131826,
      "q" : "4.0",
      "p" : "0.28954",
      "s" : "sell",
      "i" : "SEI_USDT",
      "m" : "4611686018428991717"
    }, {
      "d" : "1756460988848568825",
      "t" : 1756460988848,
      "tn" : 1756460988848568825,
      "q" : "4.0",
      "p" : "0.28974",
      "s" : "sell",
      "i" : "SEI_USDT",
      "m" : "4611686018428991716"
    }, {
      "d" : "1756460928998794443",
      "t" : 1756460928998,
      "tn" : 1756460928998794443,
      "q" : "4.0",
      "p" : "0.29004",
      "s" : "sell",
      "i" : "SEI_USDT",
      "m" : "4611686018428991715"
    }, {
      "d" : "1756460918743491359",
      "t" : 1756460918743,
      "tn" : 1756460918743491359,
      "q" : "4.0",
      "p" : "0.28994",
      "s" : "sell",
      "i" : "SEI_USDT",
      "m" : "4611686018428991714"
    }, {
      "d" : "1756460876347347896",
      "t" : 1756460876347,
      "tn" : 1756460876347347896,
      "q" : "4.0",
      "p" : "0.28964",
      "s" : "sell",
      "i" : "SEI_USDT",
      "m" : "4611686018428991713"
    }, {
      "d" : "1756460866378785031",
      "t" : 1756460866378,
      "tn" : 1756460866378785031,
      "q" : "4.0",
      "p" : "0.28964",
      "s" : "sell",
      "i" : "SEI_USDT",
      "m" : "4611686018428991712"
    }, {
      "d" : "1756460866370133269",
      "t" : 1756460866370,
      "tn" : 1756460866370133269,
      "q" : "4.1",
      "p" : "0.28974",
      "s" : "sell",
      "i" : "SEI_USDT",
      "m" : "4611686018428991711"
    }, {
      "d" : "1756460845234940836",
      "t" : 1756460845234,
      "tn" : 1756460845234940836,
      "q" : "4.0",
      "p" : "0.28964",
      "s" : "sell",
      "i" : "SEI_USDT",
      "m" : "4611686018428991710"
    }, {
      "d" : "1756460828280927013",
      "t" : 1756460828280,
      "tn" : 1756460828280927013,
      "q" : "4.0",
      "p" : "0.28944",
      "s" : "sell",
      "i" : "SEI_USDT",
      "m" : "4611686018428991709"
    }, {
      "d" : "1756460807659193423",
      "t" : 1756460807659,
      "tn" : 1756460807659193423,
      "q" : "4.0",
      "p" : "0.28924",
      "s" : "sell",
      "i" : "SEI_USDT",
      "m" : "4611686018428991708"
    }, {
      "d" : "1756460805218420353",
      "t" : 1756460805218,
      "tn" : 1756460805218420353,
      "q" : "4.0",
      "p" : "0.28934",
      "s" : "sell",
      "i" : "SEI_USDT",
      "m" : "4611686018428991707"
    }, {
      "d" : "1756460777866191972",
      "t" : 1756460777866,
      "tn" : 1756460777866191972,
      "q" : "860.3",
      "p" : "0.28925",
      "s" : "buy",
      "i" : "SEI_USDT",
      "m" : "4611686018428991706"
    }, {
      "d" : "1756460773006589761",
      "t" : 1756460773006,
      "tn" : 1756460773006589761,
      "q" : "4.0",
      "p" : "0.28924",
      "s" : "sell",
      "i" : "SEI_USDT",
      "m" : "4611686018428991705"
    }, {
      "d" : "1756460705645451150",
      "t" : 1756460705645,
      "tn" : 1756460705645451150,
      "q" : "4.0",
      "p" : "0.28884",
      "s" : "sell",
      "i" : "SEI_USDT",
      "m" : "4611686018428991704"
    }, {
      "d" : "1756460703444643445",
      "t" : 1756460703444,
      "tn" : 1756460703444643445,
      "q" : "4.0",
      "p" : "0.28894",
      "s" : "sell",
      "i" : "SEI_USDT",
      "m" : "4611686018428991703"
    }, {
      "d" : "1756460669554484995",
      "t" : 1756460669554,
      "tn" : 1756460669554484995,
      "q" : "4.0",
      "p" : "0.28904",
      "s" : "sell",
      "i" : "SEI_USDT",
      "m" : "4611686018428991702"
    }, {
      "d" : "1756460648446871634",
      "t" : 1756460648446,
      "tn" : 1756460648446871634,
      "q" : "4.0",
      "p" : "0.28894",
      "s" : "sell",
      "i" : "SEI_USDT",
      "m" : "4611686018428991701"
    }, {
      "d" : "1756460625527662508",
      "t" : 1756460625527,
      "tn" : 1756460625527662508,
      "q" : "4.0",
      "p" : "0.28914",
      "s" : "sell",
      "i" : "SEI_USDT",
      "m" : "4611686018428991700"
    }, {
      "d" : "1756460624569878267",
      "t" : 1756460624569,
      "tn" : 1756460624569878267,
      "q" : "4.0",
      "p" : "0.28914",
      "s" : "sell",
      "i" : "SEI_USDT",
      "m" : "4611686018428991699"
    }, {
      "d" : "1756460624336611499",
      "t" : 1756460624336,
      "tn" : 1756460624336611499,
      "q" : "4.0",
      "p" : "0.28914",
      "s" : "sell",
      "i" : "SEI_USDT",
      "m" : "4611686018428991698"
    }, {
      "d" : "1756460624328219523",
      "t" : 1756460624328,
      "tn" : 1756460624328219523,
      "q" : "4.0",
      "p" : "0.28924",
      "s" : "sell",
      "i" : "SEI_USDT",
      "m" : "4611686018428991697"
    }, {
      "d" : "1756460541585867907",
      "t" : 1756460541585,
      "tn" : 1756460541585867907,
      "q" : "4.0",
      "p" : "0.28894",
      "s" : "sell",
      "i" : "SEI_USDT",
      "m" : "4611686018428991696"
    }, {
      "d" : "1756460492094351574",
      "t" : 1756460492094,
      "tn" : 1756460492094351574,
      "q" : "4.0",
      "p" : "0.28904",
      "s" : "sell",
      "i" : "SEI_USDT",
      "m" : "4611686018428991695"
    }, {
      "d" : "1756460040633325827",
      "t" : 1756460040633,
      "tn" : 1756460040633325827,
      "q" : "4.0",
      "p" : "0.28844",
      "s" : "sell",
      "i" : "SEI_USDT",
      "m" : "4611686018428991694"
    }, {
      "d" : "1756459991095213340",
      "t" : 1756459991095,
      "tn" : 1756459991095213340,
      "q" : "4.0",
      "p" : "0.28884",
      "s" : "sell",
      "i" : "SEI_USDT",
      "m" : "4611686018428991693"
    }, {
      "d" : "1756459860803771754",
      "t" : 1756459860803,
      "tn" : 1756459860803771754,
      "q" : "4.0",
      "p" : "0.28954",
      "s" : "sell",
      "i" : "SEI_USDT",
      "m" : "4611686018428991692"
    }, {
      "d" : "1756459816337133200",
      "t" : 1756459816337,
      "tn" : 1756459816337133200,
      "q" : "4.0",
      "p" : "0.28904",
      "s" : "sell",
      "i" : "SEI_USDT",
      "m" : "4611686018428991691"
    }, {
      "d" : "1756459804962577497",
      "t" : 1756459804962,
      "tn" : 1756459804962577497,
      "q" : "4.0",
      "p" : "0.28944",
      "s" : "sell",
      "i" : "SEI_USDT",
      "m" : "4611686018428991690"
    }, {
      "d" : "1756459625865925429",
      "t" : 1756459625865,
      "tn" : 1756459625865925429,
      "q" : "4.0",
      "p" : "0.28864",
      "s" : "sell",
      "i" : "SEI_USDT",
      "m" : "4611686018428991689"
    }, {
      "d" : "1756459625848882009",
      "t" : 1756459625848,
      "tn" : 1756459625848882009,
      "q" : "4.1",
      "p" : "0.28864",
      "s" : "sell",
      "i" : "SEI_USDT",
      "m" : "4611686018428991688"
    }, {
      "d" : "1756459618888905235",
      "t" : 1756459618888,
      "tn" : 1756459618888905235,
      "q" : "4.1",
      "p" : "0.28884",
      "s" : "sell",
      "i" : "SEI_USDT",
      "m" : "4611686018428991687"
    }, {
      "d" : "1756459602436023639",
      "t" : 1756459602436,
      "tn" : 1756459602436023639,
      "q" : "4.1",
      "p" : "0.28904",
      "s" : "sell",
      "i" : "SEI_USDT",
      "m" : "4611686018428991686"
    }, {
      "d" : "1756459600354896794",
      "t" : 1756459600354,
      "tn" : 1756459600354896794,
      "q" : "4.0",
      "p" : "0.28904",
      "s" : "sell",
      "i" : "SEI_USDT",
      "m" : "4611686018428991685"
    }, {
      "d" : "1756459564634901826",
      "t" : 1756459564634,
      "tn" : 1756459564634901826,
      "q" : "4.0",
      "p" : "0.28904",
      "s" : "sell",
      "i" : "SEI_USDT",
      "m" : "4611686018428991684"
    }, {
      "d" : "1756459562216050952",
      "t" : 1756459562216,
      "tn" : 1756459562216050952,
      "q" : "4.1",
      "p" : "0.28914",
      "s" : "sell",
      "i" : "SEI_USDT",
      "m" : "4611686018428991683"
    }, {
      "d" : "1756459507364320289",
      "t" : 1756459507364,
      "tn" : 1756459507364320289,
      "q" : "4.0",
      "p" : "0.28814",
      "s" : "sell",
      "i" : "SEI_USDT",
      "m" : "4611686018428991682"
    }, {
      "d" : "1756459506683210076",
      "t" : 1756459506683,
      "tn" : 1756459506683210076,
      "q" : "4.1",
      "p" : "0.28824",
      "s" : "sell",
      "i" : "SEI_USDT",
      "m" : "4611686018428991681"
    }, {
      "d" : "1756459505463073677",
      "t" : 1756459505463,
      "tn" : 1756459505463073677,
      "q" : "4.1",
      "p" : "0.28834",
      "s" : "sell",
      "i" : "SEI_USDT",
      "m" : "4611686018428991680"
    }, {
      "d" : "1756459489604914380",
      "t" : 1756459489604,
      "tn" : 1756459489604914380,
      "q" : "4.1",
      "p" : "0.28834",
      "s" : "sell",
      "i" : "SEI_USDT",
      "m" : "4611686018428991679"
    }, {
      "d" : "1756459475825714329",
      "t" : 1756459475825,
      "tn" : 1756459475825714329,
      "q" : "4.0",
      "p" : "0.28824",
      "s" : "sell",
      "i" : "SEI_USDT",
      "m" : "4611686018428991678"
    }, {
      "d" : "1756459475697929262",
      "t" : 1756459475697,
      "tn" : 1756459475697929262,
      "q" : "4.1",
      "p" : "0.28834",
      "s" : "sell",
      "i" : "SEI_USDT",
      "m" : "4611686018428991677"
    }, {
      "d" : "1756459458928202718",
      "t" : 1756459458928,
      "tn" : 1756459458928202718,
      "q" : "4.1",
      "p" : "0.28844",
      "s" : "sell",
      "i" : "SEI_USDT",
      "m" : "4611686018428991676"
    }, {
      "d" : "1756459451954819140",
      "t" : 1756459451954,
      "tn" : 1756459451954819140,
      "q" : "4.0",
      "p" : "0.28844",
      "s" : "sell",
      "i" : "SEI_USDT",
      "m" : "4611686018428991675"
    }, {
      "d" : "1756459448949489373",
      "t" : 1756459448949,
      "tn" : 1756459448949489373,
      "q" : "4.0",
      "p" : "0.28854",
      "s" : "sell",
      "i" : "SEI_USDT",
      "m" : "4611686018428991674"
    }, {
      "d" : "1756459446791465595",
      "t" : 1756459446791,
      "tn" : 1756459446791465595,
      "q" : "4.0",
      "p" : "0.28854",
      "s" : "sell",
      "i" : "SEI_USDT",
      "m" : "4611686018428991673"
    }, {
      "d" : "1756459439747704942",
      "t" : 1756459439747,
      "tn" : 1756459439747704942,
      "q" : "4.0",
      "p" : "0.28864",
      "s" : "sell",
      "i" : "SEI_USDT",
      "m" : "4611686018428991672"
    }, {
      "d" : "1756459421676106318",
      "t" : 1756459421676,
      "tn" : 1756459421676106318,
      "q" : "4.1",
      "p" : "0.28864",
      "s" : "sell",
      "i" : "SEI_USDT",
      "m" : "4611686018428991671"
    }, {
      "d" : "1756459417722780769",
      "t" : 1756459417722,
      "tn" : 1756459417722780769,
      "q" : "4.1",
      "p" : "0.28874",
      "s" : "sell",
      "i" : "SEI_USDT",
      "m" : "4611686018428991670"
    }, {
      "d" : "1756459403207097300",
      "t" : 1756459403207,
      "tn" : 1756459403207097300,
      "q" : "4.0",
      "p" : "0.28864",
      "s" : "sell",
      "i" : "SEI_USDT",
      "m" : "4611686018428991669"
    }, {
      "d" : "1756459403066960361",
      "t" : 1756459403066,
      "tn" : 1756459403066960361,
      "q" : "0.1",
      "p" : "0.28864",
      "s" : "sell",
      "i" : "SEI_USDT",
      "m" : "4611686018428991668"
    }, {
      "d" : "1756459403056538752",
      "t" : 1756459403056,
      "tn" : 1756459403056538752,
      "q" : "4.0",
      "p" : "0.28864",
      "s" : "sell",
      "i" : "SEI_USDT",
      "m" : "4611686018428991667"
    }, {
      "d" : "1756459402895458683",
      "t" : 1756459402895,
      "tn" : 1756459402895458683,
      "q" : "4.1",
      "p" : "0.28874",
      "s" : "sell",
      "i" : "SEI_USDT",
      "m" : "4611686018428991666"
    }, {
      "d" : "1756459400469183247",
      "t" : 1756459400469,
      "tn" : 1756459400469183247,
      "q" : "4.0",
      "p" : "0.28884",
      "s" : "sell",
      "i" : "SEI_USDT",
      "m" : "4611686018428991665"
    }, {
      "d" : "1756459398698049064",
      "t" : 1756459398698,
      "tn" : 1756459398698049064,
      "q" : "4.1",
      "p" : "0.28894",
      "s" : "sell",
      "i" : "SEI_USDT",
      "m" : "4611686018428991664"
    }, {
      "d" : "1756459395955637697",
      "t" : 1756459395955,
      "tn" : 1756459395955637697,
      "q" : "4.0",
      "p" : "0.28894",
      "s" : "sell",
      "i" : "SEI_USDT",
      "m" : "4611686018428991663"
    }, {
      "d" : "1756459395374042117",
      "t" : 1756459395374,
      "tn" : 1756459395374042117,
      "q" : "4.0",
      "p" : "0.28904",
      "s" : "sell",
      "i" : "SEI_USDT",
      "m" : "4611686018428991662"
    }, {
      "d" : "1756459382966729518",
      "t" : 1756459382966,
      "tn" : 1756459382966729518,
      "q" : "4.0",
      "p" : "0.28904",
      "s" : "sell",
      "i" : "SEI_USDT",
      "m" : "4611686018428991661"
    }, {
      "d" : "1756459380953147370",
      "t" : 1756459380953,
      "tn" : 1756459380953147370,
      "q" : "4.1",
      "p" : "0.28914",
      "s" : "sell",
      "i" : "SEI_USDT",
      "m" : "4611686018428991660"
    }, {
      "d" : "1756459364802430920",
      "t" : 1756459364802,
      "tn" : 1756459364802430920,
      "q" : "4.0",
      "p" : "0.28914",
      "s" : "sell",
      "i" : "SEI_USDT",
      "m" : "4611686018428991659"
    }, {
      "d" : "1756459363932401966",
      "t" : 1756459363932,
      "tn" : 1756459363932401966,
      "q" : "0.1",
      "p" : "0.28924",
      "s" : "sell",
      "i" : "SEI_USDT",
      "m" : "4611686018428991658"
    }, {
      "d" : "1756459363770145446",
      "t" : 1756459363770,
      "tn" : 1756459363770145446,
      "q" : "4.0",
      "p" : "0.28924",
      "s" : "sell",
      "i" : "SEI_USDT",
      "m" : "4611686018428991657"
    }, {
      "d" : "1756459360284029794",
      "t" : 1756459360284,
      "tn" : 1756459360284029794,
      "q" : "4.1",
      "p" : "0.28934",
      "s" : "sell",
      "i" : "SEI_USDT",
      "m" : "4611686018428991656"
    }, {
      "d" : "1756459341700185064",
      "t" : 1756459341700,
      "tn" : 1756459341700185064,
      "q" : "4.1",
      "p" : "0.28894",
      "s" : "sell",
      "i" : "SEI_USDT",
      "m" : "4611686018428991655"
    }, {
      "d" : "1756459332787132776",
      "t" : 1756459332787,
      "tn" : 1756459332787132776,
      "q" : "4.1",
      "p" : "0.28874",
      "s" : "sell",
      "i" : "SEI_USDT",
      "m" : "4611686018428991654"
    }, {
      "d" : "1756459332306229887",
      "t" : 1756459332306,
      "tn" : 1756459332306229887,
      "q" : "4.0",
      "p" : "0.28874",
      "s" : "sell",
      "i" : "SEI_USDT",
      "m" : "4611686018428991653"
    }, {
      "d" : "1756459323265027145",
      "t" : 1756459323265,
      "tn" : 1756459323265027145,
      "q" : "4.1",
      "p" : "0.28894",
      "s" : "sell",
      "i" : "SEI_USDT",
      "m" : "4611686018428991652"
    }, {
      "d" : "1756459320096881233",
      "t" : 1756459320096,
      "tn" : 1756459320096881233,
      "q" : "4.0",
      "p" : "0.28894",
      "s" : "sell",
      "i" : "SEI_USDT",
      "m" : "4611686018428991651"
    }, {
      "d" : "1756459320086078739",
      "t" : 1756459320086,
      "tn" : 1756459320086078739,
      "q" : "0.1",
      "p" : "0.28904",
      "s" : "sell",
      "i" : "SEI_USDT",
      "m" : "4611686018428991650"
    }, {
      "d" : "1756459320084610979",
      "t" : 1756459320084,
      "tn" : 1756459320084610979,
      "q" : "4.0",
      "p" : "0.28904",
      "s" : "sell",
      "i" : "SEI_USDT",
      "m" : "4611686018428991649"
    }, {
      "d" : "1756459282199477375",
      "t" : 1756459282199,
      "tn" : 1756459282199477375,
      "q" : "4.0",
      "p" : "0.28864",
      "s" : "sell",
      "i" : "SEI_USDT",
      "m" : "4611686018428991648"
    }, {
      "d" : "1756459277733252812",
      "t" : 1756459277733,
      "tn" : 1756459277733252812,
      "q" : "4.1",
      "p" : "0.28874",
      "s" : "sell",
      "i" : "SEI_USDT",
      "m" : "4611686018428991647"
    }, {
      "d" : "1756459267768017434",
      "t" : 1756459267768,
      "tn" : 1756459267768017434,
      "q" : "4.1",
      "p" : "0.28874",
      "s" : "sell",
      "i" : "SEI_USDT",
      "m" : "4611686018428991646"
    }, {
      "d" : "1756459259147150692",
      "t" : 1756459259147,
      "tn" : 1756459259147150692,
      "q" : "4.0",
      "p" : "0.28874",
      "s" : "sell",
      "i" : "SEI_USDT",
      "m" : "4611686018428991645"
    }, {
      "d" : "1756459252490640133",
      "t" : 1756459252490,
      "tn" : 1756459252490640133,
      "q" : "183.7",
      "p" : "0.28894",
      "s" : "buy",
      "i" : "SEI_USDT",
      "m" : "4611686018428991644"
    }, {
      "d" : "1756459251588914936",
      "t" : 1756459251588,
      "tn" : 1756459251588914936,
      "q" : "0.1",
      "p" : "0.28884",
      "s" : "sell",
      "i" : "SEI_USDT",
      "m" : "4611686018428991643"
    }, {
      "d" : "1756459251587188585",
      "t" : 1756459251587,
      "tn" : 1756459251587188585,
      "q" : "4.0",
      "p" : "0.28884",
      "s" : "sell",
      "i" : "SEI_USDT",
      "m" : "4611686018428991642"
    }, {
      "d" : "1756459251411445054",
      "t" : 1756459251411,
      "tn" : 1756459251411445054,
      "q" : "4.0",
      "p" : "0.28884",
      "s" : "sell",
      "i" : "SEI_USDT",
      "m" : "4611686018428991641"
    }, {
      "d" : "1756459251280447466",
      "t" : 1756459251280,
      "tn" : 1756459251280447466,
      "q" : "4.1",
      "p" : "0.28894",
      "s" : "sell",
      "i" : "SEI_USDT",
      "m" : "4611686018428991640"
    }, {
      "d" : "1756459247646021437",
      "t" : 1756459247646,
      "tn" : 1756459247646021437,
      "q" : "4.0",
      "p" : "0.28894",
      "s" : "sell",
      "i" : "SEI_USDT",
      "m" : "4611686018428991639"
    }, {
      "d" : "1756459247495734268",
      "t" : 1756459247495,
      "tn" : 1756459247495734268,
      "q" : "4.0",
      "p" : "0.28904",
      "s" : "sell",
      "i" : "SEI_USDT",
      "m" : "4611686018428991638"
    }, {
      "d" : "1756459247400544384",
      "t" : 1756459247400,
      "tn" : 1756459247400544384,
      "q" : "4.1",
      "p" : "0.28914",
      "s" : "sell",
      "i" : "SEI_USDT",
      "m" : "4611686018428991637"
    }, {
      "d" : "1756459240757128554",
      "t" : 1756459240757,
      "tn" : 1756459240757128554,
      "q" : "4.1",
      "p" : "0.28914",
      "s" : "sell",
      "i" : "SEI_USDT",
      "m" : "4611686018428991636"
    }, {
      "d" : "1756459221371154478",
      "t" : 1756459221371,
      "tn" : 1756459221371154478,
      "q" : "4.1",
      "p" : "0.28904",
      "s" : "sell",
      "i" : "SEI_USDT",
      "m" : "4611686018428991635"
    }, {
      "d" : "1756459200020922842",
      "t" : 1756459200020,
      "tn" : 1756459200020922842,
      "q" : "4.1",
      "p" : "0.28874",
      "s" : "sell",
      "i" : "SEI_USDT",
      "m" : "4611686018428991634"
    }, {
      "d" : "1756459198896436565",
      "t" : 1756459198896,
      "tn" : 1756459198896436565,
      "q" : "4.0",
      "p" : "0.28874",
      "s" : "sell",
      "i" : "SEI_USDT",
      "m" : "4611686018428991633"
    }, {
      "d" : "1756459139076932679",
      "t" : 1756459139076,
      "tn" : 1756459139076932679,
      "q" : "4.1",
      "p" : "0.28784",
      "s" : "sell",
      "i" : "SEI_USDT",
      "m" : "4611686018428991632"
    }, {
      "d" : "1756459117003168753",
      "t" : 1756459117003,
      "tn" : 1756459117003168753,
      "q" : "4.1",
      "p" : "0.28794",
      "s" : "sell",
      "i" : "SEI_USDT",
      "m" : "4611686018428991631"
    }, {
      "d" : "1756459110599117257",
      "t" : 1756459110599,
      "tn" : 1756459110599117257,
      "q" : "0.1",
      "p" : "0.28794",
      "s" : "sell",
      "i" : "SEI_USDT",
      "m" : "4611686018428991630"
    }, {
      "d" : "1756459110598881699",
      "t" : 1756459110598,
      "tn" : 1756459110598881699,
      "q" : "4.0",
      "p" : "0.28794",
      "s" : "sell",
      "i" : "SEI_USDT",
      "m" : "4611686018428991629"
    }, {
      "d" : "1756459102056202896",
      "t" : 1756459102056,
      "tn" : 1756459102056202896,
      "q" : "4.1",
      "p" : "0.28804",
      "s" : "sell",
      "i" : "SEI_USDT",
      "m" : "4611686018428991628"
    }, {
      "d" : "1756459076610468395",
      "t" : 1756459076610,
      "tn" : 1756459076610468395,
      "q" : "110.7",
      "p" : "0.28724",
      "s" : "buy",
      "i" : "SEI_USDT",
      "m" : "4611686018428991627"
    }, {
      "d" : "1756459061607983355",
      "t" : 1756459061607,
      "tn" : 1756459061607983355,
      "q" : "297.5",
      "p" : "0.28724",
      "s" : "buy",
      "i" : "SEI_USDT",
      "m" : "4611686018428991626"
    }, {
      "d" : "1756459061602510383",
      "t" : 1756459061602,
      "tn" : 1756459061602510383,
      "q" : "4.1",
      "p" : "0.28734",
      "s" : "sell",
      "i" : "SEI_USDT",
      "m" : "4611686018428991625"
    }, {
      "d" : "1756459051102646163",
      "t" : 1756459051102,
      "tn" : 1756459051102646163,
      "q" : "124.5",
      "p" : "0.28749",
      "s" : "buy",
      "i" : "SEI_USDT",
      "m" : "4611686018428991624"
    }, {
      "d" : "1756459050846693751",
      "t" : 1756459050846,
      "tn" : 1756459050846693751,
      "q" : "3.9",
      "p" : "0.28724",
      "s" : "sell",
      "i" : "SEI_USDT",
      "m" : "4611686018428991623"
    }, {
      "d" : "1756459050846691251",
      "t" : 1756459050846,
      "tn" : 1756459050846691251,
      "q" : "0.1",
      "p" : "0.28729",
      "s" : "sell",
      "i" : "SEI_USDT",
      "m" : "4611686018428991622"
    }, {
      "d" : "1756459050774201577",
      "t" : 1756459050774,
      "tn" : 1756459050774201577,
      "q" : "120.3",
      "p" : "0.28729",
      "s" : "sell",
      "i" : "SEI_USDT",
      "m" : "4611686018428991621"
    }, {
      "d" : "1756459050774200766",
      "t" : 1756459050774,
      "tn" : 1756459050774200766,
      "q" : "0.1",
      "p" : "0.28734",
      "s" : "sell",
      "i" : "SEI_USDT",
      "m" : "4611686018428991620"
    }, {
      "d" : "1756459050772187830",
      "t" : 1756459050772,
      "tn" : 1756459050772187830,
      "q" : "4.0",
      "p" : "0.28734",
      "s" : "sell",
      "i" : "SEI_USDT",
      "m" : "4611686018428991619"
    }, {
      "d" : "1756459050576218520",
      "t" : 1756459050576,
      "tn" : 1756459050576218520,
      "q" : "120.4",
      "p" : "0.28749",
      "s" : "buy",
      "i" : "SEI_USDT",
      "m" : "4611686018428991618"
    }, {
      "d" : "1756459050576216774",
      "t" : 1756459050576,
      "tn" : 1756459050576216774,
      "q" : "4.1",
      "p" : "0.28736",
      "s" : "buy",
      "i" : "SEI_USDT",
      "m" : "4611686018428991617"
    }, {
      "d" : "1756459036754818693",
      "t" : 1756459036754,
      "tn" : 1756459036754818693,
      "q" : "4.0",
      "p" : "0.28764",
      "s" : "sell",
      "i" : "SEI_USDT",
      "m" : "4611686018428991616"
    }, {
      "d" : "1756459020141997716",
      "t" : 1756459020141,
      "tn" : 1756459020141997716,
      "q" : "4.0",
      "p" : "0.28754",
      "s" : "sell",
      "i" : "SEI_USDT",
      "m" : "4611686018428991615"
    }, {
      "d" : "1756458974308584570",
      "t" : 1756458974308,
      "tn" : 1756458974308584570,
      "q" : "4.1",
      "p" : "0.28726",
      "s" : "buy",
      "i" : "SEI_USDT",
      "m" : "4611686018428991614"
    }, {
      "d" : "1756458973816170824",
      "t" : 1756458973816,
      "tn" : 1756458973816170824,
      "q" : "120.4",
      "p" : "0.28729",
      "s" : "buy",
      "i" : "SEI_USDT",
      "m" : "4611686018428991613"
    }, {
      "d" : "1756458973816168629",
      "t" : 1756458973816,
      "tn" : 1756458973816168629,
      "q" : "4.1",
      "p" : "0.28716",
      "s" : "buy",
      "i" : "SEI_USDT",
      "m" : "4611686018428991612"
    }, {
      "d" : "1756458972922385540",
      "t" : 1756458972922,
      "tn" : 1756458972922385540,
      "q" : "4.0",
      "p" : "0.28714",
      "s" : "sell",
      "i" : "SEI_USDT",
      "m" : "4611686018428991611"
    }, {
      "d" : "1756458972922384984",
      "t" : 1756458972922,
      "tn" : 1756458972922384984,
      "q" : "120.5",
      "p" : "0.28724",
      "s" : "sell",
      "i" : "SEI_USDT",
      "m" : "4611686018428991610"
    }, {
      "d" : "1756458972754941927",
      "t" : 1756458972754,
      "tn" : 1756458972754941927,
      "q" : "4.1",
      "p" : "0.28716",
      "s" : "buy",
      "i" : "SEI_USDT",
      "m" : "4611686018428991609"
    }, {
      "d" : "1756458591786693247",
      "t" : 1756458591786,
      "tn" : 1756458591786693247,
      "q" : "269.6",
      "p" : "0.28683",
      "s" : "sell",
      "i" : "SEI_USDT",
      "m" : "4611686018428991608"
    }, {
      "d" : "1756458283730237856",
      "t" : 1756458283730,
      "tn" : 1756458283730237856,
      "q" : "4.0",
      "p" : "0.28654",
      "s" : "sell",
      "i" : "SEI_USDT",
      "m" : "4611686018428991607"
    }, {
      "d" : "1756458187001314440",
      "t" : 1756458187001,
      "tn" : 1756458187001314440,
      "q" : "662.3",
      "p" : "0.28512",
      "s" : "sell",
      "i" : "SEI_USDT",
      "m" : "4611686018428991606"
    }, {
      "d" : "1756458187001312708",
      "t" : 1756458187001,
      "tn" : 1756458187001312708,
      "q" : "4.1",
      "p" : "0.28516",
      "s" : "sell",
      "i" : "SEI_USDT",
      "m" : "4611686018428991605"
    }, {
      "d" : "1756458187001309443",
      "t" : 1756458187001,
      "tn" : 1756458187001309443,
      "q" : "865.0",
      "p" : "0.28518",
      "s" : "sell",
      "i" : "SEI_USDT",
      "m" : "4611686018428991604"
    }, {
      "d" : "1756458186016440458",
      "t" : 1756458186016,
      "tn" : 1756458186016440458,
      "q" : "101.3",
      "p" : "0.28568",
      "s" : "buy",
      "i" : "SEI_USDT",
      "m" : "4611686018428991603"
    }, {
      "d" : "1756458186016438742",
      "t" : 1756458186016,
      "tn" : 1756458186016438742,
      "q" : "4.1",
      "p" : "0.28554",
      "s" : "buy",
      "i" : "SEI_USDT",
      "m" : "4611686018428991602"
    }, {
      "d" : "1756458185155518575",
      "t" : 1756458185155,
      "tn" : 1756458185155518575,
      "q" : "1826.1",
      "p" : "0.28500",
      "s" : "sell",
      "i" : "SEI_USDT",
      "m" : "4611686018428991601"
    }, {
      "d" : "1756458184628691667",
      "t" : 1756458184628,
      "tn" : 1756458184628691667,
      "q" : "810.4",
      "p" : "0.28517",
      "s" : "sell",
      "i" : "SEI_USDT",
      "m" : "4611686018428991600"
    }, {
      "d" : "1756458184581692591",
      "t" : 1756458184581,
      "tn" : 1756458184581692591,
      "q" : "774.7",
      "p" : "0.28518",
      "s" : "sell",
      "i" : "SEI_USDT",
      "m" : "4611686018428991599"
    }, {
      "d" : "1756458184581580113",
      "t" : 1756458184581,
      "tn" : 1756458184581580113,
      "q" : "103.2",
      "p" : "0.28518",
      "s" : "sell",
      "i" : "SEI_USDT",
      "m" : "4611686018428991598"
    }, {
      "d" : "1756458184507138105",
      "t" : 1756458184507,
      "tn" : 1756458184507138105,
      "q" : "2546.6",
      "p" : "0.28519",
      "s" : "sell",
      "i" : "SEI_USDT",
      "m" : "4611686018428991597"
    }, {
      "d" : "1756458184507136877",
      "t" : 1756458184507,
      "tn" : 1756458184507136877,
      "q" : "162.7",
      "p" : "0.28543",
      "s" : "sell",
      "i" : "SEI_USDT",
      "m" : "4611686018428991596"
    }, {
      "d" : "1756458184506371112",
      "t" : 1756458184506,
      "tn" : 1756458184506371111,
      "q" : "743.6",
      "p" : "0.28563",
      "s" : "sell",
      "i" : "SEI_USDT",
      "m" : "4611686018428991595"
    }, {
      "d" : "1756458184506371111",
      "t" : 1756458184506,
      "tn" : 1756458184506371111,
      "q" : "2823.5",
      "p" : "0.28563",
      "s" : "sell",
      "i" : "SEI_USDT",
      "m" : "4611686018428991595"
    }, {
      "d" : "1756458184505817051",
      "t" : 1756458184505,
      "tn" : 1756458184505817051,
      "q" : "873.5",
      "p" : "0.28656",
      "s" : "sell",
      "i" : "SEI_USDT",
      "m" : "4611686018428991594"
    }, {
      "d" : "1756458163325434696",
      "t" : 1756458163325,
      "tn" : 1756458163325434696,
      "q" : "1000.0",
      "p" : "0.28779",
      "s" : "sell",
      "i" : "SEI_USDT",
      "m" : "4611686018428991593"
    }, {
      "d" : "1756458016506127186",
      "t" : 1756458016506,
      "tn" : 1756458016506127186,
      "q" : "859.7",
      "p" : "0.28844",
      "s" : "buy",
      "i" : "SEI_USDT",
      "m" : "4611686018428991592"
    }, {
      "d" : "1756458015063735239",
      "t" : 1756458015063,
      "tn" : 1756458015063735239,
      "q" : "879.3",
      "p" : "0.28851",
      "s" : "buy",
      "i" : "SEI_USDT",
      "m" : "4611686018428991591"
    }, {
      "d" : "1756458015063732770",
      "t" : 1756458015063,
      "tn" : 1756458015063732770,
      "q" : "4.1",
      "p" : "0.28836",
      "s" : "buy",
      "i" : "SEI_USDT",
      "m" : "4611686018428991590"
    }, {
      "d" : "1756458014472516150",
      "t" : 1756458014472,
      "tn" : 1756458014472516150,
      "q" : "887.6",
      "p" : "0.28843",
      "s" : "buy",
      "i" : "SEI_USDT",
      "m" : "4611686018428991589"
    }, {
      "d" : "1756458009531650124",
      "t" : 1756458009531,
      "tn" : 1756458009531650124,
      "q" : "4.1",
      "p" : "0.28864",
      "s" : "sell",
      "i" : "SEI_USDT",
      "m" : "4611686018428991588"
    }, {
      "d" : "1756458009104420108",
      "t" : 1756458009104,
      "tn" : 1756458009104420108,
      "q" : "4.1",
      "p" : "0.28864",
      "s" : "sell",
      "i" : "SEI_USDT",
      "m" : "4611686018428991587"
    } ]
  }
}