{
  "id" : -1,
  "method" : "public/get-trades",
  "code" : 0,
  "result" : {
    "data" : [ {
      "d" : "1756462393075814097",
      "t" : 1756462393075,
      "tn" : 1756462393075814097,
      "q" : "10",
      "p" : "0.29110",
      "s" : "sell",
      "i" : "SEIUSD-PERP",
      "m" : "4611686018429565202"
    }, {
      "d" : "1756462375385587489",
      "t" : 1756462375385,
      "tn" : 1756462375385587489,
      "q" : "10",
      "p" : "0.29132",
      "s" : "sell",
      "i" : "SEIUSD-PERP",
      "m" : "4611686018429565201"
    }, {
      "d" : "1756462373521916879",
      "t" : 1756462373521,
      "tn" : 1756462373521916879,
      "q" : "10",
      "p" : "0.29131",
      "s" : "buy",
      "i" : "SEIUSD-PERP",
      "m" : "4611686018429565200"
    }, {
      "d" : "1756462358306660009",
      "t" : 1756462358306,
      "tn" : 1756462358306660009,
      "q" : "10",
      "p" : "0.29120",
      "s" : "buy",
      "i" : "SEIUSD-PERP",
      "m" : "4611686018429565199"
    }, {
      "d" : "1756462304457124319",
      "t" : 1756462304457,
      "tn" : 1756462304457124319,
      "q" : "10",
      "p" : "0.29090",
      "s" : "sell",
      "i" : "SEIUSD-PERP",
      "m" : "4611686018429565198"
    }, {
      "d" : "1756462299282873862",
      "t" : 1756462299282,
      "tn" : 1756462299282873862,
      "q" : "10",
      "p" : "0.29090",
      "s" : "buy",
      "i" : "SEIUSD-PERP",
      "m" : "4611686018429565197"
    }, {
      "d" : "1756462265662197520",
      "t" : 1756462265662,
      "tn" : 1756462265662197520,
      "q" : "10",
      "p" : "0.29070",
      "s" : "sell",
      "i" : "SEIUSD-PERP",
      "m" : "4611686018429565196"
    }, {
      "d" : "1756462261762657579",
      "t" : 1756462261762,
      "tn" : 1756462261762657579,
      "q" : "10",
      "p" : "0.29070",
      "s" : "buy",
      "i" : "SEIUSD-PERP",
      "m" : "4611686018429565195"
    }, {
      "d" : "1756462185177160938",
      "t" : 1756462185177,
      "tn" : 1756462185177160938,
      "q" : "10",
      "p" : "0.29070",
      "s" : "sell",
      "i" : "SEIUSD-PERP",
      "m" : "4611686018429565194"
    }, {
      "d" : "1756462165231023128",
      "t" : 1756462165231,
      "tn" : 1756462165231023128,
      "q" : "10",
      "p" : "0.29091",
      "s" : "sell",
      "i" : "SEIUSD-PERP",
      "m" : "4611686018429565193"
    }, {
      "d" : "1756462159367148772",
      "t" : 1756462159367,
      "tn" : 1756462159367148772,
      "q" : "10",
      "p" : "0.29091",
      "s" : "buy",
      "i" : "SEIUSD-PERP",
      "m" : "4611686018429565192"
    }, {
      "d" : "1756462148808743159",
      "t" : 1756462148808,
      "tn" : 1756462148808743159,
      "q" : "10",
      "p" : "0.29110",
      "s" : "buy",
      "i" : "SEIUSD-PERP",
      "m" : "4611686018429565191"
    }, {
      "d" : "1756462095225947497",
      "t" : 1756462095225,
      "tn" : 1756462095225947497,
      "q" : "10",
      "p" : "0.29100",
      "s" : "sell",
      "i" : "SEIUSD-PERP",
      "m" : "4611686018429565190"
    }, {
      "d" : "1756462090279854706",
      "t" : 1756462090279,
      "tn" : 1756462090279854706,
      "q" : "10",
      "p" : "0.29100",
      "s" : "buy",
      "i" : "SEIUSD-PERP",
      "m" : "4611686018429565189"
    }, {
      "d" : "1756462084258670589",
      "t" : 1756462084258,
      "tn" : 1756462084258670589,
      "q" : "10",
      "p" : "0.29090",
      "s" : "sell",
      "i" : "SEIUSD-PERP",
      "m" : "4611686018429565188"
    }, {
      "d" : "1756462066553440208",
      "t" : 1756462066553,
      "tn" : 1756462066553440208,
      "q" : "10",
      "p" : "0.29091",
      "s" : "sell",
      "i" : "SEIUSD-PERP",
      "m" : "4611686018429565187"
    }, {
      "d" : "1756462062875048212",
      "t" : 1756462062875,
      "tn" : 1756462062875048212,
      "q" : "10",
      "p" : "0.29103",
      "s" : "sell",
      "i" : "SEIUSD-PERP",
      "m" : "4611686018429565186"
    }, {
      "d" : "1756462029134073608",
      "t" : 1756462029134,
      "tn" : 1756462029134073608,
      "q" : "10",
      "p" : "0.29092",
      "s" : "buy",
      "i" : "SEIUSD-PERP",
      "m" : "4611686018429565185"
    }, {
      "d" : "1756462004195615382",
      "t" : 1756462004195,
      "tn" : 1756462004195615382,
      "q" : "10",
      "p" : "0.29073",
      "s" : "sell",
      "i" : "SEIUSD-PERP",
      "m" : "4611686018429565184"
    }, {
      "d" : "1756461990643559593",
      "t" : 1756461990643,
      "tn" : 1756461990643559593,
      "q" : "10",
      "p" : "0.29054",
      "s" : "sell",
      "i" : "SEIUSD-PERP",
      "m" : "4611686018429565183"
    }, {
      "d" : "1756461989423568769",
      "t" : 1756461989423,
      "tn" : 1756461989423568769,
      "q" : "10",
      "p" : "0.29053",
      "s" : "buy",
      "i" : "SEIUSD-PERP",
      "m" : "4611686018429565182"
    }, {
      "d" : "1756461979553767727",
      "t" : 1756461979553,
      "tn" : 1756461979553767727,
      "q" : "10",
      "p" : "0.29032",
      "s" : "buy",
      "i" : "SEIUSD-PERP",
      "m" : "4611686018429565181"
    }, {
      "d" : "1756461972039664870",
      "t" : 1756461972039,
      "tn" : 1756461972039664870,
      "q" : "10",
      "p" : "0.29033",
      "s" : "sell",
      "i" : "SEIUSD-PERP",
      "m" : "4611686018429565180"
    }, {
      "d" : "1756461970554518962",
      "t" : 1756461970554,
      "tn" : 1756461970554518962,
      "q" : "10",
      "p" : "0.29019",
      "s" : "buy",
      "i" : "SEIUSD-PERP",
      "m" : "4611686018429565179"
    }, {
      "d" : "1756461970548461309",
      "t" : 1756461970548,
      "tn" : 1756461970548461309,
      "q" : "10",
      "p" : "0.29012",
      "s" : "buy",
      "i" : "SEIUSD-PERP",
      "m" : "4611686018429565178"
    }, {
      "d" : "1756461967846224410",
      "t" : 1756461967846,
      "tn" : 1756461967846224410,
      "q" : "10",
      "p" : "0.29001",
      "s" : "buy",
      "i" : "SEIUSD-PERP",
      "m" : "4611686018429565177"
    }, {
      "d" : "1756461934083002023",
      "t" : 1756461934083,
      "tn" : 1756461934083002023,
      "q" : "10",
      "p" : "0.29011",
      "s" : "sell",
      "i" : "SEIUSD-PERP",
      "m" : "4611686018429565176"
    }, {
      "d" : "1756461917447826216",
      "t" : 1756461917447,
      "tn" : 1756461917447826216,
      "q" : "10",
      "p" : "0.28991",
      "s" : "buy",
      "i" : "SEIUSD-PERP",
      "m" : "4611686018429565175"
    }, {
      "d" : "1756461904764729142",
      "t" : 1756461904764,
      "tn" : 1756461904764729142,
      "q" : "10",
      "p" : "0.28991",
      "s" : "sell",
      "i" : "SEIUSD-PERP",
      "m" : "4611686018429565174"
    }, {
      "d" : "1756461890506655651",
      "t" : 1756461890506,
      "tn" : 1756461890506655651,
      "q" : "10",
      "p" : "0.28983",
      "s" : "sell",
      "i" : "SEIUSD-PERP",
      "m" : "4611686018429565173"
    }, {
      "d" : "1756461886904401600",
      "t" : 1756461886904,
      "tn" : 1756461886904401600,
      "q" : "10",
      "p" : "0.28982",
      "s" : "buy",
      "i" : "SEIUSD-PERP",
      "m" : "4611686018429565172"
    }, {
      "d" : "1756461880460548552",
      "t" : 1756461880460,
      "tn" : 1756461880460548552,
      "q" : "10",
      "p" : "0.28981",
      "s" : "buy",
      "i" : "SEIUSD-PERP",
      "m" : "4611686018429565171"
    }, {
      "d" : "1756461875413679786",
      "t" : 1756461875413,
      "tn" : 1756461875413679786,
      "q" : "10",
      "p" : "0.28981",
      "s" : "sell",
      "i" : "SEIUSD-PERP",
      "m" : "4611686018429565170"
    }, {
      "d" : "1756461872336842730",
      "t" : 1756461872336,
      "tn" : 1756461872336842730,
      "q" : "10",
      "p" : "0.28993",
      "s" : "sell",
      "i" : "SEIUSD-PERP",
      "m" : "4611686018429565169"
    }, {
      "d" : "1756461868585259673",
      "t" : 1756461868585,
      "tn" : 1756461868585259673,
      "q" : "10",
      "p" : "0.28992",
      "s" : "buy",
      "i" : "SEIUSD-PERP",
      "m" : "4611686018429565168"
    }, {
      "d" : "1756461865702956917",
      "t" : 1756461865702,
      "tn" : 1756461865702956917,
      "q" : "10",
      "p" : "0.28981",
      "s" : "buy",
      "i" : "SEIUSD-PERP",
      "m" : "4611686018429565167"
    }, {
      "d" : "1756461857204570324",
      "t" : 1756461857204,
      "tn" : 1756461857204570324,
      "q" : "10",
      "p" : "0.28991",
      "s" : "sell",
      "i" : "SEIUSD-PERP",
      "m" : "4611686018429565166"
    }, {
      "d" : "1756461847395066174",
      "t" : 1756461847395,
      "tn" : 1756461847395066174,
      "q" : "10",
      "p" : "0.28991",
      "s" : "buy",
      "i" : "SEIUSD-PERP",
      "m" : "4611686018429565165"
    }, {
      "d" : "1756461847056422169",
      "t" : 1756461847056,
      "tn" : 1756461847056422169,
      "q" : "10",
      "p" : "0.28979",
      "s" : "buy",
      "i" : "SEIUSD-PERP",
      "m" : "4611686018429565164"
    }, {
      "d" : "1756461844334017758",
      "t" : 1756461844334,
      "tn" : 1756461844334017758,
      "q" : "10",
      "p" : "0.29000",
      "s" : "sell",
      "i" : "SEIUSD-PERP",
      "m" : "4611686018429565163"
    }, {
      "d" : "1756461843863425054",
      "t" : 1756461843863,
      "tn" : 1756461843863425054,
      "q" : "10",
      "p" : "0.29011",
      "s" : "sell",
      "i" : "SEIUSD-PERP",
      "m" : "4611686018429565162"
    }, {
      "d" : "1756461840382769514",
      "t" : 1756461840382,
      "tn" : 1756461840382769514,
      "q" : "10",
      "p" : "0.29011",
      "s" : "buy",
      "i" : "SEIUSD-PERP",
      "m" : "4611686018429565161"
    }, {
      "d" : "1756461829420960284",
      "t" : 1756461829420,
      "tn" : 1756461829420960284,
      "q" : "10",
      "p" : "0.29021",
      "s" : "sell",
      "i" : "SEIUSD-PERP",
      "m" : "4611686018429565160"
    }, {
      "d" : "1756461824553596008",
      "t" : 1756461824553,
      "tn" : 1756461824553596008,
      "q" : "10",
      "p" : "0.29013",
      "s" : "sell",
      "i" : "SEIUSD-PERP",
      "m" : "4611686018429565159"
    }, {
      "d" : "1756461821501179517",
      "t" : 1756461821501,
      "tn" : 1756461821501179517,
      "q" : "10",
      "p" : "0.29012",
      "s" : "buy",
      "i" : "SEIUSD-PERP",
      "m" : "4611686018429565158"
    }, {
      "d" : "1756461818349703532",
      "t" : 1756461818349,
      "tn" : 1756461818349703532,
      "q" : "10",
      "p" : "0.29016",
      "s" : "sell",
      "i" : "SEIUSD-PERP",
      "m" : "4611686018429565157"
    }, {
      "d" : "1756461818343681549",
      "t" : 1756461818343,
      "tn" : 1756461818343681549,
      "q" : "10",
      "p" : "0.29023",
      "s" : "sell",
      "i" : "SEIUSD-PERP",
      "m" : "4611686018429565156"
    }, {
      "d" : "1756461809566008805",
      "t" : 1756461809566,
      "tn" : 1756461809566008805,
      "q" : "10",
      "p" : "0.29034",
      "s" : "sell",
      "i" : "SEIUSD-PERP",
      "m" : "4611686018429565155"
    }, {
      "d" : "1756461808750571540",
      "t" : 1756461808750,
      "tn" : 1756461808750571540,
      "q" : "10",
      "p" : "0.29037",
      "s" : "sell",
      "i" : "SEIUSD-PERP",
      "m" : "4611686018429565154"
    }, {
      "d" : "1756461808700940457",
      "t" : 1756461808700,
      "tn" : 1756461808700940457,
      "q" : "10",
      "p" : "0.29045",
      "s" : "sell",
      "i" : "SEIUSD-PERP",
      "m" : "4611686018429565153"
    }, {
      "d" : "1756461794416928728",
      "t" : 1756461794416,
      "tn" : 1756461794416928728,
      "q" : "10",
      "p" : "0.29045",
      "s" : "buy",
      "i" : "SEIUSD-PERP",
      "m" : "4611686018429565152"
    }, {
      "d" : "1756461769490524472",
      "t" : 1756461769490,
      "tn" : 1756461769490524472,
      "q" : "10",
      "p" : "0.29033",
      "s" : "buy",
      "i" : "SEIUSD-PERP",
      "m" : "4611686018429565151"
    }, {
      "d" : "1756461769180684336",
      "t" : 1756461769180,
      "tn" : 1756461769180684336,
      "q" : "10",
      "p" : "0.29034",
      "s" : "sell",
      "i" : "SEIUSD-PERP",
      "m" : "4611686018429565150"
    }, {
      "d" : "1756461758035934987",
      "t" : 1756461758035,
      "tn" : 1756461758035934987,
      "q" : "10",
      "p" : "0.29045",
      "s" : "sell",
      "i" : "SEIUSD-PERP",
      "m" : "4611686018429565149"
    }, {
      "d" : "1756461753120908888",
      "t" : 1756461753120,
      "tn" : 1756461753120908888,
      "q" : "10",
      "p" : "0.29045",
      "s" : "buy",
      "i" : "SEIUSD-PERP",
      "m" : "4611686018429565148"
    }, {
      "d" : "1756461741566818588",
      "t" : 1756461741566,
      "tn" : 1756461741566818588,
      "q" : "10",
      "p" : "0.29033",
      "s" : "buy",
      "i" : "SEIUSD-PERP",
      "m" : "4611686018429565147"
    }, {
      "d" : "1756461733474204816",
      "t" : 1756461733474,
      "tn" : 1756461733474204816,
      "q" : "10",
      "p" : "0.29034",
      "s" : "sell",
      "i" : "SEIUSD-PERP",
      "m" : "4611686018429565146"
    }, {
      "d" : "1756461730430120267",
      "t" : 1756461730430,
      "tn" : 1756461730430120267,
      "q" : "10",
      "p" : "0.29028",
      "s" : "buy",
      "i" : "SEIUSD-PERP",
      "m" : "4611686018429565145"
    }, {
      "d" : "1756461730423217161",
      "t" : 1756461730423,
      "tn" : 1756461730423217161,
      "q" : "10",
      "p" : "0.29023",
      "s" : "buy",
      "i" : "SEIUSD-PERP",
      "m" : "4611686018429565144"
    }, {
      "d" : "1756461723444046804",
      "t" : 1756461723444,
      "tn" : 1756461723444046804,
      "q" : "10",
      "p" : "0.29012",
      "s" : "buy",
      "i" : "SEIUSD-PERP",
      "m" : "4611686018429565143"
    }, {
      "d" : "1756461691484266020",
      "t" : 1756461691484,
      "tn" : 1756461691484266020,
      "q" : "10",
      "p" : "0.28983",
      "s" : "sell",
      "i" : "SEIUSD-PERP",
      "m" : "4611686018429565142"
    }, {
      "d" : "1756461678327930285",
      "t" : 1756461678327,
      "tn" : 1756461678327930285,
      "q" : "10",
      "p" : "0.28984",
      "s" : "sell",
      "i" : "SEIUSD-PERP",
      "m" : "4611686018429565141"
    }, {
      "d" : "1756461655675686877",
      "t" : 1756461655675,
      "tn" : 1756461655675686877,
      "q" : "10",
      "p" : "0.28985",
      "s" : "sell",
      "i" : "SEIUSD-PERP",
      "m" : "4611686018429565140"
    }, {
      "d" : "1756461652566363439",
      "t" : 1756461652566,
      "tn" : 1756461652566363439,
      "q" : "10",
      "p" : "0.28985",
      "s" : "buy",
      "i" : "SEIUSD-PERP",
      "m" : "4611686018429565139"
    }, {
      "d" : "1756461633022133008",
      "t" : 1756461633022,
      "tn" : 1756461633022133008,
      "q" : "10",
      "p" : "0.28943",
      "s" : "buy",
      "i" : "SEIUSD-PERP",
      "m" : "4611686018429565138"
    }, {
      "d" : "1756461630185563038",
      "t" : 1756461630185,
      "tn" : 1756461630185563038,
      "q" : "10",
      "p" : "0.28932",
      "s" : "buy",
      "i" : "SEIUSD-PERP",
      "m" : "4611686018429565137"
    }, {
      "d" : "1756461627678104088",
      "t" : 1756461627678,
      "tn" : 1756461627678104088,
      "q" : "10",
      "p" : "0.28931",
      "s" : "buy",
      "i" : "SEIUSD-PERP",
      "m" : "4611686018429565136"
    }, {
      "d" : "1756461611546353884",
      "t" : 1756461611546,
      "tn" : 1756461611546353884,
      "q" : "10",
      "p" : "0.28939",
      "s" : "buy",
      "i" : "SEIUSD-PERP",
      "m" : "4611686018429565135"
    }, {
      "d" : "1756461610704894589",
      "t" : 1756461610704,
      "tn" : 1756461610704894589,
      "q" : "10",
      "p" : "0.28960",
      "s" : "sell",
      "i" : "SEIUSD-PERP",
      "m" : "4611686018429565134"
    }, {
      "d" : "1756461604330890565",
      "t" : 1756461604330,
      "tn" : 1756461604330890565,
      "q" : "10",
      "p" : "0.28951",
      "s" : "sell",
      "i" : "SEIUSD-PERP",
      "m" : "4611686018429565133"
    }, {
      "d" : "1756461601414527482",
      "t" : 1756461601414,
      "tn" : 1756461601414527482,
      "q" : "10",
      "p" : "0.28963",
      "s" : "sell",
      "i" : "SEIUSD-PERP",
      "m" : "4611686018429565132"
    }, {
      "d" : "1756461575886109463",
      "t" : 1756461575886,
      "tn" : 1756461575886109463,
      "q" : "10",
      "p" : "0.28984",
      "s" : "sell",
      "i" : "SEIUSD-PERP",
      "m" : "4611686018429565131"
    }, {
      "d" : "1756461550646086857",
      "t" : 1756461550646,
      "tn" : 1756461550646086857,
      "q" : "10",
      "p" : "0.28983",
      "s" : "buy",
      "i" : "SEIUSD-PERP",
      "m" : "4611686018429565130"
    }, {
      "d" : "1756461544867964701",
      "t" : 1756461544867,
      "tn" : 1756461544867964701,
      "q" : "10",
      "p" : "0.28972",
      "s" : "buy",
      "i" : "SEIUSD-PERP",
      "m" : "4611686018429565129"
    }, {
      "d" : "1756461533636935229",
      "t" : 1756461533636,
      "tn" : 1756461533636935229,
      "q" : "10",
      "p" : "0.28961",
      "s" : "buy",
      "i" : "SEIUSD-PERP",
      "m" : "4611686018429565128"
    }, {
      "d" : "1756461532617216080",
      "t" : 1756461532617,
      "tn" : 1756461532617216080,
      "q" : "10",
      "p" : "0.28949",
      "s" : "buy",
      "i" : "SEIUSD-PERP",
      "m" : "4611686018429565127"
    }, {
      "d" : "1756461514223653596",
      "t" : 1756461514223,
      "tn" : 1756461514223653596,
      "q" : "10",
      "p" : "0.28960",
      "s" : "sell",
      "i" : "SEIUSD-PERP",
      "m" : "4611686018429565126"
    }, {
      "d" : "1756461499847706479",
      "t" : 1756461499847,
      "tn" : 1756461499847706479,
      "q" : "10",
      "p" : "0.28959",
      "s" : "buy",
      "i" : "SEIUSD-PERP",
      "m" : "4611686018429565125"
    }, {
      "d" : "1756461492496814282",
      "t" : 1756461492496,
      "tn" : 1756461492496814282,
      "q" : "10",
      "p" : "0.28970",
      "s" : "sell",
      "i" : "SEIUSD-PERP",
      "m" : "4611686018429565124"
    }, {
      "d" : "1756461462060357254",
      "t" : 1756461462060,
      "tn" : 1756461462060357254,
      "q" : "10",
      "p" : "0.28971",
      "s" : "sell",
      "i" : "SEIUSD-PERP",
      "m" : "4611686018429565123"
    }, {
      "d" : "1756461442974148657",
      "t" : 1756461442974,
      "tn" : 1756461442974148657,
      "q" : "10",
      "p" : "0.28971",
      "s" : "buy",
      "i" : "SEIUSD-PERP",
      "m" : "4611686018429565122"
    }, {
      "d" : "1756461440964443843",
      "t" : 1756461440964,
      "tn" : 1756461440964443843,
      "q" : "10",
      "p" : "0.28959",
      "s" : "buy",
      "i" : "SEIUSD-PERP",
      "m" : "4611686018429565121"
    }, {
      "d" : "1756461423522764587",
      "t" : 1756461423522,
      "tn" : 1756461423522764587,
      "q" : "10",
      "p" : "0.28950",
      "s" : "sell",
      "i" : "SEIUSD-PERP",
      "m" : "4611686018429565120"
    }, {
      "d" : "1756461420550034071",
      "t" : 1756461420550,
      "tn" : 1756461420550034071,
      "q" : "10",
      "p" : "0.28961",
      "s" : "sell",
      "i" : "SEIUSD-PERP",
      "m" : "4611686018429565119"
    }, {
      "d" : "1756461404072819841",
      "t" : 1756461404072,
      "tn" : 1756461404072819841,
      "q" : "10",
      "p" : "0.28961",
      "s" : "buy",
      "i" : "SEIUSD-PERP",
      "m" : "4611686018429565118"
    }, {
      "d" : "1756461402474000409",
      "t" : 1756461402474,
      "tn" : 1756461402474000409,
      "q" : "10",
      "p" : "0.28939",
      "s" : "buy",
      "i" : "SEIUSD-PERP",
      "m" : "4611686018429565117"
    }, {
      "d" : "1756461382336778374",
      "t" : 1756461382336,
      "tn" : 1756461382336778374,
      "q" : "10",
      "p" : "0.28970",
      "s" : "sell",
      "i" : "SEIUSD-PERP",
      "m" : "4611686018429565116"
    }, {
      "d" : "1756461342943195844",
      "t" : 1756461342943,
      "tn" : 1756461342943195844,
      "q" : "10",
      "p" : "0.28941",
      "s" : "sell",
      "i" : "SEIUSD-PERP",
      "m" : "4611686018429565115"
    }, {
      "d" : "1756461337701573147",
      "t" : 1756461337701,
      "tn" : 1756461337701573147,
      "q" : "10",
      "p" : "0.28931",
      "s" : "buy",
      "i" : "SEIUSD-PERP",
      "m" : "4611686018429565114"
    }, {
      "d" : "1756461322384777088",
      "t" : 1756461322384,
      "tn" : 1756461322384777088,
      "q" : "10",
      "p" : "0.28929",
      "s" : "buy",
      "i" : "SEIUSD-PERP",
      "m" : "4611686018429565113"
    }, {
      "d" : "1756461320146143503",
      "t" : 1756461320146,
      "tn" : 1756461320146143503,
      "q" : "10",
      "p" : "0.28930",
      "s" : "sell",
      "i" : "SEIUSD-PERP",
      "m" : "4611686018429565112"
    }, {
      "d" : "1756461309609114679",
      "t" : 1756461309609,
      "tn" : 1756461309609114679,
      "q" : "10",
      "p" : "0.28931",
      "s" : "sell",
      "i" : "SEIUSD-PERP",
      "m" : "4611686018429565111"
    }, {
      "d" : "1756461279935657642",
      "t" : 1756461279935,
      "tn" : 1756461279935657642,
      "q" : "10",
      "p" : "0.28933",
      "s" : "sell",
      "i" : "SEIUSD-PERP",
      "m" : "4611686018429565110"
    }, {
      "d" : "1756461279758916007",
      "t" : 1756461279758,
      "tn" : 1756461279758916007,
      "q" : "10",
      "p" : "0.28932",
      "s" : "buy",
      "i" : "SEIUSD-PERP",
      "m" : "4611686018429565109"
    }, {
      "d" : "1756461240735484394",
      "t" : 1756461240735,
      "tn" : 1756461240735484394,
      "q" : "10",
      "p" : "0.28921",
      "s" : "buy",
      "i" : "SEIUSD-PERP",
      "m" : "4611686018429565108"
    }, {
      "d" : "1756461220079260680",
      "t" : 1756461220079,
      "tn" : 1756461220079260680,
      "q" : "10",
      "p" : "0.28899",
      "s" : "buy",
      "i" : "SEIUSD-PERP",
      "m" : "4611686018429565107"
    }, {
      "d" : "1756461120316956458",
      "t" : 1756461120316,
      "tn" : 1756461120316956458,
      "q" : "10",
      "p" : "0.28890",
      "s" : "sell",
      "i" : "SEIUSD-PERP",
      "m" : "4611686018429565106"
    }, {
      "d" : "1756461116479463521",
      "t" : 1756461116479,
      "tn" : 1756461116479463521,
      "q" : "10",
      "p" : "0.28889",
      "s" : "buy",
      "i" : "SEIUSD-PERP",
      "m" : "4611686018429565105"
    }, {
      "d" : "1756461056839549407",
      "t" : 1756461056839,
      "tn" : 1756461056839549407,
      "q" : "10",
      "p" : "0.28920",
      "s" : "sell",
      "i" : "SEIUSD-PERP",
      "m" : "4611686018429565104"
    }, {
      "d" : "1756461054417172291",
      "t" : 1756461054417,
      "tn" : 1756461054417172291,
      "q" : "10",
      "p" : "0.28919",
      "s" : "buy",
      "i" : "SEIUSD-PERP",
      "m" : "4611686018429565103"
    }, {
      "d" : "1756461024844707332",
      "t" : 1756461024844,
      "tn" : 1756461024844707332,
      "q" : "10",
      "p" : "0.28940",
      "s" : "sell",
      "i" : "SEIUSD-PERP",
      "m" : "4611686018429565102"
    }, {
      "d" : "1756461014504848300",
      "t" : 1756461014504,
      "tn" : 1756461014504848300,
      "q" : "10",
      "p" : "0.28929",
      "s" : "buy",
      "i" : "SEIUSD-PERP",
      "m" : "4611686018429565101"
    }, {
      "d" : "1756461010361372693",
      "t" : 1756461010361,
      "tn" : 1756461010361372693,
      "q" : "10",
      "p" : "0.28940",
      "s" : "sell",
      "i" : "SEIUSD-PERP",
      "m" : "4611686018429565100"
    }, {
      "d" : "1756461002397505086",
      "t" : 1756461002397,
      "tn" : 1756461002397505086,
      "q" : "10",
      "p" : "0.28949",
      "s" : "buy",
      "i" : "SEIUSD-PERP",
      "m" : "4611686018429565099"
    }, {
      "d" : "1756461000344130905",
      "t" : 1756461000344,
      "tn" : 1756461000344130905,
      "q" : "10",
      "p" : "0.28950",
      "s" : "sell",
      "i" : "SEIUSD-PERP",
      "m" : "4611686018429565098"
    }, {
      "d" : "1756460988487436308",
      "t" : 1756460988487,
      "tn" : 1756460988487436308,
      "q" : "10",
      "p" : "0.28961",
      "s" : "sell",
      "i" : "SEIUSD-PERP",
      "m" : "4611686018429565097"
    }, {
      "d" : "1756460960568356238",
      "t" : 1756460960568,
      "tn" : 1756460960568356238,
      "q" : "10",
      "p" : "0.28971",
      "s" : "buy",
      "i" : "SEIUSD-PERP",
      "m" : "4611686018429565096"
    }, {
      "d" : "1756460947022220808",
      "t" : 1756460947022,
      "tn" : 1756460947022220808,
      "q" : "10",
      "p" : "0.28969",
      "s" : "buy",
      "i" : "SEIUSD-PERP",
      "m" : "4611686018429565095"
    }, {
      "d" : "1756460927911101594",
      "t" : 1756460927911,
      "tn" : 1756460927911101594,
      "q" : "10",
      "p" : "0.28990",
      "s" : "sell",
      "i" : "SEIUSD-PERP",
      "m" : "4611686018429565094"
    }, {
      "d" : "1756460922415997655",
      "t" : 1756460922415,
      "tn" : 1756460922415997655,
      "q" : "10",
      "p" : "0.28999",
      "s" : "buy",
      "i" : "SEIUSD-PERP",
      "m" : "4611686018429565093"
    }, {
      "d" : "1756460897888763809",
      "t" : 1756460897888,
      "tn" : 1756460897888763809,
      "q" : "10",
      "p" : "0.28970",
      "s" : "sell",
      "i" : "SEIUSD-PERP",
      "m" : "4611686018429565092"
    }, {
      "d" : "1756460885963460099",
      "t" : 1756460885963,
      "tn" : 1756460885963460099,
      "q" : "10",
      "p" : "0.28969",
      "s" : "buy",
      "i" : "SEIUSD-PERP",
      "m" : "4611686018429565091"
    }, {
      "d" : "1756460866370205460",
      "t" : 1756460866370,
      "tn" : 1756460866370205460,
      "q" : "10",
      "p" : "0.28956",
      "s" : "sell",
      "i" : "SEIUSD-PERP",
      "m" : "4611686018429565090"
    }, {
      "d" : "1756460866370203915",
      "t" : 1756460866370,
      "tn" : 1756460866370203915,
      "q" : "10",
      "p" : "0.28960",
      "s" : "sell",
      "i" : "SEIUSD-PERP",
      "m" : "4611686018429565089"
    }, {
      "d" : "1756460838706288725",
      "t" : 1756460838706,
      "tn" : 1756460838706288725,
      "q" : "10",
      "p" : "0.28939",
      "s" : "buy",
      "i" : "SEIUSD-PERP",
      "m" : "4611686018429565088"
    }, {
      "d" : "1756460834051786120",
      "t" : 1756460834051,
      "tn" : 1756460834051786120,
      "q" : "10",
      "p" : "0.28928",
      "s" : "buy",
      "i" : "SEIUSD-PERP",
      "m" : "4611686018429565087"
    }, {
      "d" : "1756460828281781096",
      "t" : 1756460828281,
      "tn" : 1756460828281781096,
      "q" : "10",
      "p" : "0.28929",
      "s" : "sell",
      "i" : "SEIUSD-PERP",
      "m" : "4611686018429565086"
    }, {
      "d" : "1756460821737905934",
      "t" : 1756460821737,
      "tn" : 1756460821737905934,
      "q" : "10",
      "p" : "0.28920",
      "s" : "sell",
      "i" : "SEIUSD-PERP",
      "m" : "4611686018429565085"
    }, {
      "d" : "1756460799616503261",
      "t" : 1756460799616,
      "tn" : 1756460799616503261,
      "q" : "10",
      "p" : "0.28931",
      "s" : "sell",
      "i" : "SEIUSD-PERP",
      "m" : "4611686018429565084"
    }, {
      "d" : "1756460786672566581",
      "t" : 1756460786672,
      "tn" : 1756460786672566581,
      "q" : "10",
      "p" : "0.28933",
      "s" : "sell",
      "i" : "SEIUSD-PERP",
      "m" : "4611686018429565083"
    }, {
      "d" : "1756460777775303479",
      "t" : 1756460777775,
      "tn" : 1756460777775303479,
      "q" : "10",
      "p" : "0.28912",
      "s" : "buy",
      "i" : "SEIUSD-PERP",
      "m" : "4611686018429565082"
    }, {
      "d" : "1756460773007366539",
      "t" : 1756460773007,
      "tn" : 1756460773007366539,
      "q" : "10",
      "p" : "0.28913",
      "s" : "sell",
      "i" : "SEIUSD-PERP",
      "m" : "4611686018429565081"
    }, {
      "d" : "1756460767630964145",
      "t" : 1756460767630,
      "tn" : 1756460767630964145,
      "q" : "10",
      "p" : "0.28924",
      "s" : "sell",
      "i" : "SEIUSD-PERP",
      "m" : "4611686018429565080"
    }, {
      "d" : "1756460750220534015",
      "t" : 1756460750220,
      "tn" : 1756460750220534015,
      "q" : "10",
      "p" : "0.28913",
      "s" : "buy",
      "i" : "SEIUSD-PERP",
      "m" : "4611686018429565079"
    }, {
      "d" : "1756460732592421625",
      "t" : 1756460732592,
      "tn" : 1756460732592421625,
      "q" : "10",
      "p" : "0.28882",
      "s" : "buy",
      "i" : "SEIUSD-PERP",
      "m" : "4611686018429565078"
    }, {
      "d" : "1756460705652479185",
      "t" : 1756460705652,
      "tn" : 1756460705652479185,
      "q" : "10",
      "p" : "0.28873",
      "s" : "sell",
      "i" : "SEIUSD-PERP",
      "m" : "4611686018429565077"
    }, {
      "d" : "1756460669558649946",
      "t" : 1756460669558,
      "tn" : 1756460669558649946,
      "q" : "10",
      "p" : "0.28894",
      "s" : "sell",
      "i" : "SEIUSD-PERP",
      "m" : "4611686018429565076"
    }, {
      "d" : "1756460660537490336",
      "t" : 1756460660537,
      "tn" : 1756460660537490336,
      "q" : "10",
      "p" : "0.28893",
      "s" : "buy",
      "i" : "SEIUSD-PERP",
      "m" : "4611686018429565075"
    }, {
      "d" : "1756460654497820523",
      "t" : 1756460654497,
      "tn" : 1756460654497820523,
      "q" : "10",
      "p" : "0.28882",
      "s" : "buy",
      "i" : "SEIUSD-PERP",
      "m" : "4611686018429565074"
    }, {
      "d" : "1756460640768478996",
      "t" : 1756460640768,
      "tn" : 1756460640768478996,
      "q" : "10",
      "p" : "0.28891",
      "s" : "buy",
      "i" : "SEIUSD-PERP",
      "m" : "4611686018429565073"
    }, {
      "d" : "1756460633271269996",
      "t" : 1756460633271,
      "tn" : 1756460633271269996,
      "q" : "10",
      "p" : "0.28881",
      "s" : "sell",
      "i" : "SEIUSD-PERP",
      "m" : "4611686018429565072"
    }, {
      "d" : "1756460624568811081",
      "t" : 1756460624568,
      "tn" : 1756460624568811081,
      "q" : "10",
      "p" : "0.28903",
      "s" : "sell",
      "i" : "SEIUSD-PERP",
      "m" : "4611686018429565071"
    }, {
      "d" : "1756460617133241381",
      "t" : 1756460617133,
      "tn" : 1756460617133241381,
      "q" : "10",
      "p" : "0.28912",
      "s" : "buy",
      "i" : "SEIUSD-PERP",
      "m" : "4611686018429565070"
    }, {
      "d" : "1756460615739781178",
      "t" : 1756460615739,
      "tn" : 1756460615739781178,
      "q" : "10",
      "p" : "0.28913",
      "s" : "sell",
      "i" : "SEIUSD-PERP",
      "m" : "4611686018429565069"
    }, {
      "d" : "1756460611276673869",
      "t" : 1756460611276,
      "tn" : 1756460611276673869,
      "q" : "10",
      "p" : "0.28924",
      "s" : "sell",
      "i" : "SEIUSD-PERP",
      "m" : "4611686018429565068"
    }, {
      "d" : "1756460606973576898",
      "t" : 1756460606973,
      "tn" : 1756460606973576898,
      "q" : "10",
      "p" : "0.28923",
      "s" : "buy",
      "i" : "SEIUSD-PERP",
      "m" : "4611686018429565067"
    }, {
      "d" : "1756460603218937113",
      "t" : 1756460603218,
      "tn" : 1756460603218937113,
      "q" : "10",
      "p" : "0.28912",
      "s" : "buy",
      "i" : "SEIUSD-PERP",
      "m" : "4611686018429565066"
    }, {
      "d" : "1756460589000664308",
      "t" : 1756460589000,
      "tn" : 1756460589000664308,
      "q" : "10",
      "p" : "0.28881",
      "s" : "buy",
      "i" : "SEIUSD-PERP",
      "m" : "4611686018429565065"
    }, {
      "d" : "1756460580239539880",
      "t" : 1756460580239,
      "tn" : 1756460580239539880,
      "q" : "10",
      "p" : "0.28869",
      "s" : "buy",
      "i" : "SEIUSD-PERP",
      "m" : "4611686018429565064"
    }, {
      "d" : "1756460569198399040",
      "t" : 1756460569198,
      "tn" : 1756460569198399040,
      "q" : "10",
      "p" : "0.28868",
      "s" : "buy",
      "i" : "SEIUSD-PERP",
      "m" : "4611686018429565063"
    }, {
      "d" : "1756460560657327968",
      "t" : 1756460560657,
      "tn" : 1756460560657327968,
      "q" : "10",
      "p" : "0.28869",
      "s" : "sell",
      "i" : "SEIUSD-PERP",
      "m" : "4611686018429565062"
    }, {
      "d" : "1756460543093455552",
      "t" : 1756460543093,
      "tn" : 1756460543093455552,
      "q" : "10",
      "p" : "0.28878",
      "s" : "buy",
      "i" : "SEIUSD-PERP",
      "m" : "4611686018429565061"
    }, {
      "d" : "1756460541587324325",
      "t" : 1756460541587,
      "tn" : 1756460541587324325,
      "q" : "10",
      "p" : "0.28879",
      "s" : "sell",
      "i" : "SEIUSD-PERP",
      "m" : "4611686018429565060"
    }, {
      "d" : "1756460534495277147",
      "t" : 1756460534495,
      "tn" : 1756460534495277147,
      "q" : "10",
      "p" : "0.28890",
      "s" : "sell",
      "i" : "SEIUSD-PERP",
      "m" : "4611686018429565059"
    }, {
      "d" : "1756460525708419783",
      "t" : 1756460525708,
      "tn" : 1756460525708419783,
      "q" : "10",
      "p" : "0.28899",
      "s" : "buy",
      "i" : "SEIUSD-PERP",
      "m" : "4611686018429565058"
    }, {
      "d" : "1756460525538389387",
      "t" : 1756460525538,
      "tn" : 1756460525538389387,
      "q" : "10",
      "p" : "0.28888",
      "s" : "buy",
      "i" : "SEIUSD-PERP",
      "m" : "4611686018429565057"
    }, {
      "d" : "1756460524465069668",
      "t" : 1756460524465,
      "tn" : 1756460524465069668,
      "q" : "10",
      "p" : "0.28879",
      "s" : "sell",
      "i" : "SEIUSD-PERP",
      "m" : "4611686018429565056"
    }, {
      "d" : "1756460515715304198",
      "t" : 1756460515715,
      "tn" : 1756460515715304198,
      "q" : "10",
      "p" : "0.28878",
      "s" : "buy",
      "i" : "SEIUSD-PERP",
      "m" : "4611686018429565055"
    }, {
      "d" : "1756460473102868699",
      "t" : 1756460473102,
      "tn" : 1756460473102868699,
      "q" : "10",
      "p" : "0.28919",
      "s" : "sell",
      "i" : "SEIUSD-PERP",
      "m" : "4611686018429565054"
    }, {
      "d" : "1756460442481211005",
      "t" : 1756460442481,
      "tn" : 1756460442481211005,
      "q" : "10",
      "p" : "0.28888",
      "s" : "buy",
      "i" : "SEIUSD-PERP",
      "m" : "4611686018429565053"
    } ]
  }
}