{
  "id" : -1,
  "method" : "public/get-trades",
  "code" : 0,
  "result" : {
    "data" : [ {
      "d" : "1756462414278730713",
      "t" : 1756462414278,
      "tn" : 1756462414278730713,
      "q" : "10.4",
      "p" : "0.1372",
      "s" : "sell",
      "i" : "SHDW_USD",
      "m" : "4611686018428351827"
    }, {
      "d" : "1756462410651538190",
      "t" : 1756462410651,
      "tn" : 1756462410651538190,
      "q" : "109.3",
      "p" : "0.1369",
      "s" : "sell",
      "i" : "SHDW_USD",
      "m" : "4611686018428351826"
    }, {
      "d" : "1756462407835059293",
      "t" : 1756462407835,
      "tn" : 1756462407835059293,
      "q" : "160.0",
      "p" : "0.1371",
      "s" : "buy",
      "i" : "SHDW_USD",
      "m" : "4611686018428351825"
    }, {
      "d" : "1756462407728814685",
      "t" : 1756462407728,
      "tn" : 1756462407728814685,
      "q" : "143.2",
      "p" : "0.1371",
      "s" : "sell",
      "i" : "SHDW_USD",
      "m" : "4611686018428351824"
    }, {
      "d" : "1756462404696792263",
      "t" : 1756462404696,
      "tn" : 1756462404696792263,
      "q" : "10.4",
      "p" : "0.1381",
      "s" : "sell",
      "i" : "SHDW_USD",
      "m" : "4611686018428351823"
    }, {
      "d" : "1756462389836920952",
      "t" : 1756462389836,
      "tn" : 1756462389836920952,
      "q" : "128.2",
      "p" : "0.1386",
      "s" : "buy",
      "i" : "SHDW_USD",
      "m" : "4611686018428351822"
    }, {
      "d" : "1756462383728596066",
      "t" : 1756462383728,
      "tn" : 1756462383728596066,
      "q" : "147.3",
      "p" : "0.1390",
      "s" : "buy",
      "i" : "SHDW_USD",
      "m" : "4611686018428351821"
    }, {
      "d" : "1756462378714297014",
      "t" : 1756462378714,
      "tn" : 1756462378714297014,
      "q" : "10.4",
      "p" : "0.1386",
      "s" : "buy",
      "i" : "SHDW_USD",
      "m" : "4611686018428351820"
    }, {
      "d" : "1756462374834924011",
      "t" : 1756462374834,
      "tn" : 1756462374834924011,
      "q" : "10.4",
      "p" : "0.1385",
      "s" : "buy",
      "i" : "SHDW_USD",
      "m" : "4611686018428351819"
    }, {
      "d" : "1756462368749250952",
      "t" : 1756462368749,
      "tn" : 1756462368749250952,
      "q" : "288.0",
      "p" : "0.1389",
      "s" : "sell",
      "i" : "SHDW_USD",
      "m" : "4611686018428351818"
    }, {
      "d" : "1756462368744929575",
      "t" : 1756462368744,
      "tn" : 1756462368744929575,
      "q" : "142.7",
      "p" : "0.1389",
      "s" : "buy",
      "i" : "SHDW_USD",
      "m" : "4611686018428351817"
    }, {
      "d" : "1756462363033927118",
      "t" : 1756462363033,
      "tn" : 1756462363033927118,
      "q" : "10.4",
      "p" : "0.1383",
      "s" : "buy",
      "i" : "SHDW_USD",
      "m" : "4611686018428351816"
    }, {
      "d" : "1756462266164128430",
      "t" : 1756462266164,
      "tn" : 1756462266164128430,
      "q" : "10.4",
      "p" : "0.1398",
      "s" : "sell",
      "i" : "SHDW_USD",
      "m" : "4611686018428351815"
    }, {
      "d" : "1756462235223136675",
      "t" : 1756462235223,
      "tn" : 1756462235223136675,
      "q" : "10.4",
      "p" : "0.1398",
      "s" : "sell",
      "i" : "SHDW_USD",
      "m" : "4611686018428351814"
    }, {
      "d" : "1756462041630570340",
      "t" : 1756462041630,
      "tn" : 1756462041630570340,
      "q" : "92.1",
      "p" : "0.1398",
      "s" : "sell",
      "i" : "SHDW_USD",
      "m" : "4611686018428351813"
    }, {
      "d" : "1756462035722302548",
      "t" : 1756462035722,
      "tn" : 1756462035722302548,
      "q" : "10.4",
      "p" : "0.1401",
      "s" : "sell",
      "i" : "SHDW_USD",
      "m" : "4611686018428351812"
    }, {
      "d" : "1756462029743202433",
      "t" : 1756462029743,
      "tn" : 1756462029743202433,
      "q" : "10.4",
      "p" : "0.1401",
      "s" : "sell",
      "i" : "SHDW_USD",
      "m" : "4611686018428351811"
    }, {
      "d" : "1756462023761258828",
      "t" : 1756462023761,
      "tn" : 1756462023761258828,
      "q" : "10.4",
      "p" : "0.1401",
      "s" : "sell",
      "i" : "SHDW_USD",
      "m" : "4611686018428351810"
    }, {
      "d" : "1756462017740130400",
      "t" : 1756462017740,
      "tn" : 1756462017740130400,
      "q" : "10.4",
      "p" : "0.1401",
      "s" : "sell",
      "i" : "SHDW_USD",
      "m" : "4611686018428351809"
    }, {
      "d" : "1756462011685416431",
      "t" : 1756462011685,
      "tn" : 1756462011685416431,
      "q" : "10.4",
      "p" : "0.1401",
      "s" : "sell",
      "i" : "SHDW_USD",
      "m" : "4611686018428351808"
    }, {
      "d" : "1756462005614472140",
      "t" : 1756462005614,
      "tn" : 1756462005614472140,
      "q" : "10.4",
      "p" : "0.1402",
      "s" : "sell",
      "i" : "SHDW_USD",
      "m" : "4611686018428351807"
    }, {
      "d" : "1756461999653676992",
      "t" : 1756461999653,
      "tn" : 1756461999653676992,
      "q" : "10.4",
      "p" : "0.1402",
      "s" : "sell",
      "i" : "SHDW_USD",
      "m" : "4611686018428351806"
    }, {
      "d" : "1756461993630355513",
      "t" : 1756461993630,
      "tn" : 1756461993630355513,
      "q" : "10.4",
      "p" : "0.1401",
      "s" : "sell",
      "i" : "SHDW_USD",
      "m" : "4611686018428351805"
    }, {
      "d" : "1756461987845306445",
      "t" : 1756461987845,
      "tn" : 1756461987845306445,
      "q" : "10.4",
      "p" : "0.1402",
      "s" : "sell",
      "i" : "SHDW_USD",
      "m" : "4611686018428351804"
    }, {
      "d" : "1756461981796198416",
      "t" : 1756461981796,
      "tn" : 1756461981796198416,
      "q" : "10.4",
      "p" : "0.1402",
      "s" : "sell",
      "i" : "SHDW_USD",
      "m" : "4611686018428351803"
    }, {
      "d" : "1756461975929135614",
      "t" : 1756461975929,
      "tn" : 1756461975929135614,
      "q" : "147.5",
      "p" : "0.1397",
      "s" : "sell",
      "i" : "SHDW_USD",
      "m" : "4611686018428351802"
    }, {
      "d" : "1756461973345770695",
      "t" : 1756461973345,
      "tn" : 1756461973345770695,
      "q" : "142.9",
      "p" : "0.1400",
      "s" : "sell",
      "i" : "SHDW_USD",
      "m" : "4611686018428351801"
    }, {
      "d" : "1756461969734912770",
      "t" : 1756461969734,
      "tn" : 1756461969734912770,
      "q" : "10.4",
      "p" : "0.1406",
      "s" : "sell",
      "i" : "SHDW_USD",
      "m" : "4611686018428351800"
    }, {
      "d" : "1756461833523544983",
      "t" : 1756461833523,
      "tn" : 1756461833523544983,
      "q" : "142.3",
      "p" : "0.1405",
      "s" : "sell",
      "i" : "SHDW_USD",
      "m" : "4611686018428351799"
    }, {
      "d" : "1756461832951813963",
      "t" : 1756461832951,
      "tn" : 1756461832951813963,
      "q" : "54.8",
      "p" : "0.1398",
      "s" : "buy",
      "i" : "SHDW_USD",
      "m" : "4611686018428351798"
    }, {
      "d" : "1756461832773489684",
      "t" : 1756461832773,
      "tn" : 1756461832773489684,
      "q" : "490.0",
      "p" : "0.1398",
      "s" : "buy",
      "i" : "SHDW_USD",
      "m" : "4611686018428351797"
    }, {
      "d" : "1756461832772920396",
      "t" : 1756461832772,
      "tn" : 1756461832772920396,
      "q" : "495.0",
      "p" : "0.1398",
      "s" : "buy",
      "i" : "SHDW_USD",
      "m" : "4611686018428351796"
    }, {
      "d" : "1756461832766630173",
      "t" : 1756461832766,
      "tn" : 1756461832766630173,
      "q" : "490.0",
      "p" : "0.1398",
      "s" : "buy",
      "i" : "SHDW_USD",
      "m" : "4611686018428351795"
    }, {
      "d" : "1756461831790111819",
      "t" : 1756461831790,
      "tn" : 1756461831790111819,
      "q" : "143.6",
      "p" : "0.1398",
      "s" : "sell",
      "i" : "SHDW_USD",
      "m" : "4611686018428351794"
    }, {
      "d" : "1756461825728559867",
      "t" : 1756461825728,
      "tn" : 1756461825728559867,
      "q" : "10.4",
      "p" : "0.1399",
      "s" : "sell",
      "i" : "SHDW_USD",
      "m" : "4611686018428351793"
    }, {
      "d" : "1756461819759263858",
      "t" : 1756461819759,
      "tn" : 1756461819759263858,
      "q" : "10.4",
      "p" : "0.1399",
      "s" : "sell",
      "i" : "SHDW_USD",
      "m" : "4611686018428351792"
    }, {
      "d" : "1756461813817088569",
      "t" : 1756461813817,
      "tn" : 1756461813817088568,
      "q" : "10.4",
      "p" : "0.1400",
      "s" : "sell",
      "i" : "SHDW_USD",
      "m" : "4611686018428351791"
    }, {
      "d" : "1756461813817088568",
      "t" : 1756461813817,
      "tn" : 1756461813817088568,
      "q" : "149.4",
      "p" : "0.1400",
      "s" : "sell",
      "i" : "SHDW_USD",
      "m" : "4611686018428351791"
    }, {
      "d" : "1756461807747095259",
      "t" : 1756461807747,
      "tn" : 1756461807747095258,
      "q" : "10.4",
      "p" : "0.1400",
      "s" : "sell",
      "i" : "SHDW_USD",
      "m" : "4611686018428351790"
    }, {
      "d" : "1756461807747095258",
      "t" : 1756461807747,
      "tn" : 1756461807747095258,
      "q" : "149.6",
      "p" : "0.1400",
      "s" : "sell",
      "i" : "SHDW_USD",
      "m" : "4611686018428351790"
    }, {
      "d" : "1756461802039537719",
      "t" : 1756461802039,
      "tn" : 1756461802039537718,
      "q" : "10.4",
      "p" : "0.1400",
      "s" : "sell",
      "i" : "SHDW_USD",
      "m" : "4611686018428351789"
    }, {
      "d" : "1756461802039537718",
      "t" : 1756461802039,
      "tn" : 1756461802039537718,
      "q" : "143.2",
      "p" : "0.1400",
      "s" : "sell",
      "i" : "SHDW_USD",
      "m" : "4611686018428351789"
    }, {
      "d" : "1756461746685718385",
      "t" : 1756461746685,
      "tn" : 1756461746685718385,
      "q" : "149.5",
      "p" : "0.1407",
      "s" : "buy",
      "i" : "SHDW_USD",
      "m" : "4611686018428351788"
    }, {
      "d" : "1756461745684177587",
      "t" : 1756461745684,
      "tn" : 1756461745684177587,
      "q" : "82.7",
      "p" : "0.1398",
      "s" : "sell",
      "i" : "SHDW_USD",
      "m" : "4611686018428351787"
    }, {
      "d" : "1756461745684175750",
      "t" : 1756461745684,
      "tn" : 1756461745684175750,
      "q" : "203.4",
      "p" : "0.1402",
      "s" : "sell",
      "i" : "SHDW_USD",
      "m" : "4611686018428351786"
    }, {
      "d" : "1756461745653642097",
      "t" : 1756461745653,
      "tn" : 1756461745653642097,
      "q" : "570.6",
      "p" : "0.1402",
      "s" : "sell",
      "i" : "SHDW_USD",
      "m" : "4611686018428351785"
    }, {
      "d" : "1756461743615161000",
      "t" : 1756461743615,
      "tn" : 1756461743615161000,
      "q" : "10.4",
      "p" : "0.1402",
      "s" : "buy",
      "i" : "SHDW_USD",
      "m" : "4611686018428351784"
    }, {
      "d" : "1756461737768462030",
      "t" : 1756461737768,
      "tn" : 1756461737768462030,
      "q" : "10.4",
      "p" : "0.1402",
      "s" : "buy",
      "i" : "SHDW_USD",
      "m" : "4611686018428351783"
    }, {
      "d" : "1756461731702930483",
      "t" : 1756461731702,
      "tn" : 1756461731702930483,
      "q" : "144.9",
      "p" : "0.1406",
      "s" : "buy",
      "i" : "SHDW_USD",
      "m" : "4611686018428351782"
    }, {
      "d" : "1756461725659652805",
      "t" : 1756461725659,
      "tn" : 1756461725659652805,
      "q" : "179.0",
      "p" : "0.1397",
      "s" : "sell",
      "i" : "SHDW_USD",
      "m" : "4611686018428351781"
    }, {
      "d" : "1756461725652245308",
      "t" : 1756461725652,
      "tn" : 1756461725652245308,
      "q" : "10.4",
      "p" : "0.1397",
      "s" : "buy",
      "i" : "SHDW_USD",
      "m" : "4611686018428351780"
    }, {
      "d" : "1756461720640498645",
      "t" : 1756461720640,
      "tn" : 1756461720640498645,
      "q" : "10.4",
      "p" : "0.1396",
      "s" : "buy",
      "i" : "SHDW_USD",
      "m" : "4611686018428351779"
    }, {
      "d" : "1756461714715040835",
      "t" : 1756461714715,
      "tn" : 1756461714715040835,
      "q" : "10.4",
      "p" : "0.1401",
      "s" : "buy",
      "i" : "SHDW_USD",
      "m" : "4611686018428351778"
    }, {
      "d" : "1756461708750927854",
      "t" : 1756461708750,
      "tn" : 1756461708750927854,
      "q" : "10.4",
      "p" : "0.1401",
      "s" : "buy",
      "i" : "SHDW_USD",
      "m" : "4611686018428351777"
    }, {
      "d" : "1756461702829446105",
      "t" : 1756461702829,
      "tn" : 1756461702829446105,
      "q" : "146.6",
      "p" : "0.1403",
      "s" : "buy",
      "i" : "SHDW_USD",
      "m" : "4611686018428351776"
    }, {
      "d" : "1756461696754885101",
      "t" : 1756461696754,
      "tn" : 1756461696754885101,
      "q" : "10.4",
      "p" : "0.1390",
      "s" : "buy",
      "i" : "SHDW_USD",
      "m" : "4611686018428351775"
    }, {
      "d" : "1756461693264459833",
      "t" : 1756461693264,
      "tn" : 1756461693264459833,
      "q" : "144.1",
      "p" : "0.1388",
      "s" : "sell",
      "i" : "SHDW_USD",
      "m" : "4611686018428351774"
    }, {
      "d" : "1756461690924830071",
      "t" : 1756461690924,
      "tn" : 1756461690924830071,
      "q" : "10.4",
      "p" : "0.1381",
      "s" : "buy",
      "i" : "SHDW_USD",
      "m" : "4611686018428351773"
    }, {
      "d" : "1756461687828958783",
      "t" : 1756461687828,
      "tn" : 1756461687828958783,
      "q" : "10.4",
      "p" : "0.1381",
      "s" : "buy",
      "i" : "SHDW_USD",
      "m" : "4611686018428351772"
    }, {
      "d" : "1756461681659811671",
      "t" : 1756461681659,
      "tn" : 1756461681659811671,
      "q" : "10.4",
      "p" : "0.1383",
      "s" : "buy",
      "i" : "SHDW_USD",
      "m" : "4611686018428351771"
    }, {
      "d" : "1756461295050511981",
      "t" : 1756461295050,
      "tn" : 1756461295050511981,
      "q" : "179.2",
      "p" : "0.1395",
      "s" : "sell",
      "i" : "SHDW_USD",
      "m" : "4611686018428351770"
    }, {
      "d" : "1756461294970121460",
      "t" : 1756461294970,
      "tn" : 1756461294970121460,
      "q" : "405.4",
      "p" : "0.1395",
      "s" : "sell",
      "i" : "SHDW_USD",
      "m" : "4611686018428351769"
    }, {
      "d" : "1756461294965857677",
      "t" : 1756461294965,
      "tn" : 1756461294965857677,
      "q" : "147.5",
      "p" : "0.1395",
      "s" : "buy",
      "i" : "SHDW_USD",
      "m" : "4611686018428351768"
    }, {
      "d" : "1756461172877123209",
      "t" : 1756461172877,
      "tn" : 1756461172877123209,
      "q" : "2156.7",
      "p" : "0.1391",
      "s" : "sell",
      "i" : "SHDW_USD",
      "m" : "4611686018428351767"
    }, {
      "d" : "1756461172829092671",
      "t" : 1756461172829,
      "tn" : 1756461172829092671,
      "q" : "635.6",
      "p" : "0.1391",
      "s" : "sell",
      "i" : "SHDW_USD",
      "m" : "4611686018428351766"
    }, {
      "d" : "1756461172821092802",
      "t" : 1756461172821,
      "tn" : 1756461172821092802,
      "q" : "145.3",
      "p" : "0.1391",
      "s" : "buy",
      "i" : "SHDW_USD",
      "m" : "4611686018428351765"
    }, {
      "d" : "1756461166806012613",
      "t" : 1756461166806,
      "tn" : 1756461166806012613,
      "q" : "10.4",
      "p" : "0.1385",
      "s" : "buy",
      "i" : "SHDW_USD",
      "m" : "4611686018428351764"
    }, {
      "d" : "1756461160635726711",
      "t" : 1756461160635,
      "tn" : 1756461160635726711,
      "q" : "10.4",
      "p" : "0.1385",
      "s" : "buy",
      "i" : "SHDW_USD",
      "m" : "4611686018428351763"
    }, {
      "d" : "1756461154840013345",
      "t" : 1756461154840,
      "tn" : 1756461154840013345,
      "q" : "10.4",
      "p" : "0.1385",
      "s" : "buy",
      "i" : "SHDW_USD",
      "m" : "4611686018428351762"
    }, {
      "d" : "1756461148759082383",
      "t" : 1756461148759,
      "tn" : 1756461148759082383,
      "q" : "143.0",
      "p" : "0.1389",
      "s" : "buy",
      "i" : "SHDW_USD",
      "m" : "4611686018428351761"
    }, {
      "d" : "1756461142651619444",
      "t" : 1756461142651,
      "tn" : 1756461142651619444,
      "q" : "149.1",
      "p" : "0.1388",
      "s" : "buy",
      "i" : "SHDW_USD",
      "m" : "4611686018428351760"
    }, {
      "d" : "1756461142651616552",
      "t" : 1756461142651,
      "tn" : 1756461142651616552,
      "q" : "10.4",
      "p" : "0.1384",
      "s" : "buy",
      "i" : "SHDW_USD",
      "m" : "4611686018428351759"
    }, {
      "d" : "1756461136710335393",
      "t" : 1756461136710,
      "tn" : 1756461136710335393,
      "q" : "145.8",
      "p" : "0.1387",
      "s" : "buy",
      "i" : "SHDW_USD",
      "m" : "4611686018428351758"
    }, {
      "d" : "1756461130815166933",
      "t" : 1756461130815,
      "tn" : 1756461130815166933,
      "q" : "10.4",
      "p" : "0.1383",
      "s" : "buy",
      "i" : "SHDW_USD",
      "m" : "4611686018428351757"
    }, {
      "d" : "1756461124843402209",
      "t" : 1756461124843,
      "tn" : 1756461124843402209,
      "q" : "149.5",
      "p" : "0.1386",
      "s" : "buy",
      "i" : "SHDW_USD",
      "m" : "4611686018428351756"
    }, {
      "d" : "1756461118650464886",
      "t" : 1756461118650,
      "tn" : 1756461118650464886,
      "q" : "10.4",
      "p" : "0.1383",
      "s" : "buy",
      "i" : "SHDW_USD",
      "m" : "4611686018428351755"
    }, {
      "d" : "1756461112712677718",
      "t" : 1756461112712,
      "tn" : 1756461112712677718,
      "q" : "10.4",
      "p" : "0.1383",
      "s" : "buy",
      "i" : "SHDW_USD",
      "m" : "4611686018428351754"
    }, {
      "d" : "1756461106708603298",
      "t" : 1756461106708,
      "tn" : 1756461106708603298,
      "q" : "10.4",
      "p" : "0.1381",
      "s" : "buy",
      "i" : "SHDW_USD",
      "m" : "4611686018428351753"
    }, {
      "d" : "1756461100673350673",
      "t" : 1756461100673,
      "tn" : 1756461100673350673,
      "q" : "147.7",
      "p" : "0.1386",
      "s" : "buy",
      "i" : "SHDW_USD",
      "m" : "4611686018428351752"
    }, {
      "d" : "1756461094657602304",
      "t" : 1756461094657,
      "tn" : 1756461094657602304,
      "q" : "10.4",
      "p" : "0.1380",
      "s" : "buy",
      "i" : "SHDW_USD",
      "m" : "4611686018428351751"
    }, {
      "d" : "1756461088679925117",
      "t" : 1756461088679,
      "tn" : 1756461088679925117,
      "q" : "148.3",
      "p" : "0.1385",
      "s" : "buy",
      "i" : "SHDW_USD",
      "m" : "4611686018428351750"
    }, {
      "d" : "1756461085341003999",
      "t" : 1756461085341,
      "tn" : 1756461085341003999,
      "q" : "1274.6",
      "p" : "0.1384",
      "s" : "sell",
      "i" : "SHDW_USD",
      "m" : "4611686018428351749"
    }, {
      "d" : "1756461082639935914",
      "t" : 1756461082639,
      "tn" : 1756461082639935914,
      "q" : "146.3",
      "p" : "0.1384",
      "s" : "buy",
      "i" : "SHDW_USD",
      "m" : "4611686018428351748"
    }, {
      "d" : "1756461076695043198",
      "t" : 1756461076695,
      "tn" : 1756461076695043198,
      "q" : "110.0",
      "p" : "0.1383",
      "s" : "sell",
      "i" : "SHDW_USD",
      "m" : "4611686018428351747"
    }, {
      "d" : "1756461076672327843",
      "t" : 1756461076672,
      "tn" : 1756461076672327843,
      "q" : "147.1",
      "p" : "0.1383",
      "s" : "buy",
      "i" : "SHDW_USD",
      "m" : "4611686018428351746"
    }, {
      "d" : "1756461070611673740",
      "t" : 1756461070611,
      "tn" : 1756461070611673740,
      "q" : "10.4",
      "p" : "0.1378",
      "s" : "buy",
      "i" : "SHDW_USD",
      "m" : "4611686018428351745"
    }, {
      "d" : "1756461065218437181",
      "t" : 1756461065218,
      "tn" : 1756461065218437181,
      "q" : "351.4",
      "p" : "0.1382",
      "s" : "sell",
      "i" : "SHDW_USD",
      "m" : "4611686018428351744"
    }, {
      "d" : "1756461064601053336",
      "t" : 1756461064601,
      "tn" : 1756461064601053336,
      "q" : "144.9",
      "p" : "0.1382",
      "s" : "buy",
      "i" : "SHDW_USD",
      "m" : "4611686018428351743"
    }, {
      "d" : "1756461058614321968",
      "t" : 1756461058614,
      "tn" : 1756461058614321968,
      "q" : "149.0",
      "p" : "0.1381",
      "s" : "buy",
      "i" : "SHDW_USD",
      "m" : "4611686018428351742"
    }, {
      "d" : "1756461054152111839",
      "t" : 1756461054152,
      "tn" : 1756461054152111839,
      "q" : "289.9",
      "p" : "0.1380",
      "s" : "sell",
      "i" : "SHDW_USD",
      "m" : "4611686018428351741"
    }, {
      "d" : "1756461053450422370",
      "t" : 1756461053450,
      "tn" : 1756461053450422370,
      "q" : "181.2",
      "p" : "0.1380",
      "s" : "sell",
      "i" : "SHDW_USD",
      "m" : "4611686018428351740"
    }, {
      "d" : "1756461052831959492",
      "t" : 1756461052831,
      "tn" : 1756461052831959492,
      "q" : "148.0",
      "p" : "0.1380",
      "s" : "buy",
      "i" : "SHDW_USD",
      "m" : "4611686018428351739"
    }, {
      "d" : "1756461046907045794",
      "t" : 1756461046907,
      "tn" : 1756461046907045794,
      "q" : "600.0",
      "p" : "0.1375",
      "s" : "sell",
      "i" : "SHDW_USD",
      "m" : "4611686018428351738"
    }, {
      "d" : "1756461046743556979",
      "t" : 1756461046743,
      "tn" : 1756461046743556979,
      "q" : "10.4",
      "p" : "0.1375",
      "s" : "buy",
      "i" : "SHDW_USD",
      "m" : "4611686018428351737"
    }, {
      "d" : "1756461040629244654",
      "t" : 1756461040629,
      "tn" : 1756461040629244654,
      "q" : "146.2",
      "p" : "0.1379",
      "s" : "buy",
      "i" : "SHDW_USD",
      "m" : "4611686018428351736"
    }, {
      "d" : "1756461034594697626",
      "t" : 1756461034594,
      "tn" : 1756461034594697626,
      "q" : "146.3",
      "p" : "0.1382",
      "s" : "buy",
      "i" : "SHDW_USD",
      "m" : "4611686018428351735"
    }, {
      "d" : "1756461028845631173",
      "t" : 1756461028845,
      "tn" : 1756461028845631173,
      "q" : "146.1",
      "p" : "0.1381",
      "s" : "buy",
      "i" : "SHDW_USD",
      "m" : "4611686018428351734"
    }, {
      "d" : "1756461020740741587",
      "t" : 1756461020740,
      "tn" : 1756461020740741587,
      "q" : "10.4",
      "p" : "0.1375",
      "s" : "buy",
      "i" : "SHDW_USD",
      "m" : "4611686018428351733"
    }, {
      "d" : "1756461014777302442",
      "t" : 1756461014777,
      "tn" : 1756461014777302442,
      "q" : "147.7",
      "p" : "0.1380",
      "s" : "buy",
      "i" : "SHDW_USD",
      "m" : "4611686018428351732"
    }, {
      "d" : "1756461008785738909",
      "t" : 1756461008785,
      "tn" : 1756461008785738909,
      "q" : "149.0",
      "p" : "0.1381",
      "s" : "buy",
      "i" : "SHDW_USD",
      "m" : "4611686018428351731"
    }, {
      "d" : "1756461002762137302",
      "t" : 1756461002762,
      "tn" : 1756461002762137302,
      "q" : "149.4",
      "p" : "0.1380",
      "s" : "buy",
      "i" : "SHDW_USD",
      "m" : "4611686018428351730"
    }, {
      "d" : "1756460996763237517",
      "t" : 1756460996763,
      "tn" : 1756460996763237517,
      "q" : "10.4",
      "p" : "0.1376",
      "s" : "buy",
      "i" : "SHDW_USD",
      "m" : "4611686018428351729"
    }, {
      "d" : "1756460990664906942",
      "t" : 1756460990664,
      "tn" : 1756460990664906942,
      "q" : "10.4",
      "p" : "0.1376",
      "s" : "buy",
      "i" : "SHDW_USD",
      "m" : "4611686018428351728"
    }, {
      "d" : "1756460984641482418",
      "t" : 1756460984641,
      "tn" : 1756460984641482418,
      "q" : "10.4",
      "p" : "0.1374",
      "s" : "buy",
      "i" : "SHDW_USD",
      "m" : "4611686018428351727"
    }, {
      "d" : "1756460978687236769",
      "t" : 1756460978687,
      "tn" : 1756460978687236769,
      "q" : "144.9",
      "p" : "0.1377",
      "s" : "buy",
      "i" : "SHDW_USD",
      "m" : "4611686018428351726"
    }, {
      "d" : "1756460972723754290",
      "t" : 1756460972723,
      "tn" : 1756460972723754290,
      "q" : "10.4",
      "p" : "0.1374",
      "s" : "buy",
      "i" : "SHDW_USD",
      "m" : "4611686018428351725"
    }, {
      "d" : "1756460966741475987",
      "t" : 1756460966741,
      "tn" : 1756460966741475987,
      "q" : "10.4",
      "p" : "0.1373",
      "s" : "buy",
      "i" : "SHDW_USD",
      "m" : "4611686018428351724"
    }, {
      "d" : "1756460960716988910",
      "t" : 1756460960716,
      "tn" : 1756460960716988910,
      "q" : "10.4",
      "p" : "0.1373",
      "s" : "buy",
      "i" : "SHDW_USD",
      "m" : "4611686018428351723"
    }, {
      "d" : "1756460957096251986",
      "t" : 1756460957096,
      "tn" : 1756460957096251986,
      "q" : "140.0",
      "p" : "0.1377",
      "s" : "sell",
      "i" : "SHDW_USD",
      "m" : "4611686018428351722"
    }, {
      "d" : "1756460954765993706",
      "t" : 1756460954765,
      "tn" : 1756460954765993706,
      "q" : "148.4",
      "p" : "0.1377",
      "s" : "buy",
      "i" : "SHDW_USD",
      "m" : "4611686018428351721"
    }, {
      "d" : "1756460948775892174",
      "t" : 1756460948775,
      "tn" : 1756460948775892174,
      "q" : "10.4",
      "p" : "0.1374",
      "s" : "buy",
      "i" : "SHDW_USD",
      "m" : "4611686018428351720"
    }, {
      "d" : "1756460942662707878",
      "t" : 1756460942662,
      "tn" : 1756460942662707878,
      "q" : "10.4",
      "p" : "0.1379",
      "s" : "buy",
      "i" : "SHDW_USD",
      "m" : "4611686018428351719"
    }, {
      "d" : "1756460936782340412",
      "t" : 1756460936782,
      "tn" : 1756460936782340412,
      "q" : "10.4",
      "p" : "0.1379",
      "s" : "buy",
      "i" : "SHDW_USD",
      "m" : "4611686018428351718"
    }, {
      "d" : "1756460930657691787",
      "t" : 1756460930657,
      "tn" : 1756460930657691787,
      "q" : "10.4",
      "p" : "0.1379",
      "s" : "buy",
      "i" : "SHDW_USD",
      "m" : "4611686018428351717"
    }, {
      "d" : "1756460924771942138",
      "t" : 1756460924771,
      "tn" : 1756460924771942138,
      "q" : "148.4",
      "p" : "0.1384",
      "s" : "buy",
      "i" : "SHDW_USD",
      "m" : "4611686018428351716"
    }, {
      "d" : "1756460918741047501",
      "t" : 1756460918741,
      "tn" : 1756460918741047501,
      "q" : "10.4",
      "p" : "0.1379",
      "s" : "buy",
      "i" : "SHDW_USD",
      "m" : "4611686018428351715"
    }, {
      "d" : "1756460912654693701",
      "t" : 1756460912654,
      "tn" : 1756460912654693701,
      "q" : "10.4",
      "p" : "0.1379",
      "s" : "buy",
      "i" : "SHDW_USD",
      "m" : "4611686018428351714"
    }, {
      "d" : "1756460906780782395",
      "t" : 1756460906780,
      "tn" : 1756460906780782395,
      "q" : "10.4",
      "p" : "0.1379",
      "s" : "buy",
      "i" : "SHDW_USD",
      "m" : "4611686018428351713"
    }, {
      "d" : "1756460900727314322",
      "t" : 1756460900727,
      "tn" : 1756460900727314322,
      "q" : "10.4",
      "p" : "0.1379",
      "s" : "buy",
      "i" : "SHDW_USD",
      "m" : "4611686018428351712"
    }, {
      "d" : "1756460894674406918",
      "t" : 1756460894674,
      "tn" : 1756460894674406918,
      "q" : "146.3",
      "p" : "0.1383",
      "s" : "buy",
      "i" : "SHDW_USD",
      "m" : "4611686018428351711"
    }, {
      "d" : "1756460894674404533",
      "t" : 1756460894674,
      "tn" : 1756460894674404533,
      "q" : "10.4",
      "p" : "0.1379",
      "s" : "buy",
      "i" : "SHDW_USD",
      "m" : "4611686018428351710"
    }, {
      "d" : "1756460888957646850",
      "t" : 1756460888957,
      "tn" : 1756460888957646850,
      "q" : "10.4",
      "p" : "0.1383",
      "s" : "buy",
      "i" : "SHDW_USD",
      "m" : "4611686018428351709"
    }, {
      "d" : "1756460885730313014",
      "t" : 1756460885730,
      "tn" : 1756460885730313014,
      "q" : "119.0",
      "p" : "0.1385",
      "s" : "sell",
      "i" : "SHDW_USD",
      "m" : "4611686018428351708"
    }, {
      "d" : "1756460885709494249",
      "t" : 1756460885709,
      "tn" : 1756460885709494249,
      "q" : "132.0",
      "p" : "0.1385",
      "s" : "sell",
      "i" : "SHDW_USD",
      "m" : "4611686018428351707"
    }, {
      "d" : "1756460885696946882",
      "t" : 1756460885696,
      "tn" : 1756460885696946882,
      "q" : "220.0",
      "p" : "0.1385",
      "s" : "sell",
      "i" : "SHDW_USD",
      "m" : "4611686018428351706"
    }, {
      "d" : "1756460885668009112",
      "t" : 1756460885668,
      "tn" : 1756460885668009112,
      "q" : "368.0",
      "p" : "0.1385",
      "s" : "sell",
      "i" : "SHDW_USD",
      "m" : "4611686018428351705"
    }, {
      "d" : "1756460885654978500",
      "t" : 1756460885654,
      "tn" : 1756460885654978500,
      "q" : "142.8",
      "p" : "0.1385",
      "s" : "buy",
      "i" : "SHDW_USD",
      "m" : "4611686018428351704"
    }, {
      "d" : "1756460811818481810",
      "t" : 1756460811818,
      "tn" : 1756460811818481810,
      "q" : "144.5",
      "p" : "0.1384",
      "s" : "sell",
      "i" : "SHDW_USD",
      "m" : "4611686018428351703"
    }, {
      "d" : "1756460743546113521",
      "t" : 1756460743546,
      "tn" : 1756460743546113521,
      "q" : "59.5",
      "p" : "0.1383",
      "s" : "sell",
      "i" : "SHDW_USD",
      "m" : "4611686018428351702"
    }, {
      "d" : "1756460743546111438",
      "t" : 1756460743546,
      "tn" : 1756460743546111438,
      "q" : "10.4",
      "p" : "0.1385",
      "s" : "sell",
      "i" : "SHDW_USD",
      "m" : "4611686018428351701"
    }, {
      "d" : "1756460737067783799",
      "t" : 1756460737067,
      "tn" : 1756460737067783799,
      "q" : "10.4",
      "p" : "0.1385",
      "s" : "sell",
      "i" : "SHDW_USD",
      "m" : "4611686018428351700"
    }, {
      "d" : "1756460722997954896",
      "t" : 1756460722997,
      "tn" : 1756460722997954896,
      "q" : "145.5",
      "p" : "0.1384",
      "s" : "sell",
      "i" : "SHDW_USD",
      "m" : "4611686018428351699"
    }, {
      "d" : "1756460722997951983",
      "t" : 1756460722997,
      "tn" : 1756460722997951983,
      "q" : "10.4",
      "p" : "0.1385",
      "s" : "sell",
      "i" : "SHDW_USD",
      "m" : "4611686018428351698"
    }, {
      "d" : "1756460716897014346",
      "t" : 1756460716897,
      "tn" : 1756460716897014346,
      "q" : "10.4",
      "p" : "0.1385",
      "s" : "sell",
      "i" : "SHDW_USD",
      "m" : "4611686018428351697"
    }, {
      "d" : "1756460710973147380",
      "t" : 1756460710973,
      "tn" : 1756460710973147380,
      "q" : "10.4",
      "p" : "0.1385",
      "s" : "sell",
      "i" : "SHDW_USD",
      "m" : "4611686018428351696"
    }, {
      "d" : "1756460697422213662",
      "t" : 1756460697422,
      "tn" : 1756460697422213662,
      "q" : "10.4",
      "p" : "0.1385",
      "s" : "sell",
      "i" : "SHDW_USD",
      "m" : "4611686018428351695"
    }, {
      "d" : "1756460694460250766",
      "t" : 1756460694460,
      "tn" : 1756460694460250766,
      "q" : "159.0",
      "p" : "0.1385",
      "s" : "buy",
      "i" : "SHDW_USD",
      "m" : "4611686018428351694"
    }, {
      "d" : "1756460691399301727",
      "t" : 1756460691399,
      "tn" : 1756460691399301727,
      "q" : "10.4",
      "p" : "0.1385",
      "s" : "sell",
      "i" : "SHDW_USD",
      "m" : "4611686018428351693"
    }, {
      "d" : "1756460690713886107",
      "t" : 1756460690713,
      "tn" : 1756460690713886107,
      "q" : "10.4",
      "p" : "0.1386",
      "s" : "buy",
      "i" : "SHDW_USD",
      "m" : "4611686018428351692"
    }, {
      "d" : "1756460684951332295",
      "t" : 1756460684951,
      "tn" : 1756460684951332295,
      "q" : "179.7",
      "p" : "0.1391",
      "s" : "sell",
      "i" : "SHDW_USD",
      "m" : "4611686018428351691"
    }, {
      "d" : "1756460684940629359",
      "t" : 1756460684940,
      "tn" : 1756460684940629359,
      "q" : "144.5",
      "p" : "0.1391",
      "s" : "buy",
      "i" : "SHDW_USD",
      "m" : "4611686018428351690"
    }, {
      "d" : "1756460681661297175",
      "t" : 1756460681661,
      "tn" : 1756460681661297175,
      "q" : "10.4",
      "p" : "0.1386",
      "s" : "buy",
      "i" : "SHDW_USD",
      "m" : "4611686018428351689"
    }, {
      "d" : "1756460658481962540",
      "t" : 1756460658481,
      "tn" : 1756460658481962540,
      "q" : "146.2",
      "p" : "0.1381",
      "s" : "sell",
      "i" : "SHDW_USD",
      "m" : "4611686018428351688"
    }, {
      "d" : "1756460658481958516",
      "t" : 1756460658481,
      "tn" : 1756460658481958516,
      "q" : "10.4",
      "p" : "0.1384",
      "s" : "sell",
      "i" : "SHDW_USD",
      "m" : "4611686018428351687"
    }, {
      "d" : "1756460645132061951",
      "t" : 1756460645132,
      "tn" : 1756460645132061951,
      "q" : "140.6",
      "p" : "0.1381",
      "s" : "sell",
      "i" : "SHDW_USD",
      "m" : "4611686018428351686"
    }, {
      "d" : "1756460645123217785",
      "t" : 1756460645123,
      "tn" : 1756460645123217785,
      "q" : "6.2",
      "p" : "0.1381",
      "s" : "sell",
      "i" : "SHDW_USD",
      "m" : "4611686018428351685"
    }, {
      "d" : "1756460645123215464",
      "t" : 1756460645123,
      "tn" : 1756460645123215464,
      "q" : "10.4",
      "p" : "0.1384",
      "s" : "sell",
      "i" : "SHDW_USD",
      "m" : "4611686018428351684"
    }, {
      "d" : "1756460638039565013",
      "t" : 1756460638039,
      "tn" : 1756460638039565013,
      "q" : "10.4",
      "p" : "0.1384",
      "s" : "sell",
      "i" : "SHDW_USD",
      "m" : "4611686018428351683"
    }, {
      "d" : "1756460623350637404",
      "t" : 1756460623350,
      "tn" : 1756460623350637404,
      "q" : "145.1",
      "p" : "0.1378",
      "s" : "buy",
      "i" : "SHDW_USD",
      "m" : "4611686018428351682"
    }, {
      "d" : "1756460623162988442",
      "t" : 1756460623162,
      "tn" : 1756460623162988442,
      "q" : "149.0",
      "p" : "0.1378",
      "s" : "buy",
      "i" : "SHDW_USD",
      "m" : "4611686018428351681"
    } ]
  }
}