{
  "id" : -1,
  "method" : "public/get-trades",
  "code" : 0,
  "result" : {
    "data" : [ {
      "d" : "1756462403656777422",
      "t" : 1756462403656,
      "tn" : 1756462403656777422,
      "q" : "20000000",
      "p" : "0.000012244",
      "s" : "sell",
      "i" : "SHIB_USDT",
      "m" : "4611686018437955854"
    }, {
      "d" : "1756462364823451566",
      "t" : 1756462364823,
      "tn" : 1756462364823451566,
      "q" : "9710000",
      "p" : "0.000012251",
      "s" : "sell",
      "i" : "SHIB_USDT",
      "m" : "4611686018437955853"
    }, {
      "d" : "1756462364823449548",
      "t" : 1756462364823,
      "tn" : 1756462364823449548,
      "q" : "100000",
      "p" : "0.000012254",
      "s" : "sell",
      "i" : "SHIB_USDT",
      "m" : "4611686018437955852"
    }, {
      "d" : "1756462306722700044",
      "t" : 1756462306722,
      "tn" : 1756462306722700043,
      "q" : "161410000",
      "p" : "0.000012240",
      "s" : "buy",
      "i" : "SHIB_USDT",
      "m" : "4611686018437955851"
    }, {
      "d" : "1756462306722700043",
      "t" : 1756462306722,
      "tn" : 1756462306722700043,
      "q" : "32170000",
      "p" : "0.000012240",
      "s" : "buy",
      "i" : "SHIB_USDT",
      "m" : "4611686018437955851"
    }, {
      "d" : "1756462145039480752",
      "t" : 1756462145039,
      "tn" : 1756462145039480752,
      "q" : "182480000",
      "p" : "0.000012240",
      "s" : "sell",
      "i" : "SHIB_USDT",
      "m" : "4611686018437955850"
    }, {
      "d" : "1756462145039479451",
      "t" : 1756462145039,
      "tn" : 1756462145039479451,
      "q" : "100000",
      "p" : "0.000012244",
      "s" : "sell",
      "i" : "SHIB_USDT",
      "m" : "4611686018437955849"
    }, {
      "d" : "1756461979739833956",
      "t" : 1756461979739,
      "tn" : 1756461979739833956,
      "q" : "100000",
      "p" : "0.000012224",
      "s" : "sell",
      "i" : "SHIB_USDT",
      "m" : "4611686018437955848"
    }, {
      "d" : "1756461979719110748",
      "t" : 1756461979719,
      "tn" : 1756461979719110748,
      "q" : "100000",
      "p" : "0.000012224",
      "s" : "sell",
      "i" : "SHIB_USDT",
      "m" : "4611686018437955847"
    }, {
      "d" : "1756461818270717030",
      "t" : 1756461818270,
      "tn" : 1756461818270717030,
      "q" : "19880000",
      "p" : "0.000012206",
      "s" : "sell",
      "i" : "SHIB_USDT",
      "m" : "4611686018437955846"
    }, {
      "d" : "1756461818270715186",
      "t" : 1756461818270,
      "tn" : 1756461818270715186,
      "q" : "100000",
      "p" : "0.000012214",
      "s" : "sell",
      "i" : "SHIB_USDT",
      "m" : "4611686018437955845"
    }, {
      "d" : "1756461532741017158",
      "t" : 1756461532741,
      "tn" : 1756461532741017158,
      "q" : "100000",
      "p" : "0.000012204",
      "s" : "sell",
      "i" : "SHIB_USDT",
      "m" : "4611686018437955844"
    }, {
      "d" : "1756461499095087066",
      "t" : 1756461499095,
      "tn" : 1756461499095087066,
      "q" : "20000000",
      "p" : "0.000012205",
      "s" : "buy",
      "i" : "SHIB_USDT",
      "m" : "4611686018437955843"
    }, {
      "d" : "1756461489086536390",
      "t" : 1756461489086,
      "tn" : 1756461489086536390,
      "q" : "18720000",
      "p" : "0.000012205",
      "s" : "buy",
      "i" : "SHIB_USDT",
      "m" : "4611686018437955842"
    }, {
      "d" : "1756460732795503542",
      "t" : 1756460732795,
      "tn" : 1756460732795503542,
      "q" : "18800000",
      "p" : "0.000012186",
      "s" : "buy",
      "i" : "SHIB_USDT",
      "m" : "4611686018437955841"
    }, {
      "d" : "1756460732636463092",
      "t" : 1756460732636,
      "tn" : 1756460732636463092,
      "q" : "100000",
      "p" : "0.000012184",
      "s" : "sell",
      "i" : "SHIB_USDT",
      "m" : "4611686018437955840"
    }, {
      "d" : "1756460732612439775",
      "t" : 1756460732612,
      "tn" : 1756460732612439775,
      "q" : "100000",
      "p" : "0.000012182",
      "s" : "sell",
      "i" : "SHIB_USDT",
      "m" : "4611686018437955839"
    }, {
      "d" : "1756460549157278452",
      "t" : 1756460549157,
      "tn" : 1756460549157278452,
      "q" : "18700000",
      "p" : "0.000012168",
      "s" : "sell",
      "i" : "SHIB_USDT",
      "m" : "4611686018437955838"
    }, {
      "d" : "1756460549157277205",
      "t" : 1756460549157,
      "tn" : 1756460549157277205,
      "q" : "1190000",
      "p" : "0.000012169",
      "s" : "sell",
      "i" : "SHIB_USDT",
      "m" : "4611686018437955837"
    }, {
      "d" : "1756460549157274808",
      "t" : 1756460549157,
      "tn" : 1756460549157274808,
      "q" : "100000",
      "p" : "0.000012171",
      "s" : "sell",
      "i" : "SHIB_USDT",
      "m" : "4611686018437955836"
    }, {
      "d" : "1756460547568423772",
      "t" : 1756460547568,
      "tn" : 1756460547568423772,
      "q" : "50000000",
      "p" : "0.000012173",
      "s" : "buy",
      "i" : "SHIB_USDT",
      "m" : "4611686018437955835"
    }, {
      "d" : "1756460547568418217",
      "t" : 1756460547568,
      "tn" : 1756460547568418217,
      "q" : "5370000",
      "p" : "0.000012173",
      "s" : "buy",
      "i" : "SHIB_USDT",
      "m" : "4611686018437955834"
    }, {
      "d" : "1756460547568415805",
      "t" : 1756460547568,
      "tn" : 1756460547568415805,
      "q" : "54640000",
      "p" : "0.000012172",
      "s" : "buy",
      "i" : "SHIB_USDT",
      "m" : "4611686018437955833"
    }, {
      "d" : "1756460547568402880",
      "t" : 1756460547568,
      "tn" : 1756460547568402880,
      "q" : "20010000",
      "p" : "0.000012172",
      "s" : "buy",
      "i" : "SHIB_USDT",
      "m" : "4611686018437955832"
    }, {
      "d" : "1756460541874545659",
      "t" : 1756460541874,
      "tn" : 1756460541874545659,
      "q" : "18150000",
      "p" : "0.000012172",
      "s" : "buy",
      "i" : "SHIB_USDT",
      "m" : "4611686018437955831"
    }, {
      "d" : "1756460525513287061",
      "t" : 1756460525513,
      "tn" : 1756460525513287061,
      "q" : "6590000",
      "p" : "0.000012173",
      "s" : "buy",
      "i" : "SHIB_USDT",
      "m" : "4611686018437955830"
    }, {
      "d" : "1756460522688105380",
      "t" : 1756460522688,
      "tn" : 1756460522688105380,
      "q" : "19990000",
      "p" : "0.000012173",
      "s" : "buy",
      "i" : "SHIB_USDT",
      "m" : "4611686018437955829"
    }, {
      "d" : "1756460358034562118",
      "t" : 1756460358034,
      "tn" : 1756460358034562118,
      "q" : "18700000",
      "p" : "0.000012158",
      "s" : "sell",
      "i" : "SHIB_USDT",
      "m" : "4611686018437955828"
    }, {
      "d" : "1756460358034560376",
      "t" : 1756460358034,
      "tn" : 1756460358034560376,
      "q" : "1190000",
      "p" : "0.000012159",
      "s" : "sell",
      "i" : "SHIB_USDT",
      "m" : "4611686018437955827"
    }, {
      "d" : "1756460358034557850",
      "t" : 1756460358034,
      "tn" : 1756460358034557850,
      "q" : "100000",
      "p" : "0.000012164",
      "s" : "sell",
      "i" : "SHIB_USDT",
      "m" : "4611686018437955826"
    }, {
      "d" : "1756460340335089579",
      "t" : 1756460340335,
      "tn" : 1756460340335089579,
      "q" : "7160000",
      "p" : "0.000012169",
      "s" : "buy",
      "i" : "SHIB_USDT",
      "m" : "4611686018437955825"
    }, {
      "d" : "1756460340335087526",
      "t" : 1756460340335,
      "tn" : 1756460340335087526,
      "q" : "41100000",
      "p" : "0.000012168",
      "s" : "buy",
      "i" : "SHIB_USDT",
      "m" : "4611686018437955824"
    }, {
      "d" : "1756460282501683434",
      "t" : 1756460282501,
      "tn" : 1756460282501683434,
      "q" : "22890000",
      "p" : "0.000012179",
      "s" : "buy",
      "i" : "SHIB_USDT",
      "m" : "4611686018437955823"
    }, {
      "d" : "1756460282501681879",
      "t" : 1756460282501,
      "tn" : 1756460282501681879,
      "q" : "37100000",
      "p" : "0.000012172",
      "s" : "buy",
      "i" : "SHIB_USDT",
      "m" : "4611686018437955822"
    }, {
      "d" : "1756460256909676763",
      "t" : 1756460256909,
      "tn" : 1756460256909676763,
      "q" : "10330000",
      "p" : "0.000012173",
      "s" : "buy",
      "i" : "SHIB_USDT",
      "m" : "4611686018437955821"
    }, {
      "d" : "1756460256909673345",
      "t" : 1756460256909,
      "tn" : 1756460256909673345,
      "q" : "11680000",
      "p" : "0.000012171",
      "s" : "buy",
      "i" : "SHIB_USDT",
      "m" : "4611686018437955820"
    }, {
      "d" : "1756460256909656767",
      "t" : 1756460256909,
      "tn" : 1756460256909656767,
      "q" : "19990000",
      "p" : "0.000012171",
      "s" : "buy",
      "i" : "SHIB_USDT",
      "m" : "4611686018437955819"
    }, {
      "d" : "1756460175257919074",
      "t" : 1756460175257,
      "tn" : 1756460175257919074,
      "q" : "18690000",
      "p" : "0.000012148",
      "s" : "sell",
      "i" : "SHIB_USDT",
      "m" : "4611686018437955818"
    }, {
      "d" : "1756460175257917422",
      "t" : 1756460175257,
      "tn" : 1756460175257917422,
      "q" : "1190000",
      "p" : "0.000012149",
      "s" : "sell",
      "i" : "SHIB_USDT",
      "m" : "4611686018437955817"
    }, {
      "d" : "1756460175257915233",
      "t" : 1756460175257,
      "tn" : 1756460175257915233,
      "q" : "100000",
      "p" : "0.000012154",
      "s" : "sell",
      "i" : "SHIB_USDT",
      "m" : "4611686018437955816"
    }, {
      "d" : "1756460067828015885",
      "t" : 1756460067828,
      "tn" : 1756460067828015885,
      "q" : "19990000",
      "p" : "0.000012156",
      "s" : "buy",
      "i" : "SHIB_USDT",
      "m" : "4611686018437955815"
    }, {
      "d" : "1756460067828012885",
      "t" : 1756460067828,
      "tn" : 1756460067828012885,
      "q" : "8000000",
      "p" : "0.000012156",
      "s" : "buy",
      "i" : "SHIB_USDT",
      "m" : "4611686018437955814"
    }, {
      "d" : "1756460067827259491",
      "t" : 1756460067827,
      "tn" : 1756460067827259491,
      "q" : "41990000",
      "p" : "0.000012156",
      "s" : "buy",
      "i" : "SHIB_USDT",
      "m" : "4611686018437955813"
    }, {
      "d" : "1756459906660806425",
      "t" : 1756459906660,
      "tn" : 1756459906660806425,
      "q" : "60000000",
      "p" : "0.000012163",
      "s" : "sell",
      "i" : "SHIB_USDT",
      "m" : "4611686018437955812"
    }, {
      "d" : "1756459906660802347",
      "t" : 1756459906660,
      "tn" : 1756459906660802347,
      "q" : "50000000",
      "p" : "0.000012163",
      "s" : "sell",
      "i" : "SHIB_USDT",
      "m" : "4611686018437955811"
    }, {
      "d" : "1756459906660794115",
      "t" : 1756459906660,
      "tn" : 1756459906660794115,
      "q" : "18710000",
      "p" : "0.000012163",
      "s" : "sell",
      "i" : "SHIB_USDT",
      "m" : "4611686018437955810"
    }, {
      "d" : "1756459906660792007",
      "t" : 1756459906660,
      "tn" : 1756459906660792006,
      "q" : "100000",
      "p" : "0.000012164",
      "s" : "sell",
      "i" : "SHIB_USDT",
      "m" : "4611686018437955809"
    }, {
      "d" : "1756459906660792006",
      "t" : 1756459906660,
      "tn" : 1756459906660792006,
      "q" : "1190000",
      "p" : "0.000012164",
      "s" : "sell",
      "i" : "SHIB_USDT",
      "m" : "4611686018437955809"
    }, {
      "d" : "1756459877131496317",
      "t" : 1756459877131,
      "tn" : 1756459877131496317,
      "q" : "25960000",
      "p" : "0.000012168",
      "s" : "sell",
      "i" : "SHIB_USDT",
      "m" : "4611686018437955808"
    }, {
      "d" : "1756459877131326495",
      "t" : 1756459877131,
      "tn" : 1756459877131326495,
      "q" : "16020000",
      "p" : "0.000012168",
      "s" : "sell",
      "i" : "SHIB_USDT",
      "m" : "4611686018437955807"
    }, {
      "d" : "1756459877131116266",
      "t" : 1756459877131,
      "tn" : 1756459877131116266,
      "q" : "42000000",
      "p" : "0.000012168",
      "s" : "sell",
      "i" : "SHIB_USDT",
      "m" : "4611686018437955806"
    }, {
      "d" : "1756459877130941024",
      "t" : 1756459877130,
      "tn" : 1756459877130941024,
      "q" : "1960000",
      "p" : "0.000012168",
      "s" : "sell",
      "i" : "SHIB_USDT",
      "m" : "4611686018437955805"
    }, {
      "d" : "1756459877130834375",
      "t" : 1756459877130,
      "tn" : 1756459877130834375,
      "q" : "18700000",
      "p" : "0.000012168",
      "s" : "sell",
      "i" : "SHIB_USDT",
      "m" : "4611686018437955804"
    }, {
      "d" : "1756459877130832871",
      "t" : 1756459877130,
      "tn" : 1756459877130832871,
      "q" : "1190000",
      "p" : "0.000012169",
      "s" : "sell",
      "i" : "SHIB_USDT",
      "m" : "4611686018437955803"
    }, {
      "d" : "1756459877130829920",
      "t" : 1756459877130,
      "tn" : 1756459877130829920,
      "q" : "100000",
      "p" : "0.000012174",
      "s" : "sell",
      "i" : "SHIB_USDT",
      "m" : "4611686018437955802"
    }, {
      "d" : "1756459855227857176",
      "t" : 1756459855227,
      "tn" : 1756459855227857176,
      "q" : "100000",
      "p" : "0.000012184",
      "s" : "sell",
      "i" : "SHIB_USDT",
      "m" : "4611686018437955801"
    }, {
      "d" : "1756459745569860839",
      "t" : 1756459745569,
      "tn" : 1756459745569860839,
      "q" : "93120000",
      "p" : "0.000012176",
      "s" : "buy",
      "i" : "SHIB_USDT",
      "m" : "4611686018437955800"
    }, {
      "d" : "1756459582211303971",
      "t" : 1756459582211,
      "tn" : 1756459582211303971,
      "q" : "93020000",
      "p" : "0.000012182",
      "s" : "buy",
      "i" : "SHIB_USDT",
      "m" : "4611686018437955799"
    }, {
      "d" : "1756459537597296607",
      "t" : 1756459537597,
      "tn" : 1756459537597296607,
      "q" : "93230000",
      "p" : "0.000012172",
      "s" : "buy",
      "i" : "SHIB_USDT",
      "m" : "4611686018437955798"
    }, {
      "d" : "1756459481755593002",
      "t" : 1756459481755,
      "tn" : 1756459481755593002,
      "q" : "16950000",
      "p" : "0.000012165",
      "s" : "buy",
      "i" : "SHIB_USDT",
      "m" : "4611686018437955797"
    }, {
      "d" : "1756459475269511030",
      "t" : 1756459475269,
      "tn" : 1756459475269511030,
      "q" : "19870000",
      "p" : "0.000012167",
      "s" : "buy",
      "i" : "SHIB_USDT",
      "m" : "4611686018437955796"
    }, {
      "d" : "1756459459657658934",
      "t" : 1756459459657,
      "tn" : 1756459459657658934,
      "q" : "19890000",
      "p" : "0.000012167",
      "s" : "sell",
      "i" : "SHIB_USDT",
      "m" : "4611686018437955795"
    }, {
      "d" : "1756459459657656982",
      "t" : 1756459459657,
      "tn" : 1756459459657656982,
      "q" : "100000",
      "p" : "0.000012174",
      "s" : "sell",
      "i" : "SHIB_USDT",
      "m" : "4611686018437955794"
    }, {
      "d" : "1756459160838237055",
      "t" : 1756459160838,
      "tn" : 1756459160838237055,
      "q" : "100000",
      "p" : "0.000012163",
      "s" : "sell",
      "i" : "SHIB_USDT",
      "m" : "4611686018437955793"
    }, {
      "d" : "1756458666425876427",
      "t" : 1756458666425,
      "tn" : 1756458666425876427,
      "q" : "100000",
      "p" : "0.000012103",
      "s" : "sell",
      "i" : "SHIB_USDT",
      "m" : "4611686018437955792"
    }, {
      "d" : "1756458666405786344",
      "t" : 1756458666405,
      "tn" : 1756458666405786344,
      "q" : "100000",
      "p" : "0.000012103",
      "s" : "sell",
      "i" : "SHIB_USDT",
      "m" : "4611686018437955791"
    }, {
      "d" : "1756458197286035765",
      "t" : 1756458197286,
      "tn" : 1756458197286035765,
      "q" : "11700000",
      "p" : "0.000012079",
      "s" : "buy",
      "i" : "SHIB_USDT",
      "m" : "4611686018437955790"
    }, {
      "d" : "1756458197286033424",
      "t" : 1756458197286,
      "tn" : 1756458197286033423,
      "q" : "1200000",
      "p" : "0.000012078",
      "s" : "buy",
      "i" : "SHIB_USDT",
      "m" : "4611686018437955789"
    }, {
      "d" : "1756458197286033423",
      "t" : 1756458197286,
      "tn" : 1756458197286033423,
      "q" : "29240000",
      "p" : "0.000012078",
      "s" : "buy",
      "i" : "SHIB_USDT",
      "m" : "4611686018437955789"
    }, {
      "d" : "1756458192817633558",
      "t" : 1756458192817,
      "tn" : 1756458192817633558,
      "q" : "1500000",
      "p" : "0.000012074",
      "s" : "buy",
      "i" : "SHIB_USDT",
      "m" : "4611686018437955788"
    }, {
      "d" : "1756458191374746113",
      "t" : 1756458191374,
      "tn" : 1756458191374746113,
      "q" : "51820000",
      "p" : "0.000012071",
      "s" : "buy",
      "i" : "SHIB_USDT",
      "m" : "4611686018437955787"
    }, {
      "d" : "1756458189770394318",
      "t" : 1756458189770,
      "tn" : 1756458189770394318,
      "q" : "23120000",
      "p" : "0.000012075",
      "s" : "buy",
      "i" : "SHIB_USDT",
      "m" : "4611686018437955786"
    }, {
      "d" : "1756458189714784142",
      "t" : 1756458189714,
      "tn" : 1756458189714784142,
      "q" : "124160000",
      "p" : "0.000012075",
      "s" : "buy",
      "i" : "SHIB_USDT",
      "m" : "4611686018437955785"
    }, {
      "d" : "1756458186344134407",
      "t" : 1756458186344,
      "tn" : 1756458186344134407,
      "q" : "42000000",
      "p" : "0.000012067",
      "s" : "buy",
      "i" : "SHIB_USDT",
      "m" : "4611686018437955784"
    }, {
      "d" : "1756458185506898815",
      "t" : 1756458185506,
      "tn" : 1756458185506898815,
      "q" : "48410000",
      "p" : "0.000012064",
      "s" : "buy",
      "i" : "SHIB_USDT",
      "m" : "4611686018437955783"
    }, {
      "d" : "1756458184018380656",
      "t" : 1756458184018,
      "tn" : 1756458184018380656,
      "q" : "90000",
      "p" : "0.000012075",
      "s" : "sell",
      "i" : "SHIB_USDT",
      "m" : "4611686018437955782"
    }, {
      "d" : "1756458164793712352",
      "t" : 1756458164793,
      "tn" : 1756458164793712352,
      "q" : "18790000",
      "p" : "0.000012093",
      "s" : "buy",
      "i" : "SHIB_USDT",
      "m" : "4611686018437955781"
    }, {
      "d" : "1756458164793710629",
      "t" : 1756458164793,
      "tn" : 1756458164793710629,
      "q" : "1200000",
      "p" : "0.000012092",
      "s" : "buy",
      "i" : "SHIB_USDT",
      "m" : "4611686018437955780"
    }, {
      "d" : "1756458163933180287",
      "t" : 1756458163933,
      "tn" : 1756458163933180287,
      "q" : "90000",
      "p" : "0.000012100",
      "s" : "sell",
      "i" : "SHIB_USDT",
      "m" : "4611686018437955779"
    }, {
      "d" : "1756458114105765212",
      "t" : 1756458114105,
      "tn" : 1756458114105765212,
      "q" : "20000000",
      "p" : "0.000012102",
      "s" : "sell",
      "i" : "SHIB_USDT",
      "m" : "4611686018437955778"
    }, {
      "d" : "1756458114105029412",
      "t" : 1756458114105,
      "tn" : 1756458114105029412,
      "q" : "43620000",
      "p" : "0.000012111",
      "s" : "sell",
      "i" : "SHIB_USDT",
      "m" : "4611686018437955777"
    }, {
      "d" : "1756458114105026941",
      "t" : 1756458114105,
      "tn" : 1756458114105026941,
      "q" : "100000",
      "p" : "0.000012114",
      "s" : "sell",
      "i" : "SHIB_USDT",
      "m" : "4611686018437955776"
    }, {
      "d" : "1756458114046428896",
      "t" : 1756458114046,
      "tn" : 1756458114046428896,
      "q" : "123770000",
      "p" : "0.000012111",
      "s" : "sell",
      "i" : "SHIB_USDT",
      "m" : "4611686018437955775"
    }, {
      "d" : "1756458114046426578",
      "t" : 1756458114046,
      "tn" : 1756458114046426578,
      "q" : "100000",
      "p" : "0.000012114",
      "s" : "sell",
      "i" : "SHIB_USDT",
      "m" : "4611686018437955774"
    }, {
      "d" : "1756458106168222343",
      "t" : 1756458106168,
      "tn" : 1756458106168222343,
      "q" : "19900000",
      "p" : "0.000012111",
      "s" : "sell",
      "i" : "SHIB_USDT",
      "m" : "4611686018437955773"
    }, {
      "d" : "1756458106168220742",
      "t" : 1756458106168,
      "tn" : 1756458106168220742,
      "q" : "100000",
      "p" : "0.000012113",
      "s" : "sell",
      "i" : "SHIB_USDT",
      "m" : "4611686018437955772"
    }, {
      "d" : "1756458106056974607",
      "t" : 1756458106056,
      "tn" : 1756458106056974607,
      "q" : "19880000",
      "p" : "0.000012111",
      "s" : "sell",
      "i" : "SHIB_USDT",
      "m" : "4611686018437955771"
    }, {
      "d" : "1756458106056972706",
      "t" : 1756458106056,
      "tn" : 1756458106056972706,
      "q" : "100000",
      "p" : "0.000012113",
      "s" : "sell",
      "i" : "SHIB_USDT",
      "m" : "4611686018437955770"
    }, {
      "d" : "1756458030610015384",
      "t" : 1756458030610,
      "tn" : 1756458030610015384,
      "q" : "5890000",
      "p" : "0.000012138",
      "s" : "buy",
      "i" : "SHIB_USDT",
      "m" : "4611686018437955769"
    }, {
      "d" : "1756458030610013984",
      "t" : 1756458030610,
      "tn" : 1756458030610013984,
      "q" : "100000",
      "p" : "0.000012135",
      "s" : "buy",
      "i" : "SHIB_USDT",
      "m" : "4611686018437955768"
    }, {
      "d" : "1756458029909649607",
      "t" : 1756458029909,
      "tn" : 1756458029909649607,
      "q" : "18020000",
      "p" : "0.000012137",
      "s" : "buy",
      "i" : "SHIB_USDT",
      "m" : "4611686018437955767"
    }, {
      "d" : "1756458029909433224",
      "t" : 1756458029909,
      "tn" : 1756458029909433224,
      "q" : "1970000",
      "p" : "0.000012137",
      "s" : "buy",
      "i" : "SHIB_USDT",
      "m" : "4611686018437955766"
    }, {
      "d" : "1756457952738902635",
      "t" : 1756457952738,
      "tn" : 1756457952738902635,
      "q" : "45810000",
      "p" : "0.000012134",
      "s" : "buy",
      "i" : "SHIB_USDT",
      "m" : "4611686018437955765"
    }, {
      "d" : "1756457952738899290",
      "t" : 1756457952738,
      "tn" : 1756457952738899290,
      "q" : "29940000",
      "p" : "0.000012134",
      "s" : "buy",
      "i" : "SHIB_USDT",
      "m" : "4611686018437955764"
    }, {
      "d" : "1756457952738897240",
      "t" : 1756457952738,
      "tn" : 1756457952738897239,
      "q" : "1190000",
      "p" : "0.000012133",
      "s" : "buy",
      "i" : "SHIB_USDT",
      "m" : "4611686018437955763"
    }, {
      "d" : "1756457952738897239",
      "t" : 1756457952738,
      "tn" : 1756457952738897239,
      "q" : "28880000",
      "p" : "0.000012133",
      "s" : "buy",
      "i" : "SHIB_USDT",
      "m" : "4611686018437955763"
    }, {
      "d" : "1756457884461903682",
      "t" : 1756457884461,
      "tn" : 1756457884461903682,
      "q" : "20000000",
      "p" : "0.000012137",
      "s" : "buy",
      "i" : "SHIB_USDT",
      "m" : "4611686018437955762"
    }, {
      "d" : "1756457879771264440",
      "t" : 1756457879771,
      "tn" : 1756457879771264440,
      "q" : "90000",
      "p" : "0.000012131",
      "s" : "sell",
      "i" : "SHIB_USDT",
      "m" : "4611686018437955761"
    }, {
      "d" : "1756457862967380090",
      "t" : 1756457862967,
      "tn" : 1756457862967380090,
      "q" : "80000",
      "p" : "0.000012124",
      "s" : "sell",
      "i" : "SHIB_USDT",
      "m" : "4611686018437955760"
    }, {
      "d" : "1756457862967378408",
      "t" : 1756457862967,
      "tn" : 1756457862967378408,
      "q" : "10000",
      "p" : "0.000012125",
      "s" : "sell",
      "i" : "SHIB_USDT",
      "m" : "4611686018437955759"
    }, {
      "d" : "1756457850154936275",
      "t" : 1756457850154,
      "tn" : 1756457850154936275,
      "q" : "20000000",
      "p" : "0.000012127",
      "s" : "buy",
      "i" : "SHIB_USDT",
      "m" : "4611686018437955758"
    }, {
      "d" : "1756457846942439590",
      "t" : 1756457846942,
      "tn" : 1756457846942439590,
      "q" : "80000",
      "p" : "0.000012125",
      "s" : "sell",
      "i" : "SHIB_USDT",
      "m" : "4611686018437955757"
    }, {
      "d" : "1756457846942437112",
      "t" : 1756457846942,
      "tn" : 1756457846942437112,
      "q" : "10000",
      "p" : "0.000012132",
      "s" : "sell",
      "i" : "SHIB_USDT",
      "m" : "4611686018437955756"
    }, {
      "d" : "1756457846793181285",
      "t" : 1756457846793,
      "tn" : 1756457846793181285,
      "q" : "90000",
      "p" : "0.000012132",
      "s" : "sell",
      "i" : "SHIB_USDT",
      "m" : "4611686018437955755"
    }, {
      "d" : "1756457846196905334",
      "t" : 1756457846196,
      "tn" : 1756457846196905334,
      "q" : "90000",
      "p" : "0.000012133",
      "s" : "sell",
      "i" : "SHIB_USDT",
      "m" : "4611686018437955754"
    }, {
      "d" : "1756457829135494807",
      "t" : 1756457829135,
      "tn" : 1756457829135494807,
      "q" : "10000",
      "p" : "0.000012144",
      "s" : "sell",
      "i" : "SHIB_USDT",
      "m" : "4611686018437955753"
    }, {
      "d" : "1756457829135343455",
      "t" : 1756457829135,
      "tn" : 1756457829135343455,
      "q" : "90000",
      "p" : "0.000012144",
      "s" : "sell",
      "i" : "SHIB_USDT",
      "m" : "4611686018437955752"
    }, {
      "d" : "1756457746538061685",
      "t" : 1756457746538,
      "tn" : 1756457746538061685,
      "q" : "20010000",
      "p" : "0.000012147",
      "s" : "buy",
      "i" : "SHIB_USDT",
      "m" : "4611686018437955751"
    }, {
      "d" : "1756457680699667474",
      "t" : 1756457680699,
      "tn" : 1756457680699667474,
      "q" : "12600000",
      "p" : "0.000012149",
      "s" : "buy",
      "i" : "SHIB_USDT",
      "m" : "4611686018437955750"
    }, {
      "d" : "1756457659283535909",
      "t" : 1756457659283,
      "tn" : 1756457659283535909,
      "q" : "90000",
      "p" : "0.000012150",
      "s" : "sell",
      "i" : "SHIB_USDT",
      "m" : "4611686018437955749"
    }, {
      "d" : "1756457651828610925",
      "t" : 1756457651828,
      "tn" : 1756457651828610925,
      "q" : "18020000",
      "p" : "0.000012155",
      "s" : "buy",
      "i" : "SHIB_USDT",
      "m" : "4611686018437955748"
    }, {
      "d" : "1756457642668966566",
      "t" : 1756457642668,
      "tn" : 1756457642668966566,
      "q" : "90000",
      "p" : "0.000012154",
      "s" : "sell",
      "i" : "SHIB_USDT",
      "m" : "4611686018437955747"
    }, {
      "d" : "1756457626727996995",
      "t" : 1756457626727,
      "tn" : 1756457626727996995,
      "q" : "90000",
      "p" : "0.000012154",
      "s" : "sell",
      "i" : "SHIB_USDT",
      "m" : "4611686018437955746"
    }, {
      "d" : "1756457590517624788",
      "t" : 1756457590517,
      "tn" : 1756457590517624788,
      "q" : "90000",
      "p" : "0.000012154",
      "s" : "sell",
      "i" : "SHIB_USDT",
      "m" : "4611686018437955745"
    }, {
      "d" : "1756457574042907092",
      "t" : 1756457574042,
      "tn" : 1756457574042907092,
      "q" : "90000",
      "p" : "0.000012164",
      "s" : "sell",
      "i" : "SHIB_USDT",
      "m" : "4611686018437955744"
    }, {
      "d" : "1756457518156746367",
      "t" : 1756457518156,
      "tn" : 1756457518156746367,
      "q" : "90000",
      "p" : "0.000012172",
      "s" : "sell",
      "i" : "SHIB_USDT",
      "m" : "4611686018437955743"
    }, {
      "d" : "1756457428430362946",
      "t" : 1756457428430,
      "tn" : 1756457428430362946,
      "q" : "20000000",
      "p" : "0.000012177",
      "s" : "buy",
      "i" : "SHIB_USDT",
      "m" : "4611686018437955742"
    }, {
      "d" : "1756457317137024693",
      "t" : 1756457317137,
      "tn" : 1756457317137024693,
      "q" : "100000",
      "p" : "0.000012174",
      "s" : "sell",
      "i" : "SHIB_USDT",
      "m" : "4611686018437955741"
    }, {
      "d" : "1756457125848298832",
      "t" : 1756457125848,
      "tn" : 1756457125848298832,
      "q" : "100000",
      "p" : "0.000012184",
      "s" : "sell",
      "i" : "SHIB_USDT",
      "m" : "4611686018437955740"
    }, {
      "d" : "1756456981309727976",
      "t" : 1756456981309,
      "tn" : 1756456981309727976,
      "q" : "100000",
      "p" : "0.000012182",
      "s" : "sell",
      "i" : "SHIB_USDT",
      "m" : "4611686018437955739"
    }, {
      "d" : "1756456981300712694",
      "t" : 1756456981300,
      "tn" : 1756456981300712694,
      "q" : "100000",
      "p" : "0.000012182",
      "s" : "sell",
      "i" : "SHIB_USDT",
      "m" : "4611686018437955738"
    }, {
      "d" : "1756456744428727670",
      "t" : 1756456744428,
      "tn" : 1756456744428727670,
      "q" : "100000",
      "p" : "0.000012194",
      "s" : "sell",
      "i" : "SHIB_USDT",
      "m" : "4611686018437955737"
    }, {
      "d" : "1756456476987530370",
      "t" : 1756456476987,
      "tn" : 1756456476987530370,
      "q" : "40820000",
      "p" : "0.000012221",
      "s" : "buy",
      "i" : "SHIB_USDT",
      "m" : "4611686018437955736"
    }, {
      "d" : "1756456476987528733",
      "t" : 1756456476987,
      "tn" : 1756456476987528733,
      "q" : "1190000",
      "p" : "0.000012220",
      "s" : "buy",
      "i" : "SHIB_USDT",
      "m" : "4611686018437955735"
    }, {
      "d" : "1756456428300910198",
      "t" : 1756456428300,
      "tn" : 1756456428300910198,
      "q" : "100000",
      "p" : "0.000012203",
      "s" : "sell",
      "i" : "SHIB_USDT",
      "m" : "4611686018437955734"
    }, {
      "d" : "1756456114680912821",
      "t" : 1756456114680,
      "tn" : 1756456114680912821,
      "q" : "100000",
      "p" : "0.000012184",
      "s" : "sell",
      "i" : "SHIB_USDT",
      "m" : "4611686018437955733"
    }, {
      "d" : "1756456111705699567",
      "t" : 1756456111705,
      "tn" : 1756456111705699567,
      "q" : "60010000",
      "p" : "0.000012185",
      "s" : "buy",
      "i" : "SHIB_USDT",
      "m" : "4611686018437955732"
    }, {
      "d" : "1756456111705694264",
      "t" : 1756456111705,
      "tn" : 1756456111705694264,
      "q" : "20000000",
      "p" : "0.000012185",
      "s" : "buy",
      "i" : "SHIB_USDT",
      "m" : "4611686018437955731"
    }, {
      "d" : "1756456057569538087",
      "t" : 1756456057569,
      "tn" : 1756456057569538087,
      "q" : "95170000",
      "p" : "0.000012185",
      "s" : "buy",
      "i" : "SHIB_USDT",
      "m" : "4611686018437955730"
    }, {
      "d" : "1756456057520625119",
      "t" : 1756456057520,
      "tn" : 1756456057520625119,
      "q" : "17220000",
      "p" : "0.000012185",
      "s" : "buy",
      "i" : "SHIB_USDT",
      "m" : "4611686018437955729"
    }, {
      "d" : "1756455628168663105",
      "t" : 1756455628168,
      "tn" : 1756455628168663105,
      "q" : "100000",
      "p" : "0.000012174",
      "s" : "sell",
      "i" : "SHIB_USDT",
      "m" : "4611686018437955728"
    }, {
      "d" : "1756455628168660270",
      "t" : 1756455628168,
      "tn" : 1756455628168660270,
      "q" : "90000",
      "p" : "0.000012175",
      "s" : "sell",
      "i" : "SHIB_USDT",
      "m" : "4611686018437955727"
    }, {
      "d" : "1756455614741538488",
      "t" : 1756455614741,
      "tn" : 1756455614741538488,
      "q" : "18790000",
      "p" : "0.000012185",
      "s" : "sell",
      "i" : "SHIB_USDT",
      "m" : "4611686018437955726"
    }, {
      "d" : "1756455614741536249",
      "t" : 1756455614741,
      "tn" : 1756455614741536249,
      "q" : "1190000",
      "p" : "0.000012186",
      "s" : "sell",
      "i" : "SHIB_USDT",
      "m" : "4611686018437955725"
    }, {
      "d" : "1756455402544312271",
      "t" : 1756455402544,
      "tn" : 1756455402544312271,
      "q" : "24030000",
      "p" : "0.000012195",
      "s" : "buy",
      "i" : "SHIB_USDT",
      "m" : "4611686018437955724"
    }, {
      "d" : "1756455402543967120",
      "t" : 1756455402543,
      "tn" : 1756455402543967120,
      "q" : "3990000",
      "p" : "0.000012195",
      "s" : "buy",
      "i" : "SHIB_USDT",
      "m" : "4611686018437955723"
    }, {
      "d" : "1756455402543924055",
      "t" : 1756455402543,
      "tn" : 1756455402543924055,
      "q" : "38010000",
      "p" : "0.000012195",
      "s" : "buy",
      "i" : "SHIB_USDT",
      "m" : "4611686018437955722"
    }, {
      "d" : "1756455402543553965",
      "t" : 1756455402543,
      "tn" : 1756455402543553965,
      "q" : "22000000",
      "p" : "0.000012195",
      "s" : "buy",
      "i" : "SHIB_USDT",
      "m" : "4611686018437955721"
    }, {
      "d" : "1756455376329825814",
      "t" : 1756455376329,
      "tn" : 1756455376329825814,
      "q" : "20000000",
      "p" : "0.000012200",
      "s" : "buy",
      "i" : "SHIB_USDT",
      "m" : "4611686018437955720"
    }, {
      "d" : "1756455376329822048",
      "t" : 1756455376329,
      "tn" : 1756455376329822048,
      "q" : "38840000",
      "p" : "0.000012200",
      "s" : "buy",
      "i" : "SHIB_USDT",
      "m" : "4611686018437955719"
    }, {
      "d" : "1756455376329819528",
      "t" : 1756455376329,
      "tn" : 1756455376329819528,
      "q" : "11170000",
      "p" : "0.000012199",
      "s" : "buy",
      "i" : "SHIB_USDT",
      "m" : "4611686018437955718"
    }, {
      "d" : "1756455376329718511",
      "t" : 1756455376329,
      "tn" : 1756455376329718510,
      "q" : "30880000",
      "p" : "0.000012199",
      "s" : "buy",
      "i" : "SHIB_USDT",
      "m" : "4611686018437955717"
    }, {
      "d" : "1756455376329718510",
      "t" : 1756455376329,
      "tn" : 1756455376329718510,
      "q" : "27930000",
      "p" : "0.000012199",
      "s" : "buy",
      "i" : "SHIB_USDT",
      "m" : "4611686018437955717"
    }, {
      "d" : "1756455376329715471",
      "t" : 1756455376329,
      "tn" : 1756455376329715471,
      "q" : "1190000",
      "p" : "0.000012198",
      "s" : "buy",
      "i" : "SHIB_USDT",
      "m" : "4611686018437955716"
    }, {
      "d" : "1756455376329115552",
      "t" : 1756455376329,
      "tn" : 1756455376329115551,
      "q" : "180720000",
      "p" : "0.000012193",
      "s" : "buy",
      "i" : "SHIB_USDT",
      "m" : "4611686018437955715"
    }, {
      "d" : "1756455376329115551",
      "t" : 1756455376329,
      "tn" : 1756455376329115551,
      "q" : "55020000",
      "p" : "0.000012193",
      "s" : "buy",
      "i" : "SHIB_USDT",
      "m" : "4611686018437955715"
    }, {
      "d" : "1756455277691889763",
      "t" : 1756455277691,
      "tn" : 1756455277691889763,
      "q" : "90000",
      "p" : "0.000012200",
      "s" : "sell",
      "i" : "SHIB_USDT",
      "m" : "4611686018437955714"
    }, {
      "d" : "1756455215359423085",
      "t" : 1756455215359,
      "tn" : 1756455215359423085,
      "q" : "86700000",
      "p" : "0.000012208",
      "s" : "sell",
      "i" : "SHIB_USDT",
      "m" : "4611686018437955713"
    }, {
      "d" : "1756455213207389355",
      "t" : 1756455213207,
      "tn" : 1756455213207389355,
      "q" : "840000",
      "p" : "0.000012210",
      "s" : "sell",
      "i" : "SHIB_USDT",
      "m" : "4611686018437955712"
    }, {
      "d" : "1756455212731437923",
      "t" : 1756455212731,
      "tn" : 1756455212731437923,
      "q" : "19990000",
      "p" : "0.000012215",
      "s" : "buy",
      "i" : "SHIB_USDT",
      "m" : "4611686018437955711"
    } ]
  }
}