{
  "id" : -1,
  "method" : "public/get-trades",
  "code" : 0,
  "result" : {
    "data" : [ {
      "d" : "1756462396878723083",
      "t" : 1756462396878,
      "tn" : 1756462396878723083,
      "q" : "100000",
      "p" : "0.000012251",
      "s" : "buy",
      "i" : "SHIB_USD",
      "m" : "4611686018441276112"
    }, {
      "d" : "1756462395068813617",
      "t" : 1756462395068,
      "tn" : 1756462395068813617,
      "q" : "4010000",
      "p" : "0.000012250",
      "s" : "buy",
      "i" : "SHIB_USD",
      "m" : "4611686018441276111"
    }, {
      "d" : "1756462391005544633",
      "t" : 1756462391005,
      "tn" : 1756462391005544633,
      "q" : "100000",
      "p" : "0.000012256",
      "s" : "sell",
      "i" : "SHIB_USD",
      "m" : "4611686018441276110"
    }, {
      "d" : "1756462389839701066",
      "t" : 1756462389839,
      "tn" : 1756462389839701066,
      "q" : "100000",
      "p" : "0.000012256",
      "s" : "sell",
      "i" : "SHIB_USD",
      "m" : "4611686018441276109"
    }, {
      "d" : "1756462322442843838",
      "t" : 1756462322442,
      "tn" : 1756462322442843837,
      "q" : "10000000",
      "p" : "0.000012240",
      "s" : "buy",
      "i" : "SHIB_USD",
      "m" : "4611686018441276108"
    }, {
      "d" : "1756462322442843837",
      "t" : 1756462322442,
      "tn" : 1756462322442843837,
      "q" : "100000",
      "p" : "0.000012240",
      "s" : "buy",
      "i" : "SHIB_USD",
      "m" : "4611686018441276108"
    }, {
      "d" : "1756462318982404033",
      "t" : 1756462318982,
      "tn" : 1756462318982404033,
      "q" : "100000",
      "p" : "0.000012246",
      "s" : "sell",
      "i" : "SHIB_USD",
      "m" : "4611686018441276107"
    }, {
      "d" : "1756462252345544841",
      "t" : 1756462252345,
      "tn" : 1756462252345544840,
      "q" : "100000",
      "p" : "0.000012237",
      "s" : "buy",
      "i" : "SHIB_USD",
      "m" : "4611686018441276106"
    }, {
      "d" : "1756462252345544840",
      "t" : 1756462252345,
      "tn" : 1756462252345544840,
      "q" : "3090000",
      "p" : "0.000012237",
      "s" : "buy",
      "i" : "SHIB_USD",
      "m" : "4611686018441276106"
    }, {
      "d" : "1756462214139376103",
      "t" : 1756462214139,
      "tn" : 1756462214139376103,
      "q" : "440000",
      "p" : "0.000012233",
      "s" : "buy",
      "i" : "SHIB_USD",
      "m" : "4611686018441276105"
    }, {
      "d" : "1756462213791662516",
      "t" : 1756462213791,
      "tn" : 1756462213791662516,
      "q" : "100000",
      "p" : "0.000012236",
      "s" : "sell",
      "i" : "SHIB_USD",
      "m" : "4611686018441276104"
    }, {
      "d" : "1756462204393379276",
      "t" : 1756462204393,
      "tn" : 1756462204393379276,
      "q" : "100000",
      "p" : "0.000012236",
      "s" : "sell",
      "i" : "SHIB_USD",
      "m" : "4611686018441276103"
    }, {
      "d" : "1756462182858205085",
      "t" : 1756462182858,
      "tn" : 1756462182858205085,
      "q" : "1290000",
      "p" : "0.000012238",
      "s" : "sell",
      "i" : "SHIB_USD",
      "m" : "4611686018441276102"
    }, {
      "d" : "1756462167839428791",
      "t" : 1756462167839,
      "tn" : 1756462167839428791,
      "q" : "100000",
      "p" : "0.000012239",
      "s" : "buy",
      "i" : "SHIB_USD",
      "m" : "4611686018441276101"
    }, {
      "d" : "1756462161795650859",
      "t" : 1756462161795,
      "tn" : 1756462161795650859,
      "q" : "100000",
      "p" : "0.000012242",
      "s" : "buy",
      "i" : "SHIB_USD",
      "m" : "4611686018441276100"
    }, {
      "d" : "1756462153727167283",
      "t" : 1756462153727,
      "tn" : 1756462153727167283,
      "q" : "100000",
      "p" : "0.000012239",
      "s" : "buy",
      "i" : "SHIB_USD",
      "m" : "4611686018441276099"
    }, {
      "d" : "1756462153167622550",
      "t" : 1756462153167,
      "tn" : 1756462153167622550,
      "q" : "100000",
      "p" : "0.000012246",
      "s" : "sell",
      "i" : "SHIB_USD",
      "m" : "4611686018441276098"
    }, {
      "d" : "1756462149565996667",
      "t" : 1756462149565,
      "tn" : 1756462149565996667,
      "q" : "140000",
      "p" : "0.000012250",
      "s" : "sell",
      "i" : "SHIB_USD",
      "m" : "4611686018441276097"
    }, {
      "d" : "1756462072050115571",
      "t" : 1756462072050,
      "tn" : 1756462072050115571,
      "q" : "100000",
      "p" : "0.000012247",
      "s" : "buy",
      "i" : "SHIB_USD",
      "m" : "4611686018441276096"
    }, {
      "d" : "1756462067648812117",
      "t" : 1756462067648,
      "tn" : 1756462067648812117,
      "q" : "100000",
      "p" : "0.000012246",
      "s" : "sell",
      "i" : "SHIB_USD",
      "m" : "4611686018441276095"
    }, {
      "d" : "1756462066654454701",
      "t" : 1756462066654,
      "tn" : 1756462066654454701,
      "q" : "100000",
      "p" : "0.000012246",
      "s" : "sell",
      "i" : "SHIB_USD",
      "m" : "4611686018441276094"
    }, {
      "d" : "1756462060187834214",
      "t" : 1756462060187,
      "tn" : 1756462060187834213,
      "q" : "5130000",
      "p" : "0.000012245",
      "s" : "sell",
      "i" : "SHIB_USD",
      "m" : "4611686018441276093"
    }, {
      "d" : "1756462060187834213",
      "t" : 1756462060187,
      "tn" : 1756462060187834213,
      "q" : "100000",
      "p" : "0.000012245",
      "s" : "sell",
      "i" : "SHIB_USD",
      "m" : "4611686018441276093"
    }, {
      "d" : "1756461979770693619",
      "t" : 1756461979770,
      "tn" : 1756461979770693619,
      "q" : "100000",
      "p" : "0.000012226",
      "s" : "sell",
      "i" : "SHIB_USD",
      "m" : "4611686018441276092"
    }, {
      "d" : "1756461979731314258",
      "t" : 1756461979731,
      "tn" : 1756461979731314258,
      "q" : "100000",
      "p" : "0.000012226",
      "s" : "sell",
      "i" : "SHIB_USD",
      "m" : "4611686018441276091"
    }, {
      "d" : "1756461963960093171",
      "t" : 1756461963960,
      "tn" : 1756461963960093171,
      "q" : "100000",
      "p" : "0.000012215",
      "s" : "sell",
      "i" : "SHIB_USD",
      "m" : "4611686018441276090"
    }, {
      "d" : "1756461963584094981",
      "t" : 1756461963584,
      "tn" : 1756461963584094981,
      "q" : "100000",
      "p" : "0.000012215",
      "s" : "sell",
      "i" : "SHIB_USD",
      "m" : "4611686018441276089"
    }, {
      "d" : "1756461960773135703",
      "t" : 1756461960773,
      "tn" : 1756461960773135703,
      "q" : "3150000",
      "p" : "0.000012217",
      "s" : "sell",
      "i" : "SHIB_USD",
      "m" : "4611686018441276088"
    }, {
      "d" : "1756461889263900609",
      "t" : 1756461889263,
      "tn" : 1756461889263900609,
      "q" : "100000",
      "p" : "0.000012216",
      "s" : "sell",
      "i" : "SHIB_USD",
      "m" : "4611686018441276087"
    }, {
      "d" : "1756461884620805520",
      "t" : 1756461884620,
      "tn" : 1756461884620805520,
      "q" : "100000",
      "p" : "0.000012216",
      "s" : "sell",
      "i" : "SHIB_USD",
      "m" : "4611686018441276086"
    }, {
      "d" : "1756461881191492655",
      "t" : 1756461881191,
      "tn" : 1756461881191492655,
      "q" : "100000",
      "p" : "0.000012214",
      "s" : "sell",
      "i" : "SHIB_USD",
      "m" : "4611686018441276085"
    }, {
      "d" : "1756461835735021616",
      "t" : 1756461835735,
      "tn" : 1756461835735021616,
      "q" : "100000",
      "p" : "0.000012216",
      "s" : "sell",
      "i" : "SHIB_USD",
      "m" : "4611686018441276084"
    }, {
      "d" : "1756461829850646952",
      "t" : 1756461829850,
      "tn" : 1756461829850646952,
      "q" : "100000",
      "p" : "0.000012216",
      "s" : "sell",
      "i" : "SHIB_USD",
      "m" : "4611686018441276083"
    }, {
      "d" : "1756461828210087307",
      "t" : 1756461828210,
      "tn" : 1756461828210087306,
      "q" : "100000",
      "p" : "0.000012208",
      "s" : "buy",
      "i" : "SHIB_USD",
      "m" : "4611686018441276082"
    }, {
      "d" : "1756461828210087306",
      "t" : 1756461828210,
      "tn" : 1756461828210087306,
      "q" : "2910000",
      "p" : "0.000012208",
      "s" : "buy",
      "i" : "SHIB_USD",
      "m" : "4611686018441276082"
    }, {
      "d" : "1756461821701648130",
      "t" : 1756461821701,
      "tn" : 1756461821701648130,
      "q" : "500000",
      "p" : "0.000012209",
      "s" : "buy",
      "i" : "SHIB_USD",
      "m" : "4611686018441276081"
    }, {
      "d" : "1756461821701625087",
      "t" : 1756461821701,
      "tn" : 1756461821701625087,
      "q" : "400000",
      "p" : "0.000012209",
      "s" : "buy",
      "i" : "SHIB_USD",
      "m" : "4611686018441276080"
    }, {
      "d" : "1756461821701623537",
      "t" : 1756461821701,
      "tn" : 1756461821701623537,
      "q" : "100000",
      "p" : "0.000012208",
      "s" : "buy",
      "i" : "SHIB_USD",
      "m" : "4611686018441276079"
    }, {
      "d" : "1756461819993117722",
      "t" : 1756461819993,
      "tn" : 1756461819993117722,
      "q" : "100000",
      "p" : "0.000012208",
      "s" : "buy",
      "i" : "SHIB_USD",
      "m" : "4611686018441276078"
    }, {
      "d" : "1756461819811737354",
      "t" : 1756461819811,
      "tn" : 1756461819811737354,
      "q" : "100000",
      "p" : "0.000012208",
      "s" : "buy",
      "i" : "SHIB_USD",
      "m" : "4611686018441276077"
    }, {
      "d" : "1756461810961540049",
      "t" : 1756461810961,
      "tn" : 1756461810961540049,
      "q" : "100000",
      "p" : "0.000012215",
      "s" : "sell",
      "i" : "SHIB_USD",
      "m" : "4611686018441276076"
    }, {
      "d" : "1756461810598194342",
      "t" : 1756461810598,
      "tn" : 1756461810598194342,
      "q" : "100000",
      "p" : "0.000012215",
      "s" : "sell",
      "i" : "SHIB_USD",
      "m" : "4611686018441276075"
    }, {
      "d" : "1756461808791677764",
      "t" : 1756461808791,
      "tn" : 1756461808791677764,
      "q" : "100000",
      "p" : "0.000012216",
      "s" : "sell",
      "i" : "SHIB_USD",
      "m" : "4611686018441276074"
    }, {
      "d" : "1756461805183449146",
      "t" : 1756461805183,
      "tn" : 1756461805183449146,
      "q" : "100000",
      "p" : "0.000012216",
      "s" : "sell",
      "i" : "SHIB_USD",
      "m" : "4611686018441276073"
    }, {
      "d" : "1756461770236643180",
      "t" : 1756461770236,
      "tn" : 1756461770236643180,
      "q" : "100000",
      "p" : "0.000012218",
      "s" : "buy",
      "i" : "SHIB_USD",
      "m" : "4611686018441276072"
    }, {
      "d" : "1756461768342774932",
      "t" : 1756461768342,
      "tn" : 1756461768342774932,
      "q" : "100000",
      "p" : "0.000012218",
      "s" : "buy",
      "i" : "SHIB_USD",
      "m" : "4611686018441276071"
    }, {
      "d" : "1756461761305813320",
      "t" : 1756461761305,
      "tn" : 1756461761305813319,
      "q" : "1570000",
      "p" : "0.000012226",
      "s" : "sell",
      "i" : "SHIB_USD",
      "m" : "4611686018441276070"
    }, {
      "d" : "1756461761305813319",
      "t" : 1756461761305,
      "tn" : 1756461761305813319,
      "q" : "100000",
      "p" : "0.000012226",
      "s" : "sell",
      "i" : "SHIB_USD",
      "m" : "4611686018441276070"
    }, {
      "d" : "1756461756185602562",
      "t" : 1756461756185,
      "tn" : 1756461756185602562,
      "q" : "100000",
      "p" : "0.000012226",
      "s" : "sell",
      "i" : "SHIB_USD",
      "m" : "4611686018441276069"
    }, {
      "d" : "1756461755564743830",
      "t" : 1756461755564,
      "tn" : 1756461755564743830,
      "q" : "100000",
      "p" : "0.000012226",
      "s" : "sell",
      "i" : "SHIB_USD",
      "m" : "4611686018441276068"
    }, {
      "d" : "1756461751968750641",
      "t" : 1756461751968,
      "tn" : 1756461751968750640,
      "q" : "100000",
      "p" : "0.000012217",
      "s" : "buy",
      "i" : "SHIB_USD",
      "m" : "4611686018441276067"
    }, {
      "d" : "1756461751968750640",
      "t" : 1756461751968,
      "tn" : 1756461751968750640,
      "q" : "1070000",
      "p" : "0.000012217",
      "s" : "buy",
      "i" : "SHIB_USD",
      "m" : "4611686018441276067"
    }, {
      "d" : "1756461716619779095",
      "t" : 1756461716619,
      "tn" : 1756461716619779095,
      "q" : "3520000",
      "p" : "0.000012210",
      "s" : "sell",
      "i" : "SHIB_USD",
      "m" : "4611686018441276066"
    }, {
      "d" : "1756461716512163051",
      "t" : 1756461716512,
      "tn" : 1756461716512163051,
      "q" : "3520000",
      "p" : "0.000012210",
      "s" : "sell",
      "i" : "SHIB_USD",
      "m" : "4611686018441276065"
    }, {
      "d" : "1756461681160564655",
      "t" : 1756461681160,
      "tn" : 1756461681160564655,
      "q" : "100000",
      "p" : "0.000012206",
      "s" : "sell",
      "i" : "SHIB_USD",
      "m" : "4611686018441276064"
    }, {
      "d" : "1756461660239508463",
      "t" : 1756461660239,
      "tn" : 1756461660239508463,
      "q" : "100000",
      "p" : "0.000012207",
      "s" : "buy",
      "i" : "SHIB_USD",
      "m" : "4611686018441276063"
    }, {
      "d" : "1756461641052853264",
      "t" : 1756461641052,
      "tn" : 1756461641052853263,
      "q" : "3670000",
      "p" : "0.000012206",
      "s" : "sell",
      "i" : "SHIB_USD",
      "m" : "4611686018441276062"
    }, {
      "d" : "1756461641052853263",
      "t" : 1756461641052,
      "tn" : 1756461641052853263,
      "q" : "100000",
      "p" : "0.000012206",
      "s" : "sell",
      "i" : "SHIB_USD",
      "m" : "4611686018441276062"
    }, {
      "d" : "1756461627040120758",
      "t" : 1756461627040,
      "tn" : 1756461627040120758,
      "q" : "100000",
      "p" : "0.000012196",
      "s" : "sell",
      "i" : "SHIB_USD",
      "m" : "4611686018441276061"
    }, {
      "d" : "1756461532612991712",
      "t" : 1756461532612,
      "tn" : 1756461532612991711,
      "q" : "100000",
      "p" : "0.000012197",
      "s" : "buy",
      "i" : "SHIB_USD",
      "m" : "4611686018441276060"
    }, {
      "d" : "1756461532612991711",
      "t" : 1756461532612,
      "tn" : 1756461532612991711,
      "q" : "1050000",
      "p" : "0.000012197",
      "s" : "buy",
      "i" : "SHIB_USD",
      "m" : "4611686018441276060"
    }, {
      "d" : "1756461531017771946",
      "t" : 1756461531017,
      "tn" : 1756461531017771946,
      "q" : "100000",
      "p" : "0.000012197",
      "s" : "buy",
      "i" : "SHIB_USD",
      "m" : "4611686018441276059"
    }, {
      "d" : "1756461527648012157",
      "t" : 1756461527648,
      "tn" : 1756461527648012157,
      "q" : "100000",
      "p" : "0.000012206",
      "s" : "sell",
      "i" : "SHIB_USD",
      "m" : "4611686018441276058"
    }, {
      "d" : "1756461527257025939",
      "t" : 1756461527257,
      "tn" : 1756461527257025939,
      "q" : "100000",
      "p" : "0.000012206",
      "s" : "sell",
      "i" : "SHIB_USD",
      "m" : "4611686018441276057"
    }, {
      "d" : "1756461462903255696",
      "t" : 1756461462903,
      "tn" : 1756461462903255696,
      "q" : "4000000",
      "p" : "0.000012207",
      "s" : "sell",
      "i" : "SHIB_USD",
      "m" : "4611686018441276056"
    }, {
      "d" : "1756461443669715635",
      "t" : 1756461443669,
      "tn" : 1756461443669715635,
      "q" : "100000",
      "p" : "0.000012209",
      "s" : "buy",
      "i" : "SHIB_USD",
      "m" : "4611686018441276055"
    }, {
      "d" : "1756461441148176961",
      "t" : 1756461441148,
      "tn" : 1756461441148176961,
      "q" : "100000",
      "p" : "0.000012207",
      "s" : "buy",
      "i" : "SHIB_USD",
      "m" : "4611686018441276054"
    }, {
      "d" : "1756461426111629493",
      "t" : 1756461426111,
      "tn" : 1756461426111629493,
      "q" : "100000",
      "p" : "0.000012205",
      "s" : "sell",
      "i" : "SHIB_USD",
      "m" : "4611686018441276053"
    }, {
      "d" : "1756461420757078564",
      "t" : 1756461420757,
      "tn" : 1756461420757078563,
      "q" : "100000",
      "p" : "0.000012206",
      "s" : "sell",
      "i" : "SHIB_USD",
      "m" : "4611686018441276052"
    }, {
      "d" : "1756461420757078563",
      "t" : 1756461420757,
      "tn" : 1756461420757078563,
      "q" : "510000",
      "p" : "0.000012206",
      "s" : "sell",
      "i" : "SHIB_USD",
      "m" : "4611686018441276052"
    }, {
      "d" : "1756461410787347079",
      "t" : 1756461410787,
      "tn" : 1756461410787347079,
      "q" : "100000",
      "p" : "0.000012206",
      "s" : "sell",
      "i" : "SHIB_USD",
      "m" : "4611686018441276051"
    }, {
      "d" : "1756461395739295638",
      "t" : 1756461395739,
      "tn" : 1756461395739295638,
      "q" : "100000",
      "p" : "0.000012199",
      "s" : "buy",
      "i" : "SHIB_USD",
      "m" : "4611686018441276050"
    }, {
      "d" : "1756461393556677923",
      "t" : 1756461393556,
      "tn" : 1756461393556677923,
      "q" : "100000",
      "p" : "0.000012204",
      "s" : "sell",
      "i" : "SHIB_USD",
      "m" : "4611686018441276049"
    }, {
      "d" : "1756461391522051090",
      "t" : 1756461391522,
      "tn" : 1756461391522051090,
      "q" : "100000",
      "p" : "0.000012205",
      "s" : "sell",
      "i" : "SHIB_USD",
      "m" : "4611686018441276048"
    }, {
      "d" : "1756461390912828523",
      "t" : 1756461390912,
      "tn" : 1756461390912828523,
      "q" : "15350000",
      "p" : "0.000012200",
      "s" : "sell",
      "i" : "SHIB_USD",
      "m" : "4611686018441276047"
    }, {
      "d" : "1756461390912826873",
      "t" : 1756461390912,
      "tn" : 1756461390912826873,
      "q" : "3520000",
      "p" : "0.000012201",
      "s" : "sell",
      "i" : "SHIB_USD",
      "m" : "4611686018441276046"
    }, {
      "d" : "1756461390912825117",
      "t" : 1756461390912,
      "tn" : 1756461390912825117,
      "q" : "100000",
      "p" : "0.000012206",
      "s" : "sell",
      "i" : "SHIB_USD",
      "m" : "4611686018441276045"
    }, {
      "d" : "1756461382312827263",
      "t" : 1756461382312,
      "tn" : 1756461382312827263,
      "q" : "190000",
      "p" : "0.000012211",
      "s" : "sell",
      "i" : "SHIB_USD",
      "m" : "4611686018441276044"
    }, {
      "d" : "1756461342926766621",
      "t" : 1756461342926,
      "tn" : 1756461342926766621,
      "q" : "100000",
      "p" : "0.000012206",
      "s" : "sell",
      "i" : "SHIB_USD",
      "m" : "4611686018441276043"
    }, {
      "d" : "1756461287570246223",
      "t" : 1756461287570,
      "tn" : 1756461287570246223,
      "q" : "130000",
      "p" : "0.000012200",
      "s" : "buy",
      "i" : "SHIB_USD",
      "m" : "4611686018441276042"
    }, {
      "d" : "1756461287570244447",
      "t" : 1756461287570,
      "tn" : 1756461287570244447,
      "q" : "100000",
      "p" : "0.000012197",
      "s" : "buy",
      "i" : "SHIB_USD",
      "m" : "4611686018441276041"
    }, {
      "d" : "1756461235560489211",
      "t" : 1756461235560,
      "tn" : 1756461235560489211,
      "q" : "5000000",
      "p" : "0.000012187",
      "s" : "buy",
      "i" : "SHIB_USD",
      "m" : "4611686018441276040"
    }, {
      "d" : "1756461189631512989",
      "t" : 1756461189631,
      "tn" : 1756461189631512989,
      "q" : "100000",
      "p" : "0.000012196",
      "s" : "sell",
      "i" : "SHIB_USD",
      "m" : "4611686018441276039"
    }, {
      "d" : "1756461180003162179",
      "t" : 1756461180003,
      "tn" : 1756461180003162178,
      "q" : "100000",
      "p" : "0.000012187",
      "s" : "buy",
      "i" : "SHIB_USD",
      "m" : "4611686018441276038"
    }, {
      "d" : "1756461180003162178",
      "t" : 1756461180003,
      "tn" : 1756461180003162178,
      "q" : "24720000",
      "p" : "0.000012187",
      "s" : "buy",
      "i" : "SHIB_USD",
      "m" : "4611686018441276038"
    }, {
      "d" : "1756461163391772148",
      "t" : 1756461163391,
      "tn" : 1756461163391772148,
      "q" : "70000",
      "p" : "0.000012188",
      "s" : "buy",
      "i" : "SHIB_USD",
      "m" : "4611686018441276037"
    }, {
      "d" : "1756461150501843721",
      "t" : 1756461150501,
      "tn" : 1756461150501843721,
      "q" : "5470000",
      "p" : "0.000012190",
      "s" : "sell",
      "i" : "SHIB_USD",
      "m" : "4611686018441276036"
    }, {
      "d" : "1756461150501841569",
      "t" : 1756461150501,
      "tn" : 1756461150501841569,
      "q" : "3530000",
      "p" : "0.000012191",
      "s" : "sell",
      "i" : "SHIB_USD",
      "m" : "4611686018441276035"
    }, {
      "d" : "1756461148352425863",
      "t" : 1756461148352,
      "tn" : 1756461148352425863,
      "q" : "100000",
      "p" : "0.000012193",
      "s" : "sell",
      "i" : "SHIB_USD",
      "m" : "4611686018441276034"
    }, {
      "d" : "1756461122367588656",
      "t" : 1756461122367,
      "tn" : 1756461122367588656,
      "q" : "100000",
      "p" : "0.000012196",
      "s" : "sell",
      "i" : "SHIB_USD",
      "m" : "4611686018441276033"
    }, {
      "d" : "1756461122366722855",
      "t" : 1756461122366,
      "tn" : 1756461122366722855,
      "q" : "100000",
      "p" : "0.000012196",
      "s" : "sell",
      "i" : "SHIB_USD",
      "m" : "4611686018441276032"
    }, {
      "d" : "1756461115995806761",
      "t" : 1756461115995,
      "tn" : 1756461115995806761,
      "q" : "600000",
      "p" : "0.000012197",
      "s" : "buy",
      "i" : "SHIB_USD",
      "m" : "4611686018441276031"
    }, {
      "d" : "1756461115995703337",
      "t" : 1756461115995,
      "tn" : 1756461115995703337,
      "q" : "500000",
      "p" : "0.000012197",
      "s" : "buy",
      "i" : "SHIB_USD",
      "m" : "4611686018441276030"
    }, {
      "d" : "1756461112777481173",
      "t" : 1756461112777,
      "tn" : 1756461112777481173,
      "q" : "100000",
      "p" : "0.000012195",
      "s" : "sell",
      "i" : "SHIB_USD",
      "m" : "4611686018441276029"
    }, {
      "d" : "1756461112582050298",
      "t" : 1756461112582,
      "tn" : 1756461112582050298,
      "q" : "100000",
      "p" : "0.000012195",
      "s" : "sell",
      "i" : "SHIB_USD",
      "m" : "4611686018441276028"
    }, {
      "d" : "1756461107398824035",
      "t" : 1756461107398,
      "tn" : 1756461107398824035,
      "q" : "100000",
      "p" : "0.000012196",
      "s" : "sell",
      "i" : "SHIB_USD",
      "m" : "4611686018441276027"
    }, {
      "d" : "1756461093843554696",
      "t" : 1756461093843,
      "tn" : 1756461093843554696,
      "q" : "100000",
      "p" : "0.000012196",
      "s" : "sell",
      "i" : "SHIB_USD",
      "m" : "4611686018441276026"
    }, {
      "d" : "1756461068627173681",
      "t" : 1756461068627,
      "tn" : 1756461068627173681,
      "q" : "100000",
      "p" : "0.000012199",
      "s" : "buy",
      "i" : "SHIB_USD",
      "m" : "4611686018441276025"
    }, {
      "d" : "1756461065747643332",
      "t" : 1756461065747,
      "tn" : 1756461065747643332,
      "q" : "100000",
      "p" : "0.000012197",
      "s" : "buy",
      "i" : "SHIB_USD",
      "m" : "4611686018441276024"
    }, {
      "d" : "1756461060545091316",
      "t" : 1756461060545,
      "tn" : 1756461060545091316,
      "q" : "930000",
      "p" : "0.000012204",
      "s" : "sell",
      "i" : "SHIB_USD",
      "m" : "4611686018441276023"
    }, {
      "d" : "1756461060536768371",
      "t" : 1756461060536,
      "tn" : 1756461060536768371,
      "q" : "3440000",
      "p" : "0.000012204",
      "s" : "buy",
      "i" : "SHIB_USD",
      "m" : "4611686018441276022"
    }, {
      "d" : "1756461059606298186",
      "t" : 1756461059606,
      "tn" : 1756461059606298186,
      "q" : "100000",
      "p" : "0.000012205",
      "s" : "sell",
      "i" : "SHIB_USD",
      "m" : "4611686018441276021"
    }, {
      "d" : "1756461050110184642",
      "t" : 1756461050110,
      "tn" : 1756461050110184642,
      "q" : "100000",
      "p" : "0.000012198",
      "s" : "buy",
      "i" : "SHIB_USD",
      "m" : "4611686018441276020"
    }, {
      "d" : "1756461049228522641",
      "t" : 1756461049228,
      "tn" : 1756461049228522641,
      "q" : "100000",
      "p" : "0.000012197",
      "s" : "buy",
      "i" : "SHIB_USD",
      "m" : "4611686018441276019"
    }, {
      "d" : "1756461036453524385",
      "t" : 1756461036453,
      "tn" : 1756461036453524385,
      "q" : "100000",
      "p" : "0.000012206",
      "s" : "sell",
      "i" : "SHIB_USD",
      "m" : "4611686018441276018"
    }, {
      "d" : "1756461015716016879",
      "t" : 1756461015716,
      "tn" : 1756461015716016879,
      "q" : "100000",
      "p" : "0.000012207",
      "s" : "buy",
      "i" : "SHIB_USD",
      "m" : "4611686018441276017"
    }, {
      "d" : "1756461000297902168",
      "t" : 1756461000297,
      "tn" : 1756461000297902168,
      "q" : "100000",
      "p" : "0.000012216",
      "s" : "sell",
      "i" : "SHIB_USD",
      "m" : "4611686018441276016"
    }, {
      "d" : "1756460971242796423",
      "t" : 1756460971242,
      "tn" : 1756460971242796423,
      "q" : "100000",
      "p" : "0.000012217",
      "s" : "buy",
      "i" : "SHIB_USD",
      "m" : "4611686018441276015"
    }, {
      "d" : "1756460970716199482",
      "t" : 1756460970716,
      "tn" : 1756460970716199482,
      "q" : "100000",
      "p" : "0.000012217",
      "s" : "buy",
      "i" : "SHIB_USD",
      "m" : "4611686018441276014"
    }, {
      "d" : "1756460965191524124",
      "t" : 1756460965191,
      "tn" : 1756460965191524124,
      "q" : "100000",
      "p" : "0.000012226",
      "s" : "sell",
      "i" : "SHIB_USD",
      "m" : "4611686018441276013"
    }, {
      "d" : "1756460959798427904",
      "t" : 1756460959798,
      "tn" : 1756460959798427904,
      "q" : "100000",
      "p" : "0.000012225",
      "s" : "sell",
      "i" : "SHIB_USD",
      "m" : "4611686018441276012"
    }, {
      "d" : "1756460959550700829",
      "t" : 1756460959550,
      "tn" : 1756460959550700829,
      "q" : "100000",
      "p" : "0.000012225",
      "s" : "sell",
      "i" : "SHIB_USD",
      "m" : "4611686018441276011"
    }, {
      "d" : "1756460954206015185",
      "t" : 1756460954206,
      "tn" : 1756460954206015185,
      "q" : "100000",
      "p" : "0.000012226",
      "s" : "sell",
      "i" : "SHIB_USD",
      "m" : "4611686018441276010"
    }, {
      "d" : "1756460954118651848",
      "t" : 1756460954118,
      "tn" : 1756460954118651848,
      "q" : "100000",
      "p" : "0.000012226",
      "s" : "sell",
      "i" : "SHIB_USD",
      "m" : "4611686018441276009"
    }, {
      "d" : "1756460948628566472",
      "t" : 1756460948628,
      "tn" : 1756460948628566472,
      "q" : "100000",
      "p" : "0.000012217",
      "s" : "buy",
      "i" : "SHIB_USD",
      "m" : "4611686018441276008"
    }, {
      "d" : "1756460945142470087",
      "t" : 1756460945142,
      "tn" : 1756460945142470087,
      "q" : "100000",
      "p" : "0.000012216",
      "s" : "sell",
      "i" : "SHIB_USD",
      "m" : "4611686018441276007"
    }, {
      "d" : "1756460944957362001",
      "t" : 1756460944957,
      "tn" : 1756460944957362001,
      "q" : "100000",
      "p" : "0.000012216",
      "s" : "sell",
      "i" : "SHIB_USD",
      "m" : "4611686018441276006"
    }, {
      "d" : "1756460915770106816",
      "t" : 1756460915770,
      "tn" : 1756460915770106815,
      "q" : "250000",
      "p" : "0.000012226",
      "s" : "sell",
      "i" : "SHIB_USD",
      "m" : "4611686018441276005"
    }, {
      "d" : "1756460915770106815",
      "t" : 1756460915770,
      "tn" : 1756460915770106815,
      "q" : "100000",
      "p" : "0.000012226",
      "s" : "sell",
      "i" : "SHIB_USD",
      "m" : "4611686018441276005"
    }, {
      "d" : "1756460913071648909",
      "t" : 1756460913071,
      "tn" : 1756460913071648909,
      "q" : "100000",
      "p" : "0.000012226",
      "s" : "sell",
      "i" : "SHIB_USD",
      "m" : "4611686018441276004"
    }, {
      "d" : "1756460898943675530",
      "t" : 1756460898943,
      "tn" : 1756460898943675530,
      "q" : "100000",
      "p" : "0.000012216",
      "s" : "sell",
      "i" : "SHIB_USD",
      "m" : "4611686018441276003"
    }, {
      "d" : "1756460898555825156",
      "t" : 1756460898555,
      "tn" : 1756460898555825156,
      "q" : "3520000",
      "p" : "0.000012215",
      "s" : "sell",
      "i" : "SHIB_USD",
      "m" : "4611686018441276002"
    }, {
      "d" : "1756460898555822829",
      "t" : 1756460898555,
      "tn" : 1756460898555822829,
      "q" : "100000",
      "p" : "0.000012216",
      "s" : "sell",
      "i" : "SHIB_USD",
      "m" : "4611686018441276001"
    }, {
      "d" : "1756460873645170267",
      "t" : 1756460873645,
      "tn" : 1756460873645170266,
      "q" : "100000",
      "p" : "0.000012217",
      "s" : "buy",
      "i" : "SHIB_USD",
      "m" : "4611686018441276000"
    }, {
      "d" : "1756460873645170266",
      "t" : 1756460873645,
      "tn" : 1756460873645170266,
      "q" : "35020000",
      "p" : "0.000012217",
      "s" : "buy",
      "i" : "SHIB_USD",
      "m" : "4611686018441276000"
    }, {
      "d" : "1756460828263428994",
      "t" : 1756460828263,
      "tn" : 1756460828263428993,
      "q" : "100000",
      "p" : "0.000012206",
      "s" : "sell",
      "i" : "SHIB_USD",
      "m" : "4611686018441275999"
    }, {
      "d" : "1756460828263428993",
      "t" : 1756460828263,
      "tn" : 1756460828263428993,
      "q" : "100000",
      "p" : "0.000012206",
      "s" : "sell",
      "i" : "SHIB_USD",
      "m" : "4611686018441275999"
    }, {
      "d" : "1756460810054081929",
      "t" : 1756460810054,
      "tn" : 1756460810054081928,
      "q" : "9880000",
      "p" : "0.000012197",
      "s" : "buy",
      "i" : "SHIB_USD",
      "m" : "4611686018441275998"
    }, {
      "d" : "1756460810054081928",
      "t" : 1756460810054,
      "tn" : 1756460810054081928,
      "q" : "100000",
      "p" : "0.000012197",
      "s" : "buy",
      "i" : "SHIB_USD",
      "m" : "4611686018441275998"
    }, {
      "d" : "1756460805303636537",
      "t" : 1756460805303,
      "tn" : 1756460805303636537,
      "q" : "100000",
      "p" : "0.000012206",
      "s" : "sell",
      "i" : "SHIB_USD",
      "m" : "4611686018441275997"
    }, {
      "d" : "1756460805245523878",
      "t" : 1756460805245,
      "tn" : 1756460805245523878,
      "q" : "100000",
      "p" : "0.000012206",
      "s" : "sell",
      "i" : "SHIB_USD",
      "m" : "4611686018441275996"
    }, {
      "d" : "1756460787010237138",
      "t" : 1756460787010,
      "tn" : 1756460787010237138,
      "q" : "100000",
      "p" : "0.000012205",
      "s" : "sell",
      "i" : "SHIB_USD",
      "m" : "4611686018441275995"
    }, {
      "d" : "1756460786672203137",
      "t" : 1756460786672,
      "tn" : 1756460786672203137,
      "q" : "100000",
      "p" : "0.000012205",
      "s" : "sell",
      "i" : "SHIB_USD",
      "m" : "4611686018441275994"
    }, {
      "d" : "1756460777767070349",
      "t" : 1756460777767,
      "tn" : 1756460777767070349,
      "q" : "32570000",
      "p" : "0.000012197",
      "s" : "buy",
      "i" : "SHIB_USD",
      "m" : "4611686018441275993"
    }, {
      "d" : "1756460750250269557",
      "t" : 1756460750250,
      "tn" : 1756460750250269557,
      "q" : "6010000",
      "p" : "0.000012197",
      "s" : "buy",
      "i" : "SHIB_USD",
      "m" : "4611686018441275992"
    }, {
      "d" : "1756460750246366755",
      "t" : 1756460750246,
      "tn" : 1756460750246366755,
      "q" : "770000",
      "p" : "0.000012197",
      "s" : "buy",
      "i" : "SHIB_USD",
      "m" : "4611686018441275991"
    }, {
      "d" : "1756460747522935493",
      "t" : 1756460747522,
      "tn" : 1756460747522935493,
      "q" : "100000",
      "p" : "0.000012196",
      "s" : "sell",
      "i" : "SHIB_USD",
      "m" : "4611686018441275990"
    }, {
      "d" : "1756460745275925039",
      "t" : 1756460745275,
      "tn" : 1756460745275925039,
      "q" : "100000",
      "p" : "0.000012195",
      "s" : "sell",
      "i" : "SHIB_USD",
      "m" : "4611686018441275989"
    }, {
      "d" : "1756460744267287493",
      "t" : 1756460744267,
      "tn" : 1756460744267287493,
      "q" : "100000",
      "p" : "0.000012195",
      "s" : "sell",
      "i" : "SHIB_USD",
      "m" : "4611686018441275988"
    }, {
      "d" : "1756460744214059109",
      "t" : 1756460744214,
      "tn" : 1756460744214059109,
      "q" : "100000",
      "p" : "0.000012195",
      "s" : "sell",
      "i" : "SHIB_USD",
      "m" : "4611686018441275987"
    }, {
      "d" : "1756460737541041061",
      "t" : 1756460737541,
      "tn" : 1756460737541041061,
      "q" : "100000",
      "p" : "0.000012189",
      "s" : "buy",
      "i" : "SHIB_USD",
      "m" : "4611686018441275986"
    }, {
      "d" : "1756460737303016480",
      "t" : 1756460737303,
      "tn" : 1756460737303016480,
      "q" : "100000",
      "p" : "0.000012189",
      "s" : "buy",
      "i" : "SHIB_USD",
      "m" : "4611686018441275985"
    }, {
      "d" : "1756460736802576960",
      "t" : 1756460736802,
      "tn" : 1756460736802576960,
      "q" : "100000",
      "p" : "0.000012188",
      "s" : "buy",
      "i" : "SHIB_USD",
      "m" : "4611686018441275984"
    }, {
      "d" : "1756460736461568631",
      "t" : 1756460736461,
      "tn" : 1756460736461568631,
      "q" : "2820000",
      "p" : "0.000012190",
      "s" : "buy",
      "i" : "SHIB_USD",
      "m" : "4611686018441275983"
    }, {
      "d" : "1756460736461438651",
      "t" : 1756460736461,
      "tn" : 1756460736461438651,
      "q" : "100000",
      "p" : "0.000012188",
      "s" : "buy",
      "i" : "SHIB_USD",
      "m" : "4611686018441275982"
    }, {
      "d" : "1756460735415835413",
      "t" : 1756460735415,
      "tn" : 1756460735415835413,
      "q" : "100000",
      "p" : "0.000012188",
      "s" : "buy",
      "i" : "SHIB_USD",
      "m" : "4611686018441275981"
    }, {
      "d" : "1756460735218529937",
      "t" : 1756460735218,
      "tn" : 1756460735218529937,
      "q" : "100000",
      "p" : "0.000012187",
      "s" : "buy",
      "i" : "SHIB_USD",
      "m" : "4611686018441275980"
    }, {
      "d" : "1756460732648247477",
      "t" : 1756460732648,
      "tn" : 1756460732648247477,
      "q" : "115590000",
      "p" : "0.000012183",
      "s" : "sell",
      "i" : "SHIB_USD",
      "m" : "4611686018441275979"
    }, {
      "d" : "1756460732648245750",
      "t" : 1756460732648,
      "tn" : 1756460732648245750,
      "q" : "18530000",
      "p" : "0.000012184",
      "s" : "sell",
      "i" : "SHIB_USD",
      "m" : "4611686018441275978"
    }, {
      "d" : "1756460716252873617",
      "t" : 1756460716252,
      "tn" : 1756460716252873617,
      "q" : "100000",
      "p" : "0.000012178",
      "s" : "buy",
      "i" : "SHIB_USD",
      "m" : "4611686018441275977"
    } ]
  }
}