{
  "id" : -1,
  "method" : "public/get-trades",
  "code" : 0,
  "result" : {
    "data" : [ {
      "d" : "1756462403656043609",
      "t" : 1756462403656,
      "tn" : 1756462403656043609,
      "q" : "20000000",
      "p" : "0.0000122400",
      "s" : "sell",
      "i" : "SHIBUSD-PERP",
      "m" : "4611686018437729204"
    }, {
      "d" : "1756462403656041265",
      "t" : 1756462403656,
      "tn" : 1756462403656041265,
      "q" : "10000",
      "p" : "0.0000122430",
      "s" : "sell",
      "i" : "SHIBUSD-PERP",
      "m" : "4611686018437729203"
    }, {
      "d" : "1756462306985955726",
      "t" : 1756462306985,
      "tn" : 1756462306985955726,
      "q" : "10000",
      "p" : "0.0000122395",
      "s" : "buy",
      "i" : "SHIBUSD-PERP",
      "m" : "4611686018437729202"
    }, {
      "d" : "1756462306985953910",
      "t" : 1756462306985,
      "tn" : 1756462306985953910,
      "q" : "6190000",
      "p" : "0.0000122394",
      "s" : "buy",
      "i" : "SHIBUSD-PERP",
      "m" : "4611686018437729201"
    }, {
      "d" : "1756462306985756352",
      "t" : 1756462306985,
      "tn" : 1756462306985756352,
      "q" : "79530000",
      "p" : "0.0000122394",
      "s" : "buy",
      "i" : "SHIBUSD-PERP",
      "m" : "4611686018437729200"
    }, {
      "d" : "1756462306985754568",
      "t" : 1756462306985,
      "tn" : 1756462306985754568,
      "q" : "25720000",
      "p" : "0.0000122393",
      "s" : "buy",
      "i" : "SHIBUSD-PERP",
      "m" : "4611686018437729199"
    }, {
      "d" : "1756462225494537029",
      "t" : 1756462225494,
      "tn" : 1756462225494537029,
      "q" : "10000",
      "p" : "0.0000122274",
      "s" : "buy",
      "i" : "SHIBUSD-PERP",
      "m" : "4611686018437729198"
    }, {
      "d" : "1756462153939145132",
      "t" : 1756462153939,
      "tn" : 1756462153939145132,
      "q" : "10000",
      "p" : "0.0000122354",
      "s" : "buy",
      "i" : "SHIBUSD-PERP",
      "m" : "4611686018437729197"
    }, {
      "d" : "1756462153261717204",
      "t" : 1756462153261,
      "tn" : 1756462153261717204,
      "q" : "10000",
      "p" : "0.0000122388",
      "s" : "buy",
      "i" : "SHIBUSD-PERP",
      "m" : "4611686018437729196"
    }, {
      "d" : "1756462153261715487",
      "t" : 1756462153261,
      "tn" : 1756462153261715487,
      "q" : "86330000",
      "p" : "0.0000122387",
      "s" : "buy",
      "i" : "SHIBUSD-PERP",
      "m" : "4611686018437729195"
    }, {
      "d" : "1756462153261713768",
      "t" : 1756462153261,
      "tn" : 1756462153261713768,
      "q" : "25900000",
      "p" : "0.0000122386",
      "s" : "buy",
      "i" : "SHIBUSD-PERP",
      "m" : "4611686018437729194"
    }, {
      "d" : "1756462153261711702",
      "t" : 1756462153261,
      "tn" : 1756462153261711702,
      "q" : "10000",
      "p" : "0.0000122374",
      "s" : "buy",
      "i" : "SHIBUSD-PERP",
      "m" : "4611686018437729193"
    }, {
      "d" : "1756462143689652169",
      "t" : 1756462143689,
      "tn" : 1756462143689652169,
      "q" : "10000",
      "p" : "0.0000122373",
      "s" : "buy",
      "i" : "SHIBUSD-PERP",
      "m" : "4611686018437729192"
    }, {
      "d" : "1756462138710690491",
      "t" : 1756462138710,
      "tn" : 1756462138710690491,
      "q" : "10000",
      "p" : "0.0000122383",
      "s" : "buy",
      "i" : "SHIBUSD-PERP",
      "m" : "4611686018437729191"
    }, {
      "d" : "1756462133320206489",
      "t" : 1756462133320,
      "tn" : 1756462133320206489,
      "q" : "10000",
      "p" : "0.0000122353",
      "s" : "buy",
      "i" : "SHIBUSD-PERP",
      "m" : "4611686018437729190"
    }, {
      "d" : "1756462131934240513",
      "t" : 1756462131934,
      "tn" : 1756462131934240513,
      "q" : "10000",
      "p" : "0.0000122373",
      "s" : "buy",
      "i" : "SHIBUSD-PERP",
      "m" : "4611686018437729189"
    }, {
      "d" : "1756462126592017040",
      "t" : 1756462126592,
      "tn" : 1756462126592017040,
      "q" : "10000",
      "p" : "0.0000122372",
      "s" : "buy",
      "i" : "SHIBUSD-PERP",
      "m" : "4611686018437729188"
    }, {
      "d" : "1756461998058371585",
      "t" : 1756461998058,
      "tn" : 1756461998058371585,
      "q" : "11970000",
      "p" : "0.0000122200",
      "s" : "buy",
      "i" : "SHIBUSD-PERP",
      "m" : "4611686018437729187"
    }, {
      "d" : "1756461998058369843",
      "t" : 1756461998058,
      "tn" : 1756461998058369843,
      "q" : "10000",
      "p" : "0.0000122196",
      "s" : "buy",
      "i" : "SHIBUSD-PERP",
      "m" : "4611686018437729186"
    }, {
      "d" : "1756461998058367028",
      "t" : 1756461998058,
      "tn" : 1756461998058367028,
      "q" : "10000",
      "p" : "0.0000122182",
      "s" : "buy",
      "i" : "SHIBUSD-PERP",
      "m" : "4611686018437729185"
    }, {
      "d" : "1756461983547069424",
      "t" : 1756461983547,
      "tn" : 1756461983547069424,
      "q" : "10000",
      "p" : "0.0000122162",
      "s" : "buy",
      "i" : "SHIBUSD-PERP",
      "m" : "4611686018437729184"
    }, {
      "d" : "1756461983395530485",
      "t" : 1756461983395,
      "tn" : 1756461983395530485,
      "q" : "10000",
      "p" : "0.0000122184",
      "s" : "buy",
      "i" : "SHIBUSD-PERP",
      "m" : "4611686018437729183"
    }, {
      "d" : "1756461983395528238",
      "t" : 1756461983395,
      "tn" : 1756461983395528238,
      "q" : "10000",
      "p" : "0.0000122161",
      "s" : "buy",
      "i" : "SHIBUSD-PERP",
      "m" : "4611686018437729182"
    }, {
      "d" : "1756461966866872757",
      "t" : 1756461966866,
      "tn" : 1756461966866872757,
      "q" : "10000",
      "p" : "0.0000122100",
      "s" : "buy",
      "i" : "SHIBUSD-PERP",
      "m" : "4611686018437729181"
    }, {
      "d" : "1756461966866870760",
      "t" : 1756461966866,
      "tn" : 1756461966866870760,
      "q" : "10000",
      "p" : "0.0000122081",
      "s" : "buy",
      "i" : "SHIBUSD-PERP",
      "m" : "4611686018437729180"
    }, {
      "d" : "1756461961344292605",
      "t" : 1756461961344,
      "tn" : 1756461961344292605,
      "q" : "10000",
      "p" : "0.0000122061",
      "s" : "buy",
      "i" : "SHIBUSD-PERP",
      "m" : "4611686018437729179"
    }, {
      "d" : "1756461956823713965",
      "t" : 1756461956823,
      "tn" : 1756461956823713965,
      "q" : "10000",
      "p" : "0.0000122090",
      "s" : "buy",
      "i" : "SHIBUSD-PERP",
      "m" : "4611686018437729178"
    }, {
      "d" : "1756461874129949331",
      "t" : 1756461874129,
      "tn" : 1756461874129949331,
      "q" : "10000",
      "p" : "0.0000122030",
      "s" : "buy",
      "i" : "SHIBUSD-PERP",
      "m" : "4611686018437729177"
    }, {
      "d" : "1756461818269868390",
      "t" : 1756461818269,
      "tn" : 1756461818269868390,
      "q" : "20000000",
      "p" : "0.0000122008",
      "s" : "sell",
      "i" : "SHIBUSD-PERP",
      "m" : "4611686018437729176"
    }, {
      "d" : "1756461818269865605",
      "t" : 1756461818269,
      "tn" : 1756461818269865605,
      "q" : "10000",
      "p" : "0.0000122035",
      "s" : "sell",
      "i" : "SHIBUSD-PERP",
      "m" : "4611686018437729175"
    }, {
      "d" : "1756461810288348613",
      "t" : 1756461810288,
      "tn" : 1756461810288348613,
      "q" : "10000",
      "p" : "0.0000122040",
      "s" : "buy",
      "i" : "SHIBUSD-PERP",
      "m" : "4611686018437729174"
    }, {
      "d" : "1756461723395910763",
      "t" : 1756461723395,
      "tn" : 1756461723395910763,
      "q" : "8030000",
      "p" : "0.0000122088",
      "s" : "buy",
      "i" : "SHIBUSD-PERP",
      "m" : "4611686018437729173"
    }, {
      "d" : "1756461722555884408",
      "t" : 1756461722555,
      "tn" : 1756461722555884408,
      "q" : "10000",
      "p" : "0.0000122070",
      "s" : "buy",
      "i" : "SHIBUSD-PERP",
      "m" : "4611686018437729172"
    }, {
      "d" : "1756461721736093200",
      "t" : 1756461721736,
      "tn" : 1756461721736093200,
      "q" : "77370000",
      "p" : "0.0000122088",
      "s" : "buy",
      "i" : "SHIBUSD-PERP",
      "m" : "4611686018437729171"
    }, {
      "d" : "1756461721736091735",
      "t" : 1756461721736,
      "tn" : 1756461721736091735,
      "q" : "25620000",
      "p" : "0.0000122087",
      "s" : "buy",
      "i" : "SHIBUSD-PERP",
      "m" : "4611686018437729170"
    }, {
      "d" : "1756461721736089481",
      "t" : 1756461721736,
      "tn" : 1756461721736089481,
      "q" : "10000",
      "p" : "0.0000122070",
      "s" : "buy",
      "i" : "SHIBUSD-PERP",
      "m" : "4611686018437729169"
    }, {
      "d" : "1756461601328922435",
      "t" : 1756461601328,
      "tn" : 1756461601328922435,
      "q" : "10000",
      "p" : "0.0000121924",
      "s" : "sell",
      "i" : "SHIBUSD-PERP",
      "m" : "4611686018437729168"
    }, {
      "d" : "1756461600337101144",
      "t" : 1756461600337,
      "tn" : 1756461600337101144,
      "q" : "10000",
      "p" : "0.0000121944",
      "s" : "buy",
      "i" : "SHIBUSD-PERP",
      "m" : "4611686018437729167"
    }, {
      "d" : "1756461600335282782",
      "t" : 1756461600335,
      "tn" : 1756461600335282782,
      "q" : "10000",
      "p" : "0.0000121929",
      "s" : "buy",
      "i" : "SHIBUSD-PERP",
      "m" : "4611686018437729166"
    }, {
      "d" : "1756461529526326028",
      "t" : 1756461529526,
      "tn" : 1756461529526326028,
      "q" : "10000",
      "p" : "0.0000121909",
      "s" : "buy",
      "i" : "SHIBUSD-PERP",
      "m" : "4611686018437729165"
    }, {
      "d" : "1756461529341620884",
      "t" : 1756461529341,
      "tn" : 1756461529341620884,
      "q" : "10000",
      "p" : "0.0000121939",
      "s" : "buy",
      "i" : "SHIBUSD-PERP",
      "m" : "4611686018437729164"
    }, {
      "d" : "1756461499094295308",
      "t" : 1756461499094,
      "tn" : 1756461499094295308,
      "q" : "76310000",
      "p" : "0.0000121991",
      "s" : "buy",
      "i" : "SHIBUSD-PERP",
      "m" : "4611686018437729163"
    }, {
      "d" : "1756461499094293161",
      "t" : 1756461499094,
      "tn" : 1756461499094293160,
      "q" : "25620000",
      "p" : "0.0000121990",
      "s" : "buy",
      "i" : "SHIBUSD-PERP",
      "m" : "4611686018437729162"
    }, {
      "d" : "1756461499094293160",
      "t" : 1756461499094,
      "tn" : 1756461499094293160,
      "q" : "20000000",
      "p" : "0.0000121990",
      "s" : "buy",
      "i" : "SHIBUSD-PERP",
      "m" : "4611686018437729162"
    }, {
      "d" : "1756461499094288721",
      "t" : 1756461499094,
      "tn" : 1756461499094288721,
      "q" : "10000",
      "p" : "0.0000121979",
      "s" : "buy",
      "i" : "SHIBUSD-PERP",
      "m" : "4611686018437729161"
    }, {
      "d" : "1756461489085780048",
      "t" : 1756461489085,
      "tn" : 1756461489085780048,
      "q" : "18720000",
      "p" : "0.0000121989",
      "s" : "buy",
      "i" : "SHIBUSD-PERP",
      "m" : "4611686018437729160"
    }, {
      "d" : "1756461489085777701",
      "t" : 1756461489085,
      "tn" : 1756461489085777701,
      "q" : "10000",
      "p" : "0.0000121988",
      "s" : "buy",
      "i" : "SHIBUSD-PERP",
      "m" : "4611686018437729159"
    }, {
      "d" : "1756461415478162357",
      "t" : 1756461415478,
      "tn" : 1756461415478162357,
      "q" : "160000",
      "p" : "0.0000121990",
      "s" : "buy",
      "i" : "SHIBUSD-PERP",
      "m" : "4611686018437729158"
    }, {
      "d" : "1756461415478159996",
      "t" : 1756461415478,
      "tn" : 1756461415478159996,
      "q" : "10000",
      "p" : "0.0000121968",
      "s" : "buy",
      "i" : "SHIBUSD-PERP",
      "m" : "4611686018437729157"
    }, {
      "d" : "1756461365686496816",
      "t" : 1756461365686,
      "tn" : 1756461365686496816,
      "q" : "2020000",
      "p" : "0.0000122002",
      "s" : "buy",
      "i" : "SHIBUSD-PERP",
      "m" : "4611686018437729156"
    }, {
      "d" : "1756461365686495166",
      "t" : 1756461365686,
      "tn" : 1756461365686495166,
      "q" : "10000",
      "p" : "0.0000121998",
      "s" : "buy",
      "i" : "SHIBUSD-PERP",
      "m" : "4611686018437729155"
    }, {
      "d" : "1756461339996278353",
      "t" : 1756461339996,
      "tn" : 1756461339996278353,
      "q" : "10000",
      "p" : "0.0000121992",
      "s" : "buy",
      "i" : "SHIBUSD-PERP",
      "m" : "4611686018437729154"
    }, {
      "d" : "1756461339996276513",
      "t" : 1756461339996,
      "tn" : 1756461339996276513,
      "q" : "85760000",
      "p" : "0.0000121972",
      "s" : "buy",
      "i" : "SHIBUSD-PERP",
      "m" : "4611686018437729153"
    }, {
      "d" : "1756461339996273993",
      "t" : 1756461339996,
      "tn" : 1756461339996273993,
      "q" : "25730000",
      "p" : "0.0000121971",
      "s" : "buy",
      "i" : "SHIBUSD-PERP",
      "m" : "4611686018437729152"
    }, {
      "d" : "1756461339996271382",
      "t" : 1756461339996,
      "tn" : 1756461339996271382,
      "q" : "10000",
      "p" : "0.0000121967",
      "s" : "buy",
      "i" : "SHIBUSD-PERP",
      "m" : "4611686018437729151"
    }, {
      "d" : "1756461261367541427",
      "t" : 1756461261367,
      "tn" : 1756461261367541427,
      "q" : "160000",
      "p" : "0.0000121884",
      "s" : "buy",
      "i" : "SHIBUSD-PERP",
      "m" : "4611686018437729150"
    }, {
      "d" : "1756461261367539706",
      "t" : 1756461261367,
      "tn" : 1756461261367539706,
      "q" : "10000",
      "p" : "0.0000121857",
      "s" : "buy",
      "i" : "SHIBUSD-PERP",
      "m" : "4611686018437729149"
    }, {
      "d" : "1756461240219127588",
      "t" : 1756461240219,
      "tn" : 1756461240219127588,
      "q" : "10000",
      "p" : "0.0000121857",
      "s" : "buy",
      "i" : "SHIBUSD-PERP",
      "m" : "4611686018437729148"
    }, {
      "d" : "1756461141266270882",
      "t" : 1756461141266,
      "tn" : 1756461141266270882,
      "q" : "10000",
      "p" : "0.0000121857",
      "s" : "buy",
      "i" : "SHIBUSD-PERP",
      "m" : "4611686018437729147"
    }, {
      "d" : "1756461139919480339",
      "t" : 1756461139919,
      "tn" : 1756461139919480339,
      "q" : "54900000",
      "p" : "0.0000121881",
      "s" : "buy",
      "i" : "SHIBUSD-PERP",
      "m" : "4611686018437729146"
    }, {
      "d" : "1756461139919478810",
      "t" : 1756461139919,
      "tn" : 1756461139919478810,
      "q" : "25840000",
      "p" : "0.0000121880",
      "s" : "buy",
      "i" : "SHIBUSD-PERP",
      "m" : "4611686018437729145"
    }, {
      "d" : "1756461139919477339",
      "t" : 1756461139919,
      "tn" : 1756461139919477339,
      "q" : "10000",
      "p" : "0.0000121876",
      "s" : "buy",
      "i" : "SHIBUSD-PERP",
      "m" : "4611686018437729144"
    }, {
      "d" : "1756461134061787066",
      "t" : 1756461134061,
      "tn" : 1756461134061787066,
      "q" : "10000",
      "p" : "0.0000121896",
      "s" : "buy",
      "i" : "SHIBUSD-PERP",
      "m" : "4611686018437729143"
    }, {
      "d" : "1756461120979353905",
      "t" : 1756461120979,
      "tn" : 1756461120979353905,
      "q" : "10000",
      "p" : "0.0000121876",
      "s" : "buy",
      "i" : "SHIBUSD-PERP",
      "m" : "4611686018437729142"
    }, {
      "d" : "1756461120526828317",
      "t" : 1756461120526,
      "tn" : 1756461120526828317,
      "q" : "10000",
      "p" : "0.0000121865",
      "s" : "buy",
      "i" : "SHIBUSD-PERP",
      "m" : "4611686018437729141"
    }, {
      "d" : "1756461110922948268",
      "t" : 1756461110922,
      "tn" : 1756461110922948268,
      "q" : "10000",
      "p" : "0.0000121855",
      "s" : "buy",
      "i" : "SHIBUSD-PERP",
      "m" : "4611686018437729140"
    }, {
      "d" : "1756461011657979992",
      "t" : 1756461011657,
      "tn" : 1756461011657979992,
      "q" : "10000",
      "p" : "0.0000122025",
      "s" : "buy",
      "i" : "SHIBUSD-PERP",
      "m" : "4611686018437729139"
    }, {
      "d" : "1756461010430681473",
      "t" : 1756461010430,
      "tn" : 1756461010430681473,
      "q" : "10000",
      "p" : "0.0000122064",
      "s" : "buy",
      "i" : "SHIBUSD-PERP",
      "m" : "4611686018437729138"
    }, {
      "d" : "1756461010430679637",
      "t" : 1756461010430,
      "tn" : 1756461010430679637,
      "q" : "10000",
      "p" : "0.0000122045",
      "s" : "buy",
      "i" : "SHIBUSD-PERP",
      "m" : "4611686018437729137"
    }, {
      "d" : "1756461000749854108",
      "t" : 1756461000749,
      "tn" : 1756461000749854108,
      "q" : "10000",
      "p" : "0.0000122034",
      "s" : "buy",
      "i" : "SHIBUSD-PERP",
      "m" : "4611686018437729136"
    }, {
      "d" : "1756461000486459997",
      "t" : 1756461000486,
      "tn" : 1756461000486459997,
      "q" : "10000",
      "p" : "0.0000122044",
      "s" : "buy",
      "i" : "SHIBUSD-PERP",
      "m" : "4611686018437729135"
    }, {
      "d" : "1756460997741143304",
      "t" : 1756460997741,
      "tn" : 1756460997741143304,
      "q" : "10000",
      "p" : "0.0000122064",
      "s" : "buy",
      "i" : "SHIBUSD-PERP",
      "m" : "4611686018437729134"
    }, {
      "d" : "1756460987734100808",
      "t" : 1756460987734,
      "tn" : 1756460987734100808,
      "q" : "10000",
      "p" : "0.0000122073",
      "s" : "buy",
      "i" : "SHIBUSD-PERP",
      "m" : "4611686018437729133"
    }, {
      "d" : "1756460964631049495",
      "t" : 1756460964631,
      "tn" : 1756460964631049495,
      "q" : "10000",
      "p" : "0.0000122143",
      "s" : "buy",
      "i" : "SHIBUSD-PERP",
      "m" : "4611686018437729132"
    }, {
      "d" : "1756460945392172696",
      "t" : 1756460945392,
      "tn" : 1756460945392172696,
      "q" : "10000",
      "p" : "0.0000122043",
      "s" : "buy",
      "i" : "SHIBUSD-PERP",
      "m" : "4611686018437729131"
    }, {
      "d" : "1756460920846058686",
      "t" : 1756460920846,
      "tn" : 1756460920846058686,
      "q" : "10000",
      "p" : "0.0000122153",
      "s" : "buy",
      "i" : "SHIBUSD-PERP",
      "m" : "4611686018437729130"
    }, {
      "d" : "1756460732794742309",
      "t" : 1756460732794,
      "tn" : 1756460732794742309,
      "q" : "18810000",
      "p" : "0.0000121790",
      "s" : "buy",
      "i" : "SHIBUSD-PERP",
      "m" : "4611686018437729129"
    }, {
      "d" : "1756460642809318222",
      "t" : 1756460642809,
      "tn" : 1756460642809318222,
      "q" : "42000000",
      "p" : "0.0000121681",
      "s" : "buy",
      "i" : "SHIBUSD-PERP",
      "m" : "4611686018437729128"
    }, {
      "d" : "1756460611491698955",
      "t" : 1756460611491,
      "tn" : 1756460611491698954,
      "q" : "3300000",
      "p" : "0.0000121700",
      "s" : "buy",
      "i" : "SHIBUSD-PERP",
      "m" : "4611686018437729127"
    }, {
      "d" : "1756460611491698954",
      "t" : 1756460611491,
      "tn" : 1756460611491698954,
      "q" : "25920000",
      "p" : "0.0000121700",
      "s" : "buy",
      "i" : "SHIBUSD-PERP",
      "m" : "4611686018437729127"
    }, {
      "d" : "1756460587428143689",
      "t" : 1756460587428,
      "tn" : 1756460587428143689,
      "q" : "12780000",
      "p" : "0.0000121600",
      "s" : "buy",
      "i" : "SHIBUSD-PERP",
      "m" : "4611686018437729126"
    }, {
      "d" : "1756460587137908779",
      "t" : 1756460587137,
      "tn" : 1756460587137908779,
      "q" : "13150000",
      "p" : "0.0000121600",
      "s" : "buy",
      "i" : "SHIBUSD-PERP",
      "m" : "4611686018437729125"
    }, {
      "d" : "1756460586136455269",
      "t" : 1756460586136,
      "tn" : 1756460586136455269,
      "q" : "25930000",
      "p" : "0.0000121600",
      "s" : "buy",
      "i" : "SHIBUSD-PERP",
      "m" : "4611686018437729124"
    }, {
      "d" : "1756460549156376349",
      "t" : 1756460549156,
      "tn" : 1756460549156376348,
      "q" : "20000000",
      "p" : "0.0000121607",
      "s" : "sell",
      "i" : "SHIBUSD-PERP",
      "m" : "4611686018437729123"
    }, {
      "d" : "1756460549156376348",
      "t" : 1756460549156,
      "tn" : 1756460549156376348,
      "q" : "19080000",
      "p" : "0.0000121607",
      "s" : "sell",
      "i" : "SHIBUSD-PERP",
      "m" : "4611686018437729123"
    }, {
      "d" : "1756460549155534648",
      "t" : 1756460549155,
      "tn" : 1756460549155534648,
      "q" : "21980000",
      "p" : "0.0000121607",
      "s" : "sell",
      "i" : "SHIBUSD-PERP",
      "m" : "4611686018437729122"
    }, {
      "d" : "1756460549155533052",
      "t" : 1756460549155,
      "tn" : 1756460549155533052,
      "q" : "10000",
      "p" : "0.0000121627",
      "s" : "sell",
      "i" : "SHIBUSD-PERP",
      "m" : "4611686018437729121"
    }, {
      "d" : "1756460547567578309",
      "t" : 1756460547567,
      "tn" : 1756460547567578308,
      "q" : "50000000",
      "p" : "0.0000121652",
      "s" : "buy",
      "i" : "SHIBUSD-PERP",
      "m" : "4611686018437729120"
    }, {
      "d" : "1756460547567578308",
      "t" : 1756460547567,
      "tn" : 1756460547567578308,
      "q" : "10000",
      "p" : "0.0000121652",
      "s" : "buy",
      "i" : "SHIBUSD-PERP",
      "m" : "4611686018437729120"
    }, {
      "d" : "1756460547567574823",
      "t" : 1756460547567,
      "tn" : 1756460547567574823,
      "q" : "86480000",
      "p" : "0.0000121651",
      "s" : "buy",
      "i" : "SHIBUSD-PERP",
      "m" : "4611686018437729119"
    }, {
      "d" : "1756460547567572657",
      "t" : 1756460547567,
      "tn" : 1756460547567572657,
      "q" : "40950000",
      "p" : "0.0000121650",
      "s" : "buy",
      "i" : "SHIBUSD-PERP",
      "m" : "4611686018437729118"
    }, {
      "d" : "1756460547567569431",
      "t" : 1756460547567,
      "tn" : 1756460547567569431,
      "q" : "60000000",
      "p" : "0.0000121645",
      "s" : "buy",
      "i" : "SHIBUSD-PERP",
      "m" : "4611686018437729117"
    }, {
      "d" : "1756460547567567009",
      "t" : 1756460547567,
      "tn" : 1756460547567567009,
      "q" : "20000000",
      "p" : "0.0000121643",
      "s" : "buy",
      "i" : "SHIBUSD-PERP",
      "m" : "4611686018437729116"
    }, {
      "d" : "1756460541873599416",
      "t" : 1756460541873,
      "tn" : 1756460541873599416,
      "q" : "18140000",
      "p" : "0.0000121641",
      "s" : "buy",
      "i" : "SHIBUSD-PERP",
      "m" : "4611686018437729115"
    }, {
      "d" : "1756460539525038104",
      "t" : 1756460539525,
      "tn" : 1756460539525038104,
      "q" : "10000",
      "p" : "0.0000121641",
      "s" : "buy",
      "i" : "SHIBUSD-PERP",
      "m" : "4611686018437729114"
    }, {
      "d" : "1756460522687200677",
      "t" : 1756460522687,
      "tn" : 1756460522687200677,
      "q" : "20000000",
      "p" : "0.0000121649",
      "s" : "buy",
      "i" : "SHIBUSD-PERP",
      "m" : "4611686018437729113"
    }, {
      "d" : "1756460522687198404",
      "t" : 1756460522687,
      "tn" : 1756460522687198404,
      "q" : "10000",
      "p" : "0.0000121642",
      "s" : "buy",
      "i" : "SHIBUSD-PERP",
      "m" : "4611686018437729112"
    }, {
      "d" : "1756460512628670112",
      "t" : 1756460512628,
      "tn" : 1756460512628670112,
      "q" : "10000",
      "p" : "0.0000121652",
      "s" : "buy",
      "i" : "SHIBUSD-PERP",
      "m" : "4611686018437729111"
    }, {
      "d" : "1756460418884059244",
      "t" : 1756460418884,
      "tn" : 1756460418884059244,
      "q" : "10000",
      "p" : "0.0000121631",
      "s" : "buy",
      "i" : "SHIBUSD-PERP",
      "m" : "4611686018437729110"
    }, {
      "d" : "1756460358155867194",
      "t" : 1756460358155,
      "tn" : 1756460358155867194,
      "q" : "10000",
      "p" : "0.0000121521",
      "s" : "buy",
      "i" : "SHIBUSD-PERP",
      "m" : "4611686018437729109"
    }, {
      "d" : "1756460358033620853",
      "t" : 1756460358033,
      "tn" : 1756460358033620853,
      "q" : "20000000",
      "p" : "0.0000121504",
      "s" : "sell",
      "i" : "SHIBUSD-PERP",
      "m" : "4611686018437729108"
    }, {
      "d" : "1756460358033618466",
      "t" : 1756460358033,
      "tn" : 1756460358033618466,
      "q" : "10000",
      "p" : "0.0000121526",
      "s" : "sell",
      "i" : "SHIBUSD-PERP",
      "m" : "4611686018437729107"
    }, {
      "d" : "1756460282500929941",
      "t" : 1756460282500,
      "tn" : 1756460282500929941,
      "q" : "60000000",
      "p" : "0.0000121615",
      "s" : "buy",
      "i" : "SHIBUSD-PERP",
      "m" : "4611686018437729106"
    }, {
      "d" : "1756460256908847664",
      "t" : 1756460256908,
      "tn" : 1756460256908847663,
      "q" : "22000000",
      "p" : "0.0000121588",
      "s" : "buy",
      "i" : "SHIBUSD-PERP",
      "m" : "4611686018437729105"
    }, {
      "d" : "1756460256908847663",
      "t" : 1756460256908,
      "tn" : 1756460256908847663,
      "q" : "20000000",
      "p" : "0.0000121588",
      "s" : "buy",
      "i" : "SHIBUSD-PERP",
      "m" : "4611686018437729105"
    }, {
      "d" : "1756460175257154932",
      "t" : 1756460175257,
      "tn" : 1756460175257154932,
      "q" : "21990000",
      "p" : "0.0000121401",
      "s" : "sell",
      "i" : "SHIBUSD-PERP",
      "m" : "4611686018437729104"
    }, {
      "d" : "1756460175257153241",
      "t" : 1756460175257,
      "tn" : 1756460175257153241,
      "q" : "20000000",
      "p" : "0.0000121403",
      "s" : "sell",
      "i" : "SHIBUSD-PERP",
      "m" : "4611686018437729103"
    }, {
      "d" : "1756460175257151224",
      "t" : 1756460175257,
      "tn" : 1756460175257151224,
      "q" : "10000",
      "p" : "0.0000121416",
      "s" : "sell",
      "i" : "SHIBUSD-PERP",
      "m" : "4611686018437729102"
    }, {
      "d" : "1756460164599526417",
      "t" : 1756460164599,
      "tn" : 1756460164599526417,
      "q" : "10000",
      "p" : "0.0000121511",
      "s" : "buy",
      "i" : "SHIBUSD-PERP",
      "m" : "4611686018437729101"
    }, {
      "d" : "1756460087252556793",
      "t" : 1756460087252,
      "tn" : 1756460087252556793,
      "q" : "42000000",
      "p" : "0.0000121497",
      "s" : "buy",
      "i" : "SHIBUSD-PERP",
      "m" : "4611686018437729100"
    }, {
      "d" : "1756460087252554603",
      "t" : 1756460087252,
      "tn" : 1756460087252554603,
      "q" : "4190000",
      "p" : "0.0000121497",
      "s" : "buy",
      "i" : "SHIBUSD-PERP",
      "m" : "4611686018437729099"
    }, {
      "d" : "1756460087252018767",
      "t" : 1756460087252,
      "tn" : 1756460087252018767,
      "q" : "9740000",
      "p" : "0.0000121497",
      "s" : "buy",
      "i" : "SHIBUSD-PERP",
      "m" : "4611686018437729098"
    }, {
      "d" : "1756460087252016914",
      "t" : 1756460087252,
      "tn" : 1756460087252016914,
      "q" : "32250000",
      "p" : "0.0000121496",
      "s" : "buy",
      "i" : "SHIBUSD-PERP",
      "m" : "4611686018437729097"
    }, {
      "d" : "1756460087252013971",
      "t" : 1756460087252,
      "tn" : 1756460087252013971,
      "q" : "10000",
      "p" : "0.0000121491",
      "s" : "buy",
      "i" : "SHIBUSD-PERP",
      "m" : "4611686018437729096"
    }, {
      "d" : "1756460067827180811",
      "t" : 1756460067827,
      "tn" : 1756460067827180811,
      "q" : "10000",
      "p" : "0.0000121481",
      "s" : "buy",
      "i" : "SHIBUSD-PERP",
      "m" : "4611686018437729095"
    }, {
      "d" : "1756460067827180150",
      "t" : 1756460067827,
      "tn" : 1756460067827180150,
      "q" : "20000000",
      "p" : "0.0000121478",
      "s" : "buy",
      "i" : "SHIBUSD-PERP",
      "m" : "4611686018437729094"
    }, {
      "d" : "1756460067827179457",
      "t" : 1756460067827,
      "tn" : 1756460067827179457,
      "q" : "8000000",
      "p" : "0.0000121476",
      "s" : "buy",
      "i" : "SHIBUSD-PERP",
      "m" : "4611686018437729093"
    }, {
      "d" : "1756460067826694002",
      "t" : 1756460067826,
      "tn" : 1756460067826694002,
      "q" : "42000000",
      "p" : "0.0000121476",
      "s" : "buy",
      "i" : "SHIBUSD-PERP",
      "m" : "4611686018437729092"
    }, {
      "d" : "1756460040708334508",
      "t" : 1756460040708,
      "tn" : 1756460040708334508,
      "q" : "10000",
      "p" : "0.0000121501",
      "s" : "buy",
      "i" : "SHIBUSD-PERP",
      "m" : "4611686018437729091"
    }, {
      "d" : "1756459976132485563",
      "t" : 1756459976132,
      "tn" : 1756459976132485563,
      "q" : "10000",
      "p" : "0.0000121500",
      "s" : "buy",
      "i" : "SHIBUSD-PERP",
      "m" : "4611686018437729090"
    }, {
      "d" : "1756459973581551661",
      "t" : 1756459973581,
      "tn" : 1756459973581551661,
      "q" : "10000",
      "p" : "0.0000121500",
      "s" : "buy",
      "i" : "SHIBUSD-PERP",
      "m" : "4611686018437729089"
    }, {
      "d" : "1756459971759639001",
      "t" : 1756459971759,
      "tn" : 1756459971759639001,
      "q" : "10000",
      "p" : "0.0000121500",
      "s" : "buy",
      "i" : "SHIBUSD-PERP",
      "m" : "4611686018437729088"
    }, {
      "d" : "1756459971560866154",
      "t" : 1756459971560,
      "tn" : 1756459971560866154,
      "q" : "10000",
      "p" : "0.0000121499",
      "s" : "buy",
      "i" : "SHIBUSD-PERP",
      "m" : "4611686018437729087"
    }, {
      "d" : "1756459965190302855",
      "t" : 1756459965190,
      "tn" : 1756459965190302855,
      "q" : "10000",
      "p" : "0.0000121499",
      "s" : "buy",
      "i" : "SHIBUSD-PERP",
      "m" : "4611686018437729086"
    }, {
      "d" : "1756459962570527147",
      "t" : 1756459962570,
      "tn" : 1756459962570527147,
      "q" : "10000",
      "p" : "0.0000121499",
      "s" : "buy",
      "i" : "SHIBUSD-PERP",
      "m" : "4611686018437729085"
    }, {
      "d" : "1756459962437374818",
      "t" : 1756459962437,
      "tn" : 1756459962437374818,
      "q" : "10000",
      "p" : "0.0000121499",
      "s" : "buy",
      "i" : "SHIBUSD-PERP",
      "m" : "4611686018437729084"
    }, {
      "d" : "1756459958017800739",
      "t" : 1756459958017,
      "tn" : 1756459958017800739,
      "q" : "10000",
      "p" : "0.0000121498",
      "s" : "buy",
      "i" : "SHIBUSD-PERP",
      "m" : "4611686018437729083"
    }, {
      "d" : "1756459955426240673",
      "t" : 1756459955426,
      "tn" : 1756459955426240673,
      "q" : "10000",
      "p" : "0.0000121488",
      "s" : "buy",
      "i" : "SHIBUSD-PERP",
      "m" : "4611686018437729082"
    }, {
      "d" : "1756459917145920459",
      "t" : 1756459917145,
      "tn" : 1756459917145920459,
      "q" : "10000",
      "p" : "0.0000121598",
      "s" : "buy",
      "i" : "SHIBUSD-PERP",
      "m" : "4611686018437729081"
    }, {
      "d" : "1756459917037070070",
      "t" : 1756459917037,
      "tn" : 1756459917037070070,
      "q" : "10000",
      "p" : "0.0000121587",
      "s" : "buy",
      "i" : "SHIBUSD-PERP",
      "m" : "4611686018437729080"
    }, {
      "d" : "1756459906659991685",
      "t" : 1756459906659,
      "tn" : 1756459906659991685,
      "q" : "60000000",
      "p" : "0.0000121555",
      "s" : "sell",
      "i" : "SHIBUSD-PERP",
      "m" : "4611686018437729079"
    }, {
      "d" : "1756459906659989231",
      "t" : 1756459906659,
      "tn" : 1756459906659989231,
      "q" : "50000000",
      "p" : "0.0000121556",
      "s" : "sell",
      "i" : "SHIBUSD-PERP",
      "m" : "4611686018437729078"
    }, {
      "d" : "1756459906659986568",
      "t" : 1756459906659,
      "tn" : 1756459906659986568,
      "q" : "20000000",
      "p" : "0.0000121564",
      "s" : "sell",
      "i" : "SHIBUSD-PERP",
      "m" : "4611686018437729077"
    }, {
      "d" : "1756459906659984069",
      "t" : 1756459906659,
      "tn" : 1756459906659984069,
      "q" : "10000",
      "p" : "0.0000121582",
      "s" : "sell",
      "i" : "SHIBUSD-PERP",
      "m" : "4611686018437729076"
    }, {
      "d" : "1756459884299986681",
      "t" : 1756459884299,
      "tn" : 1756459884299986681,
      "q" : "10000",
      "p" : "0.0000121697",
      "s" : "buy",
      "i" : "SHIBUSD-PERP",
      "m" : "4611686018437729075"
    }, {
      "d" : "1756459884177505788",
      "t" : 1756459884177,
      "tn" : 1756459884177505788,
      "q" : "10000",
      "p" : "0.0000121687",
      "s" : "buy",
      "i" : "SHIBUSD-PERP",
      "m" : "4611686018437729074"
    }, {
      "d" : "1756459879671257866",
      "t" : 1756459879671,
      "tn" : 1756459879671257866,
      "q" : "10000",
      "p" : "0.0000121597",
      "s" : "buy",
      "i" : "SHIBUSD-PERP",
      "m" : "4611686018437729073"
    }, {
      "d" : "1756459877130708806",
      "t" : 1756459877130,
      "tn" : 1756459877130708806,
      "q" : "25980000",
      "p" : "0.0000121604",
      "s" : "sell",
      "i" : "SHIBUSD-PERP",
      "m" : "4611686018437729072"
    }, {
      "d" : "1756459877130707424",
      "t" : 1756459877130,
      "tn" : 1756459877130707424,
      "q" : "16020000",
      "p" : "0.0000121605",
      "s" : "sell",
      "i" : "SHIBUSD-PERP",
      "m" : "4611686018437729071"
    }, {
      "d" : "1756459877130606629",
      "t" : 1756459877130,
      "tn" : 1756459877130606629,
      "q" : "42000000",
      "p" : "0.0000121605",
      "s" : "sell",
      "i" : "SHIBUSD-PERP",
      "m" : "4611686018437729070"
    }, {
      "d" : "1756459877130056068",
      "t" : 1756459877130,
      "tn" : 1756459877130056068,
      "q" : "1980000",
      "p" : "0.0000121605",
      "s" : "sell",
      "i" : "SHIBUSD-PERP",
      "m" : "4611686018437729069"
    }, {
      "d" : "1756459877130054277",
      "t" : 1756459877130,
      "tn" : 1756459877130054277,
      "q" : "20000000",
      "p" : "0.0000121616",
      "s" : "sell",
      "i" : "SHIBUSD-PERP",
      "m" : "4611686018437729068"
    }, {
      "d" : "1756459877130051317",
      "t" : 1756459877130,
      "tn" : 1756459877130051317,
      "q" : "10000",
      "p" : "0.0000121622",
      "s" : "sell",
      "i" : "SHIBUSD-PERP",
      "m" : "4611686018437729067"
    }, {
      "d" : "1756459857427961035",
      "t" : 1756459857427,
      "tn" : 1756459857427961035,
      "q" : "10000",
      "p" : "0.0000121737",
      "s" : "buy",
      "i" : "SHIBUSD-PERP",
      "m" : "4611686018437729066"
    }, {
      "d" : "1756459853905936973",
      "t" : 1756459853905,
      "tn" : 1756459853905936973,
      "q" : "10000",
      "p" : "0.0000121697",
      "s" : "buy",
      "i" : "SHIBUSD-PERP",
      "m" : "4611686018437729065"
    }, {
      "d" : "1756459853799660745",
      "t" : 1756459853799,
      "tn" : 1756459853799660745,
      "q" : "10000",
      "p" : "0.0000121696",
      "s" : "buy",
      "i" : "SHIBUSD-PERP",
      "m" : "4611686018437729064"
    }, {
      "d" : "1756459853690683279",
      "t" : 1756459853690,
      "tn" : 1756459853690683279,
      "q" : "10000",
      "p" : "0.0000121686",
      "s" : "buy",
      "i" : "SHIBUSD-PERP",
      "m" : "4611686018437729063"
    }, {
      "d" : "1756459853499755804",
      "t" : 1756459853499,
      "tn" : 1756459853499755804,
      "q" : "10000",
      "p" : "0.0000121676",
      "s" : "buy",
      "i" : "SHIBUSD-PERP",
      "m" : "4611686018437729062"
    }, {
      "d" : "1756459853385309991",
      "t" : 1756459853385,
      "tn" : 1756459853385309991,
      "q" : "10000",
      "p" : "0.0000121675",
      "s" : "buy",
      "i" : "SHIBUSD-PERP",
      "m" : "4611686018437729061"
    }, {
      "d" : "1756459852372722047",
      "t" : 1756459852372,
      "tn" : 1756459852372722047,
      "q" : "10000",
      "p" : "0.0000121675",
      "s" : "buy",
      "i" : "SHIBUSD-PERP",
      "m" : "4611686018437729060"
    } ]
  }
}