{
  "id" : -1,
  "method" : "public/get-trades",
  "code" : 0,
  "result" : {
    "data" : [ {
      "d" : "1756461913107825538",
      "t" : 1756461913107,
      "tn" : 1756461913107825538,
      "q" : "182",
      "p" : "0.02645",
      "s" : "buy",
      "i" : "SKL_USD",
      "m" : "4611686018430942790"
    }, {
      "d" : "1756461913107824141",
      "t" : 1756461913107,
      "tn" : 1756461913107824141,
      "q" : "90",
      "p" : "0.02641",
      "s" : "buy",
      "i" : "SKL_USD",
      "m" : "4611686018430942789"
    }, {
      "d" : "1756461873126221429",
      "t" : 1756461873126,
      "tn" : 1756461873126221429,
      "q" : "268",
      "p" : "0.02656",
      "s" : "sell",
      "i" : "SKL_USD",
      "m" : "4611686018430942788"
    }, {
      "d" : "1756461870264036934",
      "t" : 1756461870264,
      "tn" : 1756461870264036934,
      "q" : "461",
      "p" : "0.02648",
      "s" : "buy",
      "i" : "SKL_USD",
      "m" : "4611686018430942787"
    }, {
      "d" : "1756461870264035567",
      "t" : 1756461870264,
      "tn" : 1756461870264035567,
      "q" : "179",
      "p" : "0.02643",
      "s" : "buy",
      "i" : "SKL_USD",
      "m" : "4611686018430942786"
    }, {
      "d" : "1756461870264033752",
      "t" : 1756461870264,
      "tn" : 1756461870264033752,
      "q" : "92",
      "p" : "0.02639",
      "s" : "buy",
      "i" : "SKL_USD",
      "m" : "4611686018430942785"
    }, {
      "d" : "1756461867597663473",
      "t" : 1756461867597,
      "tn" : 1756461867597663473,
      "q" : "435",
      "p" : "0.02648",
      "s" : "buy",
      "i" : "SKL_USD",
      "m" : "4611686018430942784"
    }, {
      "d" : "1756461867597662102",
      "t" : 1756461867597,
      "tn" : 1756461867597662102,
      "q" : "180",
      "p" : "0.02643",
      "s" : "buy",
      "i" : "SKL_USD",
      "m" : "4611686018430942783"
    }, {
      "d" : "1756461867597660284",
      "t" : 1756461867597,
      "tn" : 1756461867597660284,
      "q" : "96",
      "p" : "0.02639",
      "s" : "buy",
      "i" : "SKL_USD",
      "m" : "4611686018430942782"
    }, {
      "d" : "1756461864795979322",
      "t" : 1756461864795,
      "tn" : 1756461864795979322,
      "q" : "178",
      "p" : "0.02642",
      "s" : "buy",
      "i" : "SKL_USD",
      "m" : "4611686018430942781"
    }, {
      "d" : "1756461517794160757",
      "t" : 1756461517794,
      "tn" : 1756461517794160757,
      "q" : "89",
      "p" : "0.02637",
      "s" : "buy",
      "i" : "SKL_USD",
      "m" : "4611686018430942780"
    }, {
      "d" : "1756460944722945331",
      "t" : 1756460944722,
      "tn" : 1756460944722945331,
      "q" : "96",
      "p" : "0.02646",
      "s" : "buy",
      "i" : "SKL_USD",
      "m" : "4611686018430942779"
    }, {
      "d" : "1756460881276740408",
      "t" : 1756460881276,
      "tn" : 1756460881276740408,
      "q" : "93",
      "p" : "0.02645",
      "s" : "buy",
      "i" : "SKL_USD",
      "m" : "4611686018430942778"
    }, {
      "d" : "1756460624715816966",
      "t" : 1756460624715,
      "tn" : 1756460624715816966,
      "q" : "97",
      "p" : "0.02643",
      "s" : "sell",
      "i" : "SKL_USD",
      "m" : "4611686018430942777"
    }, {
      "d" : "1756460589801836542",
      "t" : 1756460589801,
      "tn" : 1756460589801836542,
      "q" : "198",
      "p" : "0.02631",
      "s" : "buy",
      "i" : "SKL_USD",
      "m" : "4611686018430942776"
    }, {
      "d" : "1756460463491551698",
      "t" : 1756460463491,
      "tn" : 1756460463491551698,
      "q" : "4306",
      "p" : "0.02627",
      "s" : "sell",
      "i" : "SKL_USD",
      "m" : "4611686018430942775"
    }, {
      "d" : "1756460463491548226",
      "t" : 1756460463491,
      "tn" : 1756460463491548226,
      "q" : "92",
      "p" : "0.02628",
      "s" : "sell",
      "i" : "SKL_USD",
      "m" : "4611686018430942774"
    }, {
      "d" : "1756459190416888623",
      "t" : 1756459190416,
      "tn" : 1756459190416888623,
      "q" : "176",
      "p" : "0.02645",
      "s" : "sell",
      "i" : "SKL_USD",
      "m" : "4611686018430942773"
    }, {
      "d" : "1756459190416887276",
      "t" : 1756459190416,
      "tn" : 1756459190416887276,
      "q" : "98",
      "p" : "0.02649",
      "s" : "sell",
      "i" : "SKL_USD",
      "m" : "4611686018430942772"
    }, {
      "d" : "1756459188002204334",
      "t" : 1756459188002,
      "tn" : 1756459188002204334,
      "q" : "91",
      "p" : "0.02644",
      "s" : "sell",
      "i" : "SKL_USD",
      "m" : "4611686018430942771"
    }, {
      "d" : "1756459185894840303",
      "t" : 1756459185894,
      "tn" : 1756459185894840303,
      "q" : "189",
      "p" : "0.02637",
      "s" : "buy",
      "i" : "SKL_USD",
      "m" : "4611686018430942770"
    }, {
      "d" : "1756459181823273788",
      "t" : 1756459181823,
      "tn" : 1756459181823273788,
      "q" : "92",
      "p" : "0.02641",
      "s" : "buy",
      "i" : "SKL_USD",
      "m" : "4611686018430942769"
    }, {
      "d" : "1756458946508888236",
      "t" : 1756458946508,
      "tn" : 1756458946508888236,
      "q" : "1958",
      "p" : "0.02637",
      "s" : "sell",
      "i" : "SKL_USD",
      "m" : "4611686018430942768"
    }, {
      "d" : "1756458946504133936",
      "t" : 1756458946504,
      "tn" : 1756458946504133936,
      "q" : "4972",
      "p" : "0.02637",
      "s" : "sell",
      "i" : "SKL_USD",
      "m" : "4611686018430942767"
    }, {
      "d" : "1756458946501408343",
      "t" : 1756458946501,
      "tn" : 1756458946501408343,
      "q" : "97",
      "p" : "0.02637",
      "s" : "buy",
      "i" : "SKL_USD",
      "m" : "4611686018430942766"
    }, {
      "d" : "1756458514256412341",
      "t" : 1756458514256,
      "tn" : 1756458514256412341,
      "q" : "97",
      "p" : "0.02633",
      "s" : "buy",
      "i" : "SKL_USD",
      "m" : "4611686018430942765"
    }, {
      "d" : "1756458410313295657",
      "t" : 1756458410313,
      "tn" : 1756458410313295657,
      "q" : "89",
      "p" : "0.02630",
      "s" : "buy",
      "i" : "SKL_USD",
      "m" : "4611686018430942764"
    }, {
      "d" : "1756458365338539560",
      "t" : 1756458365338,
      "tn" : 1756458365338539560,
      "q" : "95",
      "p" : "0.02619",
      "s" : "buy",
      "i" : "SKL_USD",
      "m" : "4611686018430942763"
    }, {
      "d" : "1756458244164997681",
      "t" : 1756458244164,
      "tn" : 1756458244164997681,
      "q" : "95",
      "p" : "0.02629",
      "s" : "buy",
      "i" : "SKL_USD",
      "m" : "4611686018430942762"
    }, {
      "d" : "1756458169938933363",
      "t" : 1756458169938,
      "tn" : 1756458169938933363,
      "q" : "97",
      "p" : "0.02629",
      "s" : "buy",
      "i" : "SKL_USD",
      "m" : "4611686018430942761"
    }, {
      "d" : "1756458158944825463",
      "t" : 1756458158944,
      "tn" : 1756458158944825463,
      "q" : "4723",
      "p" : "0.02630",
      "s" : "sell",
      "i" : "SKL_USD",
      "m" : "4611686018430942760"
    }, {
      "d" : "1756458158523728751",
      "t" : 1756458158523,
      "tn" : 1756458158523728750,
      "q" : "220",
      "p" : "0.02630",
      "s" : "sell",
      "i" : "SKL_USD",
      "m" : "4611686018430942759"
    }, {
      "d" : "1756458158523728750",
      "t" : 1756458158523,
      "tn" : 1756458158523728750,
      "q" : "588",
      "p" : "0.02630",
      "s" : "sell",
      "i" : "SKL_USD",
      "m" : "4611686018430942759"
    }, {
      "d" : "1756458153656019637",
      "t" : 1756458153656,
      "tn" : 1756458153656019637,
      "q" : "1",
      "p" : "0.02633",
      "s" : "sell",
      "i" : "SKL_USD",
      "m" : "4611686018430942758"
    }, {
      "d" : "1756458153654875481",
      "t" : 1756458153654,
      "tn" : 1756458153654875481,
      "q" : "3287",
      "p" : "0.02633",
      "s" : "sell",
      "i" : "SKL_USD",
      "m" : "4611686018430942757"
    }, {
      "d" : "1756458152152384491",
      "t" : 1756458152152,
      "tn" : 1756458152152384491,
      "q" : "4909",
      "p" : "0.02633",
      "s" : "sell",
      "i" : "SKL_USD",
      "m" : "4611686018430942756"
    }, {
      "d" : "1756458152142429882",
      "t" : 1756458152142,
      "tn" : 1756458152142429882,
      "q" : "4911",
      "p" : "0.02633",
      "s" : "sell",
      "i" : "SKL_USD",
      "m" : "4611686018430942755"
    }, {
      "d" : "1756458151926858815",
      "t" : 1756458151926,
      "tn" : 1756458151926858815,
      "q" : "4947",
      "p" : "0.02633",
      "s" : "sell",
      "i" : "SKL_USD",
      "m" : "4611686018430942754"
    }, {
      "d" : "1756458151917445370",
      "t" : 1756458151917,
      "tn" : 1756458151917445370,
      "q" : "26995",
      "p" : "0.02633",
      "s" : "sell",
      "i" : "SKL_USD",
      "m" : "4611686018430942753"
    }, {
      "d" : "1756458151916494922",
      "t" : 1756458151916,
      "tn" : 1756458151916494922,
      "q" : "4949",
      "p" : "0.02633",
      "s" : "sell",
      "i" : "SKL_USD",
      "m" : "4611686018430942752"
    }, {
      "d" : "1756457784440349545",
      "t" : 1756457784440,
      "tn" : 1756457784440349545,
      "q" : "99",
      "p" : "0.02642",
      "s" : "buy",
      "i" : "SKL_USD",
      "m" : "4611686018430942751"
    }, {
      "d" : "1756457657021265175",
      "t" : 1756457657021,
      "tn" : 1756457657021265175,
      "q" : "90",
      "p" : "0.02652",
      "s" : "sell",
      "i" : "SKL_USD",
      "m" : "4611686018430942750"
    }, {
      "d" : "1756457653961196856",
      "t" : 1756457653961,
      "tn" : 1756457653961196856,
      "q" : "179",
      "p" : "0.02651",
      "s" : "sell",
      "i" : "SKL_USD",
      "m" : "4611686018430942749"
    }, {
      "d" : "1756457653961194847",
      "t" : 1756457653961,
      "tn" : 1756457653961194847,
      "q" : "98",
      "p" : "0.02655",
      "s" : "sell",
      "i" : "SKL_USD",
      "m" : "4611686018430942748"
    }, {
      "d" : "1756457651765285159",
      "t" : 1756457651765,
      "tn" : 1756457651765285159,
      "q" : "87",
      "p" : "0.02652",
      "s" : "sell",
      "i" : "SKL_USD",
      "m" : "4611686018430942747"
    }, {
      "d" : "1756457058375600467",
      "t" : 1756457058375,
      "tn" : 1756457058375600467,
      "q" : "1505",
      "p" : "0.02653",
      "s" : "sell",
      "i" : "SKL_USD",
      "m" : "4611686018430942746"
    }, {
      "d" : "1756457058358508767",
      "t" : 1756457058358,
      "tn" : 1756457058358508767,
      "q" : "95",
      "p" : "0.02653",
      "s" : "buy",
      "i" : "SKL_USD",
      "m" : "4611686018430942745"
    }, {
      "d" : "1756456688043252475",
      "t" : 1756456688043,
      "tn" : 1756456688043252475,
      "q" : "87",
      "p" : "0.02647",
      "s" : "buy",
      "i" : "SKL_USD",
      "m" : "4611686018430942744"
    }, {
      "d" : "1756456271150367362",
      "t" : 1756456271150,
      "tn" : 1756456271150367362,
      "q" : "95",
      "p" : "0.02650",
      "s" : "sell",
      "i" : "SKL_USD",
      "m" : "4611686018430942743"
    }, {
      "d" : "1756455680354723887",
      "t" : 1756455680354,
      "tn" : 1756455680354723887,
      "q" : "96",
      "p" : "0.02654",
      "s" : "sell",
      "i" : "SKL_USD",
      "m" : "4611686018430942742"
    }, {
      "d" : "1756455677066224369",
      "t" : 1756455677066,
      "tn" : 1756455677066224369,
      "q" : "96",
      "p" : "0.02651",
      "s" : "sell",
      "i" : "SKL_USD",
      "m" : "4611686018430942741"
    }, {
      "d" : "1756455674973874504",
      "t" : 1756455674973,
      "tn" : 1756455674973874504,
      "q" : "93",
      "p" : "0.02650",
      "s" : "sell",
      "i" : "SKL_USD",
      "m" : "4611686018430942740"
    }, {
      "d" : "1756455672922862215",
      "t" : 1756455672922,
      "tn" : 1756455672922862215,
      "q" : "98",
      "p" : "0.02652",
      "s" : "sell",
      "i" : "SKL_USD",
      "m" : "4611686018430942739"
    }, {
      "d" : "1756455670886338682",
      "t" : 1756455670886,
      "tn" : 1756455670886338682,
      "q" : "188",
      "p" : "0.02647",
      "s" : "sell",
      "i" : "SKL_USD",
      "m" : "4611686018430942738"
    }, {
      "d" : "1756455670886173051",
      "t" : 1756455670886,
      "tn" : 1756455670886173051,
      "q" : "87",
      "p" : "0.02651",
      "s" : "sell",
      "i" : "SKL_USD",
      "m" : "4611686018430942737"
    }, {
      "d" : "1756455668641656269",
      "t" : 1756455668641,
      "tn" : 1756455668641656269,
      "q" : "88",
      "p" : "0.02655",
      "s" : "sell",
      "i" : "SKL_USD",
      "m" : "4611686018430942736"
    }, {
      "d" : "1756455659287816599",
      "t" : 1756455659287,
      "tn" : 1756455659287816599,
      "q" : "192",
      "p" : "0.02657",
      "s" : "sell",
      "i" : "SKL_USD",
      "m" : "4611686018430942735"
    }, {
      "d" : "1756455659287814631",
      "t" : 1756455659287,
      "tn" : 1756455659287814631,
      "q" : "90",
      "p" : "0.02661",
      "s" : "sell",
      "i" : "SKL_USD",
      "m" : "4611686018430942734"
    }, {
      "d" : "1756455659287811939",
      "t" : 1756455659287,
      "tn" : 1756455659287811939,
      "q" : "156",
      "p" : "0.02664",
      "s" : "sell",
      "i" : "SKL_USD",
      "m" : "4611686018430942733"
    }, {
      "d" : "1756455655460721668",
      "t" : 1756455655460,
      "tn" : 1756455655460721668,
      "q" : "194",
      "p" : "0.02665",
      "s" : "buy",
      "i" : "SKL_USD",
      "m" : "4611686018430942732"
    }, {
      "d" : "1756455648858740943",
      "t" : 1756455648858,
      "tn" : 1756455648858740943,
      "q" : "172",
      "p" : "0.02678",
      "s" : "sell",
      "i" : "SKL_USD",
      "m" : "4611686018430942731"
    }, {
      "d" : "1756455643440421066",
      "t" : 1756455643440,
      "tn" : 1756455643440421066,
      "q" : "188",
      "p" : "0.02684",
      "s" : "sell",
      "i" : "SKL_USD",
      "m" : "4611686018430942730"
    }, {
      "d" : "1756455643440419718",
      "t" : 1756455643440,
      "tn" : 1756455643440419718,
      "q" : "94",
      "p" : "0.02688",
      "s" : "sell",
      "i" : "SKL_USD",
      "m" : "4611686018430942729"
    }, {
      "d" : "1756455641279630184",
      "t" : 1756455641279,
      "tn" : 1756455641279630184,
      "q" : "175",
      "p" : "0.02670",
      "s" : "buy",
      "i" : "SKL_USD",
      "m" : "4611686018430942728"
    }, {
      "d" : "1756455639123850588",
      "t" : 1756455639123,
      "tn" : 1756455639123850588,
      "q" : "175",
      "p" : "0.02676",
      "s" : "buy",
      "i" : "SKL_USD",
      "m" : "4611686018430942727"
    }, {
      "d" : "1756455639123849092",
      "t" : 1756455639123,
      "tn" : 1756455639123849092,
      "q" : "91",
      "p" : "0.02672",
      "s" : "buy",
      "i" : "SKL_USD",
      "m" : "4611686018430942726"
    }, {
      "d" : "1756455615803916852",
      "t" : 1756455615803,
      "tn" : 1756455615803916852,
      "q" : "96",
      "p" : "0.02674",
      "s" : "sell",
      "i" : "SKL_USD",
      "m" : "4611686018430942725"
    }, {
      "d" : "1756455595543736457",
      "t" : 1756455595543,
      "tn" : 1756455595543736457,
      "q" : "1046",
      "p" : "0.02681",
      "s" : "sell",
      "i" : "SKL_USD",
      "m" : "4611686018430942724"
    }, {
      "d" : "1756455595521554574",
      "t" : 1756455595521,
      "tn" : 1756455595521554574,
      "q" : "89",
      "p" : "0.02681",
      "s" : "buy",
      "i" : "SKL_USD",
      "m" : "4611686018430942723"
    }, {
      "d" : "1756455592324714570",
      "t" : 1756455592324,
      "tn" : 1756455592324714570,
      "q" : "87",
      "p" : "0.02680",
      "s" : "buy",
      "i" : "SKL_USD",
      "m" : "4611686018430942722"
    }, {
      "d" : "1756455589034458681",
      "t" : 1756455589034,
      "tn" : 1756455589034458681,
      "q" : "99",
      "p" : "0.02680",
      "s" : "buy",
      "i" : "SKL_USD",
      "m" : "4611686018430942721"
    }, {
      "d" : "1756455001479839233",
      "t" : 1756455001479,
      "tn" : 1756455001479839233,
      "q" : "189",
      "p" : "0.02684",
      "s" : "sell",
      "i" : "SKL_USD",
      "m" : "4611686018430942720"
    }, {
      "d" : "1756454644536805927",
      "t" : 1756454644536,
      "tn" : 1756454644536805927,
      "q" : "197",
      "p" : "0.02688",
      "s" : "sell",
      "i" : "SKL_USD",
      "m" : "4611686018430942719"
    }, {
      "d" : "1756454642454400186",
      "t" : 1756454642454,
      "tn" : 1756454642454400186,
      "q" : "91",
      "p" : "0.02685",
      "s" : "sell",
      "i" : "SKL_USD",
      "m" : "4611686018430942718"
    }, {
      "d" : "1756454639942449131",
      "t" : 1756454639942,
      "tn" : 1756454639942449131,
      "q" : "90",
      "p" : "0.02693",
      "s" : "sell",
      "i" : "SKL_USD",
      "m" : "4611686018430942717"
    }, {
      "d" : "1756454490701762563",
      "t" : 1756454490701,
      "tn" : 1756454490701762563,
      "q" : "90",
      "p" : "0.02685",
      "s" : "buy",
      "i" : "SKL_USD",
      "m" : "4611686018430942716"
    }, {
      "d" : "1756454489258510668",
      "t" : 1756454489258,
      "tn" : 1756454489258510668,
      "q" : "85",
      "p" : "0.02694",
      "s" : "sell",
      "i" : "SKL_USD",
      "m" : "4611686018430942715"
    }, {
      "d" : "1756454488381120528",
      "t" : 1756454488381,
      "tn" : 1756454488381120528,
      "q" : "98",
      "p" : "0.02695",
      "s" : "sell",
      "i" : "SKL_USD",
      "m" : "4611686018430942714"
    }, {
      "d" : "1756454485905350876",
      "t" : 1756454485905,
      "tn" : 1756454485905350876,
      "q" : "179",
      "p" : "0.02690",
      "s" : "buy",
      "i" : "SKL_USD",
      "m" : "4611686018430942713"
    }, {
      "d" : "1756454485905349166",
      "t" : 1756454485905,
      "tn" : 1756454485905349166,
      "q" : "89",
      "p" : "0.02686",
      "s" : "buy",
      "i" : "SKL_USD",
      "m" : "4611686018430942712"
    }, {
      "d" : "1756454483098167315",
      "t" : 1756454483098,
      "tn" : 1756454483098167315,
      "q" : "181",
      "p" : "0.02687",
      "s" : "buy",
      "i" : "SKL_USD",
      "m" : "4611686018430942711"
    }, {
      "d" : "1756454483098165906",
      "t" : 1756454483098,
      "tn" : 1756454483098165906,
      "q" : "87",
      "p" : "0.02682",
      "s" : "buy",
      "i" : "SKL_USD",
      "m" : "4611686018430942710"
    }, {
      "d" : "1756454480776318838",
      "t" : 1756454480776,
      "tn" : 1756454480776318838,
      "q" : "182",
      "p" : "0.02686",
      "s" : "buy",
      "i" : "SKL_USD",
      "m" : "4611686018430942709"
    }, {
      "d" : "1756454480776317393",
      "t" : 1756454480776,
      "tn" : 1756454480776317393,
      "q" : "90",
      "p" : "0.02682",
      "s" : "buy",
      "i" : "SKL_USD",
      "m" : "4611686018430942708"
    }, {
      "d" : "1756454476671253943",
      "t" : 1756454476671,
      "tn" : 1756454476671253943,
      "q" : "180",
      "p" : "0.02685",
      "s" : "buy",
      "i" : "SKL_USD",
      "m" : "4611686018430942707"
    }, {
      "d" : "1756454472614097292",
      "t" : 1756454472614,
      "tn" : 1756454472614097292,
      "q" : "280",
      "p" : "0.02688",
      "s" : "sell",
      "i" : "SKL_USD",
      "m" : "4611686018430942706"
    }, {
      "d" : "1756454444818692459",
      "t" : 1756454444818,
      "tn" : 1756454444818692459,
      "q" : "492",
      "p" : "0.02678",
      "s" : "buy",
      "i" : "SKL_USD",
      "m" : "4611686018430942705"
    }, {
      "d" : "1756454444818690811",
      "t" : 1756454444818,
      "tn" : 1756454444818690811,
      "q" : "186",
      "p" : "0.02673",
      "s" : "buy",
      "i" : "SKL_USD",
      "m" : "4611686018430942704"
    }, {
      "d" : "1756454444818689110",
      "t" : 1756454444818,
      "tn" : 1756454444818689110,
      "q" : "95",
      "p" : "0.02669",
      "s" : "buy",
      "i" : "SKL_USD",
      "m" : "4611686018430942703"
    }, {
      "d" : "1756454439428224690",
      "t" : 1756454439428,
      "tn" : 1756454439428224690,
      "q" : "95",
      "p" : "0.02671",
      "s" : "buy",
      "i" : "SKL_USD",
      "m" : "4611686018430942702"
    }, {
      "d" : "1756451723320270599",
      "t" : 1756451723320,
      "tn" : 1756451723320270599,
      "q" : "87",
      "p" : "0.02697",
      "s" : "sell",
      "i" : "SKL_USD",
      "m" : "4611686018430942701"
    }, {
      "d" : "1756451720396777511",
      "t" : 1756451720396,
      "tn" : 1756451720396777511,
      "q" : "90",
      "p" : "0.02699",
      "s" : "sell",
      "i" : "SKL_USD",
      "m" : "4611686018430942700"
    }, {
      "d" : "1756451718362321677",
      "t" : 1756451718362,
      "tn" : 1756451718362321677,
      "q" : "185",
      "p" : "0.02691",
      "s" : "buy",
      "i" : "SKL_USD",
      "m" : "4611686018430942699"
    }, {
      "d" : "1756451718361024008",
      "t" : 1756451718361,
      "tn" : 1756451718361024008,
      "q" : "87",
      "p" : "0.02683",
      "s" : "buy",
      "i" : "SKL_USD",
      "m" : "4611686018430942698"
    }, {
      "d" : "1756451667239555013",
      "t" : 1756451667239,
      "tn" : 1756451667239555013,
      "q" : "1487",
      "p" : "0.02690",
      "s" : "sell",
      "i" : "SKL_USD",
      "m" : "4611686018430942697"
    }, {
      "d" : "1756451667239552826",
      "t" : 1756451667239,
      "tn" : 1756451667239552826,
      "q" : "460",
      "p" : "0.02691",
      "s" : "sell",
      "i" : "SKL_USD",
      "m" : "4611686018430942696"
    }, {
      "d" : "1756451667233452898",
      "t" : 1756451667233,
      "tn" : 1756451667233452898,
      "q" : "377",
      "p" : "0.02691",
      "s" : "sell",
      "i" : "SKL_USD",
      "m" : "4611686018430942695"
    }, {
      "d" : "1756451418283461488",
      "t" : 1756451418283,
      "tn" : 1756451418283461488,
      "q" : "89",
      "p" : "0.02717",
      "s" : "sell",
      "i" : "SKL_USD",
      "m" : "4611686018430942694"
    }, {
      "d" : "1756451185077866308",
      "t" : 1756451185077,
      "tn" : 1756451185077866308,
      "q" : "93",
      "p" : "0.02719",
      "s" : "buy",
      "i" : "SKL_USD",
      "m" : "4611686018430942693"
    }, {
      "d" : "1756451174629954610",
      "t" : 1756451174629,
      "tn" : 1756451174629954610,
      "q" : "97",
      "p" : "0.02720",
      "s" : "buy",
      "i" : "SKL_USD",
      "m" : "4611686018430942692"
    }, {
      "d" : "1756451074019840842",
      "t" : 1756451074019,
      "tn" : 1756451074019840842,
      "q" : "99",
      "p" : "0.02706",
      "s" : "buy",
      "i" : "SKL_USD",
      "m" : "4611686018430942691"
    }, {
      "d" : "1756451064165307915",
      "t" : 1756451064165,
      "tn" : 1756451064165307915,
      "q" : "93",
      "p" : "0.02715",
      "s" : "sell",
      "i" : "SKL_USD",
      "m" : "4611686018430942690"
    }, {
      "d" : "1756451025816911584",
      "t" : 1756451025816,
      "tn" : 1756451025816911584,
      "q" : "95",
      "p" : "0.02710",
      "s" : "sell",
      "i" : "SKL_USD",
      "m" : "4611686018430942689"
    }, {
      "d" : "1756451023737271322",
      "t" : 1756451023737,
      "tn" : 1756451023737271322,
      "q" : "94",
      "p" : "0.02696",
      "s" : "buy",
      "i" : "SKL_USD",
      "m" : "4611686018430942688"
    }, {
      "d" : "1756450955181481574",
      "t" : 1756450955181,
      "tn" : 1756450955181481574,
      "q" : "96",
      "p" : "0.02696",
      "s" : "buy",
      "i" : "SKL_USD",
      "m" : "4611686018430942687"
    }, {
      "d" : "1756450952045437894",
      "t" : 1756450952045,
      "tn" : 1756450952045437894,
      "q" : "88",
      "p" : "0.02694",
      "s" : "sell",
      "i" : "SKL_USD",
      "m" : "4611686018430942686"
    }, {
      "d" : "1756450952045437181",
      "t" : 1756450952045,
      "tn" : 1756450952045437181,
      "q" : "6050",
      "p" : "0.02700",
      "s" : "sell",
      "i" : "SKL_USD",
      "m" : "4611686018430942685"
    }, {
      "d" : "1756450952044473861",
      "t" : 1756450952044,
      "tn" : 1756450952044473861,
      "q" : "1357",
      "p" : "0.02700",
      "s" : "sell",
      "i" : "SKL_USD",
      "m" : "4611686018430942684"
    }, {
      "d" : "1756450948163329625",
      "t" : 1756450948163,
      "tn" : 1756450948163329625,
      "q" : "738",
      "p" : "0.02703",
      "s" : "sell",
      "i" : "SKL_USD",
      "m" : "4611686018430942683"
    }, {
      "d" : "1756450942596878328",
      "t" : 1756450942596,
      "tn" : 1756450942596878328,
      "q" : "153",
      "p" : "0.02716",
      "s" : "sell",
      "i" : "SKL_USD",
      "m" : "4611686018430942682"
    }, {
      "d" : "1756450869705266963",
      "t" : 1756450869705,
      "tn" : 1756450869705266963,
      "q" : "181",
      "p" : "0.02732",
      "s" : "sell",
      "i" : "SKL_USD",
      "m" : "4611686018430942681"
    }, {
      "d" : "1756450869705264450",
      "t" : 1756450869705,
      "tn" : 1756450869705264450,
      "q" : "87",
      "p" : "0.02737",
      "s" : "sell",
      "i" : "SKL_USD",
      "m" : "4611686018430942680"
    }, {
      "d" : "1756450867484802013",
      "t" : 1756450867484,
      "tn" : 1756450867484802013,
      "q" : "193",
      "p" : "0.02732",
      "s" : "sell",
      "i" : "SKL_USD",
      "m" : "4611686018430942679"
    }, {
      "d" : "1756450867484800389",
      "t" : 1756450867484,
      "tn" : 1756450867484800389,
      "q" : "95",
      "p" : "0.02737",
      "s" : "sell",
      "i" : "SKL_USD",
      "m" : "4611686018430942678"
    }, {
      "d" : "1756450854620417402",
      "t" : 1756450854620,
      "tn" : 1756450854620417402,
      "q" : "198",
      "p" : "0.02737",
      "s" : "sell",
      "i" : "SKL_USD",
      "m" : "4611686018430942677"
    }, {
      "d" : "1756450854620140339",
      "t" : 1756450854620,
      "tn" : 1756450854620140339,
      "q" : "96",
      "p" : "0.02742",
      "s" : "sell",
      "i" : "SKL_USD",
      "m" : "4611686018430942676"
    }, {
      "d" : "1756450851748707418",
      "t" : 1756450851748,
      "tn" : 1756450851748707418,
      "q" : "90",
      "p" : "0.02741",
      "s" : "sell",
      "i" : "SKL_USD",
      "m" : "4611686018430942675"
    }, {
      "d" : "1756450849519559404",
      "t" : 1756450849519,
      "tn" : 1756450849519559404,
      "q" : "87",
      "p" : "0.02733",
      "s" : "buy",
      "i" : "SKL_USD",
      "m" : "4611686018430942674"
    }, {
      "d" : "1756450273988154041",
      "t" : 1756450273988,
      "tn" : 1756450273988154041,
      "q" : "94",
      "p" : "0.02743",
      "s" : "sell",
      "i" : "SKL_USD",
      "m" : "4611686018430942673"
    }, {
      "d" : "1756449691184919718",
      "t" : 1756449691184,
      "tn" : 1756449691184919718,
      "q" : "569",
      "p" : "0.02739",
      "s" : "buy",
      "i" : "SKL_USD",
      "m" : "4611686018430942672"
    }, {
      "d" : "1756449691182310236",
      "t" : 1756449691182,
      "tn" : 1756449691182310236,
      "q" : "366",
      "p" : "0.02739",
      "s" : "sell",
      "i" : "SKL_USD",
      "m" : "4611686018430942671"
    }, {
      "d" : "1756449562101733292",
      "t" : 1756449562101,
      "tn" : 1756449562101733292,
      "q" : "94",
      "p" : "0.02724",
      "s" : "buy",
      "i" : "SKL_USD",
      "m" : "4611686018430942670"
    }, {
      "d" : "1756449551377166944",
      "t" : 1756449551377,
      "tn" : 1756449551377166944,
      "q" : "1367",
      "p" : "0.02734",
      "s" : "sell",
      "i" : "SKL_USD",
      "m" : "4611686018430942669"
    }, {
      "d" : "1756449551372682981",
      "t" : 1756449551372,
      "tn" : 1756449551372682981,
      "q" : "2145",
      "p" : "0.02734",
      "s" : "sell",
      "i" : "SKL_USD",
      "m" : "4611686018430942668"
    }, {
      "d" : "1756449551370935368",
      "t" : 1756449551370,
      "tn" : 1756449551370935368,
      "q" : "98",
      "p" : "0.02734",
      "s" : "buy",
      "i" : "SKL_USD",
      "m" : "4611686018430942667"
    }, {
      "d" : "1756448803887912224",
      "t" : 1756448803887,
      "tn" : 1756448803887912224,
      "q" : "93",
      "p" : "0.02746",
      "s" : "sell",
      "i" : "SKL_USD",
      "m" : "4611686018430942666"
    }, {
      "d" : "1756448798422680650",
      "t" : 1756448798422,
      "tn" : 1756448798422680650,
      "q" : "88",
      "p" : "0.02737",
      "s" : "buy",
      "i" : "SKL_USD",
      "m" : "4611686018430942665"
    }, {
      "d" : "1756448537451546003",
      "t" : 1756448537451,
      "tn" : 1756448537451546003,
      "q" : "438",
      "p" : "0.02734",
      "s" : "sell",
      "i" : "SKL_USD",
      "m" : "4611686018430942664"
    }, {
      "d" : "1756448157648848634",
      "t" : 1756448157648,
      "tn" : 1756448157648848634,
      "q" : "573",
      "p" : "0.02744",
      "s" : "sell",
      "i" : "SKL_USD",
      "m" : "4611686018430942663"
    }, {
      "d" : "1756448157647430806",
      "t" : 1756448157647,
      "tn" : 1756448157647430806,
      "q" : "95",
      "p" : "0.02744",
      "s" : "buy",
      "i" : "SKL_USD",
      "m" : "4611686018430942662"
    }, {
      "d" : "1756446122097671737",
      "t" : 1756446122097,
      "tn" : 1756446122097671737,
      "q" : "4374",
      "p" : "0.02747",
      "s" : "sell",
      "i" : "SKL_USD",
      "m" : "4611686018430942661"
    }, {
      "d" : "1756445378210932661",
      "t" : 1756445378210,
      "tn" : 1756445378210932661,
      "q" : "500",
      "p" : "0.02742",
      "s" : "sell",
      "i" : "SKL_USD",
      "m" : "4611686018430942660"
    }, {
      "d" : "1756445300314745099",
      "t" : 1756445300314,
      "tn" : 1756445300314745099,
      "q" : "93",
      "p" : "0.02748",
      "s" : "buy",
      "i" : "SKL_USD",
      "m" : "4611686018430942659"
    }, {
      "d" : "1756445164007567604",
      "t" : 1756445164007,
      "tn" : 1756445164007567604,
      "q" : "91",
      "p" : "0.02747",
      "s" : "sell",
      "i" : "SKL_USD",
      "m" : "4611686018430942658"
    }, {
      "d" : "1756445161124335355",
      "t" : 1756445161124,
      "tn" : 1756445161124335355,
      "q" : "93",
      "p" : "0.02740",
      "s" : "buy",
      "i" : "SKL_USD",
      "m" : "4611686018430942657"
    }, {
      "d" : "1756445159182179296",
      "t" : 1756445159182,
      "tn" : 1756445159182179296,
      "q" : "474",
      "p" : "0.02742",
      "s" : "sell",
      "i" : "SKL_USD",
      "m" : "4611686018430942656"
    }, {
      "d" : "1756445156516305128",
      "t" : 1756445156516,
      "tn" : 1756445156516305128,
      "q" : "96",
      "p" : "0.02743",
      "s" : "sell",
      "i" : "SKL_USD",
      "m" : "4611686018430942655"
    }, {
      "d" : "1756445153885259008",
      "t" : 1756445153885,
      "tn" : 1756445153885259008,
      "q" : "95",
      "p" : "0.02745",
      "s" : "sell",
      "i" : "SKL_USD",
      "m" : "4611686018430942654"
    }, {
      "d" : "1756445151516149275",
      "t" : 1756445151516,
      "tn" : 1756445151516149275,
      "q" : "196",
      "p" : "0.02734",
      "s" : "buy",
      "i" : "SKL_USD",
      "m" : "4611686018430942653"
    }, {
      "d" : "1756445151516147009",
      "t" : 1756445151516,
      "tn" : 1756445151516147009,
      "q" : "88",
      "p" : "0.02728",
      "s" : "buy",
      "i" : "SKL_USD",
      "m" : "4611686018430942652"
    }, {
      "d" : "1756445151370891626",
      "t" : 1756445151370,
      "tn" : 1756445151370891626,
      "q" : "91",
      "p" : "0.02737",
      "s" : "buy",
      "i" : "SKL_USD",
      "m" : "4611686018430942651"
    }, {
      "d" : "1756445148299462102",
      "t" : 1756445148299,
      "tn" : 1756445148299462102,
      "q" : "94",
      "p" : "0.02737",
      "s" : "sell",
      "i" : "SKL_USD",
      "m" : "4611686018430942650"
    }, {
      "d" : "1756445145258935073",
      "t" : 1756445145258,
      "tn" : 1756445145258935073,
      "q" : "98",
      "p" : "0.02736",
      "s" : "sell",
      "i" : "SKL_USD",
      "m" : "4611686018430942649"
    }, {
      "d" : "1756445143194911703",
      "t" : 1756445143194,
      "tn" : 1756445143194911703,
      "q" : "91",
      "p" : "0.02739",
      "s" : "sell",
      "i" : "SKL_USD",
      "m" : "4611686018430942648"
    }, {
      "d" : "1756445140937786991",
      "t" : 1756445140937,
      "tn" : 1756445140937786991,
      "q" : "87",
      "p" : "0.02744",
      "s" : "sell",
      "i" : "SKL_USD",
      "m" : "4611686018430942647"
    }, {
      "d" : "1756445138314308109",
      "t" : 1756445138314,
      "tn" : 1756445138314308109,
      "q" : "196",
      "p" : "0.02752",
      "s" : "sell",
      "i" : "SKL_USD",
      "m" : "4611686018430942646"
    }, {
      "d" : "1756445138314306076",
      "t" : 1756445138314,
      "tn" : 1756445138314306076,
      "q" : "96",
      "p" : "0.02757",
      "s" : "sell",
      "i" : "SKL_USD",
      "m" : "4611686018430942645"
    }, {
      "d" : "1756445134820842073",
      "t" : 1756445134820,
      "tn" : 1756445134820842073,
      "q" : "99",
      "p" : "0.02755",
      "s" : "sell",
      "i" : "SKL_USD",
      "m" : "4611686018430942644"
    }, {
      "d" : "1756443924057461208",
      "t" : 1756443924057,
      "tn" : 1756443924057461208,
      "q" : "258",
      "p" : "0.02770",
      "s" : "sell",
      "i" : "SKL_USD",
      "m" : "4611686018430942643"
    }, {
      "d" : "1756443924053521547",
      "t" : 1756443924053,
      "tn" : 1756443924053521547,
      "q" : "96",
      "p" : "0.02770",
      "s" : "buy",
      "i" : "SKL_USD",
      "m" : "4611686018430942642"
    } ]
  }
}