{
  "id" : -1,
  "method" : "public/get-trades",
  "code" : 0,
  "result" : {
    "data" : [ {
      "d" : "1756461921817718561",
      "t" : 1756461921817,
      "tn" : 1756461921817718561,
      "q" : "271",
      "p" : "0.02653",
      "s" : "buy",
      "i" : "SKL_USDT",
      "m" : "4611686018430917967"
    }, {
      "d" : "1756461913108994823",
      "t" : 1756461913108,
      "tn" : 1756461913108994823,
      "q" : "272",
      "p" : "0.02649",
      "s" : "sell",
      "i" : "SKL_USDT",
      "m" : "4611686018430917966"
    }, {
      "d" : "1756461913053446449",
      "t" : 1756461913053,
      "tn" : 1756461913053446449,
      "q" : "185",
      "p" : "0.02652",
      "s" : "buy",
      "i" : "SKL_USDT",
      "m" : "4611686018430917965"
    }, {
      "d" : "1756461870265715816",
      "t" : 1756461870265,
      "tn" : 1756461870265715816,
      "q" : "271",
      "p" : "0.02648",
      "s" : "sell",
      "i" : "SKL_USDT",
      "m" : "4611686018430917964"
    }, {
      "d" : "1756461866396763590",
      "t" : 1756461866396,
      "tn" : 1756461866396763590,
      "q" : "271",
      "p" : "0.02649",
      "s" : "buy",
      "i" : "SKL_USDT",
      "m" : "4611686018430917963"
    }, {
      "d" : "1756461864796775724",
      "t" : 1756461864796,
      "tn" : 1756461864796775724,
      "q" : "275",
      "p" : "0.02648",
      "s" : "sell",
      "i" : "SKL_USDT",
      "m" : "4611686018430917962"
    }, {
      "d" : "1756461009702119492",
      "t" : 1756461009702,
      "tn" : 1756461009702119492,
      "q" : "513",
      "p" : "0.02650",
      "s" : "sell",
      "i" : "SKL_USDT",
      "m" : "4611686018430917961"
    }, {
      "d" : "1756460589700201442",
      "t" : 1756460589700,
      "tn" : 1756460589700201442,
      "q" : "513",
      "p" : "0.02631",
      "s" : "buy",
      "i" : "SKL_USDT",
      "m" : "4611686018430917960"
    }, {
      "d" : "1756459190416087451",
      "t" : 1756459190416,
      "tn" : 1756459190416087451,
      "q" : "274",
      "p" : "0.02641",
      "s" : "buy",
      "i" : "SKL_USDT",
      "m" : "4611686018430917959"
    }, {
      "d" : "1756459188000636688",
      "t" : 1756459188000,
      "tn" : 1756459188000636688,
      "q" : "91",
      "p" : "0.02641",
      "s" : "buy",
      "i" : "SKL_USDT",
      "m" : "4611686018430917958"
    }, {
      "d" : "1756458946508897948",
      "t" : 1756458946508,
      "tn" : 1756458946508897948,
      "q" : "1960",
      "p" : "0.02634",
      "s" : "buy",
      "i" : "SKL_USDT",
      "m" : "4611686018430917957"
    }, {
      "d" : "1756458946504138491",
      "t" : 1756458946504,
      "tn" : 1756458946504138491,
      "q" : "4972",
      "p" : "0.02633",
      "s" : "buy",
      "i" : "SKL_USDT",
      "m" : "4611686018430917956"
    }, {
      "d" : "1756458521563360087",
      "t" : 1756458521563,
      "tn" : 1756458521563360087,
      "q" : "5982",
      "p" : "0.02636",
      "s" : "buy",
      "i" : "SKL_USDT",
      "m" : "4611686018430917955"
    }, {
      "d" : "1756458365284814210",
      "t" : 1756458365284,
      "tn" : 1756458365284814210,
      "q" : "4927",
      "p" : "0.02629",
      "s" : "sell",
      "i" : "SKL_USDT",
      "m" : "4611686018430917954"
    }, {
      "d" : "1756458365281071145",
      "t" : 1756458365281,
      "tn" : 1756458365281071145,
      "q" : "4944",
      "p" : "0.02629",
      "s" : "sell",
      "i" : "SKL_USDT",
      "m" : "4611686018430917953"
    }, {
      "d" : "1756458158945699918",
      "t" : 1756458158945,
      "tn" : 1756458158945699918,
      "q" : "4727",
      "p" : "0.02627",
      "s" : "buy",
      "i" : "SKL_USDT",
      "m" : "4611686018430917952"
    }, {
      "d" : "1756458153655214446",
      "t" : 1756458153655,
      "tn" : 1756458153655214446,
      "q" : "1523",
      "p" : "0.02630",
      "s" : "buy",
      "i" : "SKL_USDT",
      "m" : "4611686018430917951"
    }, {
      "d" : "1756458153654158506",
      "t" : 1756458153654,
      "tn" : 1756458153654158506,
      "q" : "3288",
      "p" : "0.02630",
      "s" : "buy",
      "i" : "SKL_USDT",
      "m" : "4611686018430917950"
    }, {
      "d" : "1756458152151745501",
      "t" : 1756458152151,
      "tn" : 1756458152151745501,
      "q" : "4911",
      "p" : "0.02630",
      "s" : "sell",
      "i" : "SKL_USDT",
      "m" : "4611686018430917949"
    }, {
      "d" : "1756458152141642181",
      "t" : 1756458152141,
      "tn" : 1756458152141642181,
      "q" : "4911",
      "p" : "0.02630",
      "s" : "buy",
      "i" : "SKL_USDT",
      "m" : "4611686018430917948"
    }, {
      "d" : "1756458151926249334",
      "t" : 1756458151926,
      "tn" : 1756458151926249334,
      "q" : "4949",
      "p" : "0.02630",
      "s" : "sell",
      "i" : "SKL_USDT",
      "m" : "4611686018430917947"
    }, {
      "d" : "1756458151915742328",
      "t" : 1756458151915,
      "tn" : 1756458151915742328,
      "q" : "4949",
      "p" : "0.02630",
      "s" : "buy",
      "i" : "SKL_USDT",
      "m" : "4611686018430917946"
    }, {
      "d" : "1756458142077604071",
      "t" : 1756458142077,
      "tn" : 1756458142077604071,
      "q" : "465",
      "p" : "0.02632",
      "s" : "buy",
      "i" : "SKL_USDT",
      "m" : "4611686018430917945"
    }, {
      "d" : "1756457657023570643",
      "t" : 1756457657023,
      "tn" : 1756457657023570643,
      "q" : "90",
      "p" : "0.02647",
      "s" : "buy",
      "i" : "SKL_USDT",
      "m" : "4611686018430917944"
    }, {
      "d" : "1756457653960270784",
      "t" : 1756457653960,
      "tn" : 1756457653960270784,
      "q" : "277",
      "p" : "0.02647",
      "s" : "buy",
      "i" : "SKL_USDT",
      "m" : "4611686018430917943"
    }, {
      "d" : "1756457651764349442",
      "t" : 1756457651764,
      "tn" : 1756457651764349442,
      "q" : "87",
      "p" : "0.02648",
      "s" : "buy",
      "i" : "SKL_USDT",
      "m" : "4611686018430917942"
    }, {
      "d" : "1756456759686807834",
      "t" : 1756456759686,
      "tn" : 1756456759686807834,
      "q" : "4955",
      "p" : "0.02655",
      "s" : "buy",
      "i" : "SKL_USDT",
      "m" : "4611686018430917941"
    }, {
      "d" : "1756456271149411699",
      "t" : 1756456271149,
      "tn" : 1756456271149411699,
      "q" : "95",
      "p" : "0.02643",
      "s" : "buy",
      "i" : "SKL_USDT",
      "m" : "4611686018430917940"
    }, {
      "d" : "1756456271085775926",
      "t" : 1756456271085,
      "tn" : 1756456271085775925,
      "q" : "4623",
      "p" : "0.02643",
      "s" : "sell",
      "i" : "SKL_USDT",
      "m" : "4611686018430917939"
    }, {
      "d" : "1756456271085775925",
      "t" : 1756456271085,
      "tn" : 1756456271085775925,
      "q" : "1528",
      "p" : "0.02643",
      "s" : "sell",
      "i" : "SKL_USDT",
      "m" : "4611686018430917939"
    }, {
      "d" : "1756456266967925128",
      "t" : 1756456266967,
      "tn" : 1756456266967925128,
      "q" : "20795",
      "p" : "0.02646",
      "s" : "sell",
      "i" : "SKL_USDT",
      "m" : "4611686018430917938"
    }, {
      "d" : "1756455677065296472",
      "t" : 1756455677065,
      "tn" : 1756455677065296472,
      "q" : "96",
      "p" : "0.02647",
      "s" : "buy",
      "i" : "SKL_USDT",
      "m" : "4611686018430917937"
    }, {
      "d" : "1756455672922144468",
      "t" : 1756455672922,
      "tn" : 1756455672922144468,
      "q" : "98",
      "p" : "0.02648",
      "s" : "buy",
      "i" : "SKL_USDT",
      "m" : "4611686018430917936"
    }, {
      "d" : "1756455670885337816",
      "t" : 1756455670885,
      "tn" : 1756455670885337816,
      "q" : "87",
      "p" : "0.02645",
      "s" : "buy",
      "i" : "SKL_USDT",
      "m" : "4611686018430917935"
    }, {
      "d" : "1756455659287156559",
      "t" : 1756455659287,
      "tn" : 1756455659287156559,
      "q" : "16236",
      "p" : "0.02658",
      "s" : "sell",
      "i" : "SKL_USDT",
      "m" : "4611686018430917934"
    }, {
      "d" : "1756455659287154704",
      "t" : 1756455659287,
      "tn" : 1756455659287154704,
      "q" : "4863",
      "p" : "0.02665",
      "s" : "sell",
      "i" : "SKL_USDT",
      "m" : "4611686018430917933"
    }, {
      "d" : "1756455643440411941",
      "t" : 1756455643440,
      "tn" : 1756455643440411941,
      "q" : "282",
      "p" : "0.02677",
      "s" : "buy",
      "i" : "SKL_USDT",
      "m" : "4611686018430917932"
    }, {
      "d" : "1756455641283280702",
      "t" : 1756455641283,
      "tn" : 1756455641283280702,
      "q" : "175",
      "p" : "0.02674",
      "s" : "sell",
      "i" : "SKL_USDT",
      "m" : "4611686018430917931"
    }, {
      "d" : "1756455632071706751",
      "t" : 1756455632071,
      "tn" : 1756455632071706751,
      "q" : "4907",
      "p" : "0.02669",
      "s" : "buy",
      "i" : "SKL_USDT",
      "m" : "4611686018430917930"
    }, {
      "d" : "1756454644536745845",
      "t" : 1756454644536,
      "tn" : 1756454644536745845,
      "q" : "197",
      "p" : "0.02682",
      "s" : "buy",
      "i" : "SKL_USDT",
      "m" : "4611686018430917929"
    }, {
      "d" : "1756454639948902514",
      "t" : 1756454639948,
      "tn" : 1756454639948902514,
      "q" : "192",
      "p" : "0.02682",
      "s" : "buy",
      "i" : "SKL_USDT",
      "m" : "4611686018430917928"
    }, {
      "d" : "1756454490628294946",
      "t" : 1756454490628,
      "tn" : 1756454490628294946,
      "q" : "98",
      "p" : "0.02688",
      "s" : "buy",
      "i" : "SKL_USDT",
      "m" : "4611686018430917927"
    }, {
      "d" : "1756454489259791376",
      "t" : 1756454489259,
      "tn" : 1756454489259791376,
      "q" : "85",
      "p" : "0.02689",
      "s" : "buy",
      "i" : "SKL_USDT",
      "m" : "4611686018430917926"
    }, {
      "d" : "1756454488382186492",
      "t" : 1756454488382,
      "tn" : 1756454488382186492,
      "q" : "98",
      "p" : "0.02689",
      "s" : "buy",
      "i" : "SKL_USDT",
      "m" : "4611686018430917925"
    }, {
      "d" : "1756454485905560688",
      "t" : 1756454485905,
      "tn" : 1756454485905560688,
      "q" : "89",
      "p" : "0.02690",
      "s" : "sell",
      "i" : "SKL_USDT",
      "m" : "4611686018430917924"
    }, {
      "d" : "1756454444820617996",
      "t" : 1756454444820,
      "tn" : 1756454444820617996,
      "q" : "281",
      "p" : "0.02678",
      "s" : "sell",
      "i" : "SKL_USDT",
      "m" : "4611686018430917923"
    }, {
      "d" : "1756453343917827648",
      "t" : 1756453343917,
      "tn" : 1756453343917827648,
      "q" : "1813",
      "p" : "0.02685",
      "s" : "sell",
      "i" : "SKL_USDT",
      "m" : "4611686018430917922"
    }, {
      "d" : "1756451720395980311",
      "t" : 1756451720395,
      "tn" : 1756451720395980311,
      "q" : "90",
      "p" : "0.02695",
      "s" : "buy",
      "i" : "SKL_USDT",
      "m" : "4611686018430917921"
    }, {
      "d" : "1756451718271606012",
      "t" : 1756451718271,
      "tn" : 1756451718271606012,
      "q" : "4834",
      "p" : "0.02691",
      "s" : "buy",
      "i" : "SKL_USDT",
      "m" : "4611686018430917920"
    }, {
      "d" : "1756451667237955057",
      "t" : 1756451667237,
      "tn" : 1756451667237955057,
      "q" : "7235",
      "p" : "0.02687",
      "s" : "sell",
      "i" : "SKL_USDT",
      "m" : "4611686018430917919"
    }, {
      "d" : "1756451174338833242",
      "t" : 1756451174338,
      "tn" : 1756451174338833242,
      "q" : "3670",
      "p" : "0.02721",
      "s" : "buy",
      "i" : "SKL_USDT",
      "m" : "4611686018430917918"
    }, {
      "d" : "1756451158300080807",
      "t" : 1756451158300,
      "tn" : 1756451158300080807,
      "q" : "3679",
      "p" : "0.02715",
      "s" : "buy",
      "i" : "SKL_USDT",
      "m" : "4611686018430917917"
    }, {
      "d" : "1756451064164175993",
      "t" : 1756451064164,
      "tn" : 1756451064164175993,
      "q" : "93",
      "p" : "0.02711",
      "s" : "buy",
      "i" : "SKL_USDT",
      "m" : "4611686018430917916"
    }, {
      "d" : "1756451012047200421",
      "t" : 1756451012047,
      "tn" : 1756451012047200421,
      "q" : "2025",
      "p" : "0.02698",
      "s" : "sell",
      "i" : "SKL_USDT",
      "m" : "4611686018430917915"
    }, {
      "d" : "1756451000675894878",
      "t" : 1756451000675,
      "tn" : 1756451000675894878,
      "q" : "4850",
      "p" : "0.02699",
      "s" : "sell",
      "i" : "SKL_USDT",
      "m" : "4611686018430917914"
    }, {
      "d" : "1756450952048640354",
      "t" : 1756450952048,
      "tn" : 1756450952048640354,
      "q" : "5550",
      "p" : "0.02687",
      "s" : "sell",
      "i" : "SKL_USDT",
      "m" : "4611686018430917913"
    }, {
      "d" : "1756450952048066885",
      "t" : 1756450952048,
      "tn" : 1756450952048066885,
      "q" : "1808",
      "p" : "0.02687",
      "s" : "sell",
      "i" : "SKL_USDT",
      "m" : "4611686018430917912"
    }, {
      "d" : "1756450952045360283",
      "t" : 1756450952045,
      "tn" : 1756450952045360283,
      "q" : "4945",
      "p" : "0.02700",
      "s" : "sell",
      "i" : "SKL_USDT",
      "m" : "4611686018430917911"
    }, {
      "d" : "1756450952043173242",
      "t" : 1756450952043,
      "tn" : 1756450952043173242,
      "q" : "1454",
      "p" : "0.02702",
      "s" : "sell",
      "i" : "SKL_USDT",
      "m" : "4611686018430917910"
    }, {
      "d" : "1756450952043170394",
      "t" : 1756450952043,
      "tn" : 1756450952043170394,
      "q" : "3931",
      "p" : "0.02703",
      "s" : "sell",
      "i" : "SKL_USDT",
      "m" : "4611686018430917909"
    }, {
      "d" : "1756450948034117878",
      "t" : 1756450948034,
      "tn" : 1756450948034117878,
      "q" : "7398",
      "p" : "0.02702",
      "s" : "sell",
      "i" : "SKL_USDT",
      "m" : "4611686018430917908"
    }, {
      "d" : "1756450942596389388",
      "t" : 1756450942596,
      "tn" : 1756450942596389388,
      "q" : "4807",
      "p" : "0.02718",
      "s" : "sell",
      "i" : "SKL_USDT",
      "m" : "4611686018430917907"
    }, {
      "d" : "1756450869708986544",
      "t" : 1756450869708,
      "tn" : 1756450869708986544,
      "q" : "87",
      "p" : "0.02731",
      "s" : "buy",
      "i" : "SKL_USDT",
      "m" : "4611686018430917906"
    }, {
      "d" : "1756450854620114797",
      "t" : 1756450854620,
      "tn" : 1756450854620114797,
      "q" : "96",
      "p" : "0.02737",
      "s" : "buy",
      "i" : "SKL_USDT",
      "m" : "4611686018430917905"
    }, {
      "d" : "1756450851748777088",
      "t" : 1756450851748,
      "tn" : 1756450851748777088,
      "q" : "90",
      "p" : "0.02737",
      "s" : "buy",
      "i" : "SKL_USDT",
      "m" : "4611686018430917904"
    }, {
      "d" : "1756450273989106626",
      "t" : 1756450273989,
      "tn" : 1756450273989106626,
      "q" : "94",
      "p" : "0.02738",
      "s" : "buy",
      "i" : "SKL_USDT",
      "m" : "4611686018430917903"
    }, {
      "d" : "1756449812841263839",
      "t" : 1756449812841,
      "tn" : 1756449812841263839,
      "q" : "4915",
      "p" : "0.02741",
      "s" : "sell",
      "i" : "SKL_USDT",
      "m" : "4611686018430917902"
    }, {
      "d" : "1756449669766025532",
      "t" : 1756449669766,
      "tn" : 1756449669766025532,
      "q" : "4889",
      "p" : "0.02736",
      "s" : "sell",
      "i" : "SKL_USDT",
      "m" : "4611686018430917901"
    }, {
      "d" : "1756449561625134328",
      "t" : 1756449561625,
      "tn" : 1756449561625134328,
      "q" : "4935",
      "p" : "0.02726",
      "s" : "sell",
      "i" : "SKL_USDT",
      "m" : "4611686018430917900"
    }, {
      "d" : "1756448803893317162",
      "t" : 1756448803893,
      "tn" : 1756448803893317162,
      "q" : "93",
      "p" : "0.02741",
      "s" : "buy",
      "i" : "SKL_USDT",
      "m" : "4611686018430917899"
    }, {
      "d" : "1756448157648853409",
      "t" : 1756448157648,
      "tn" : 1756448157648853409,
      "q" : "573",
      "p" : "0.02741",
      "s" : "buy",
      "i" : "SKL_USDT",
      "m" : "4611686018430917898"
    }, {
      "d" : "1756445514969188516",
      "t" : 1756445514969,
      "tn" : 1756445514969188516,
      "q" : "782",
      "p" : "0.02743",
      "s" : "sell",
      "i" : "SKL_USDT",
      "m" : "4611686018430917897"
    }, {
      "d" : "1756445514969186352",
      "t" : 1756445514969,
      "tn" : 1756445514969186352,
      "q" : "4845",
      "p" : "0.02748",
      "s" : "sell",
      "i" : "SKL_USDT",
      "m" : "4611686018430917896"
    }, {
      "d" : "1756445156517397700",
      "t" : 1756445156517,
      "tn" : 1756445156517397700,
      "q" : "96",
      "p" : "0.02740",
      "s" : "buy",
      "i" : "SKL_USDT",
      "m" : "4611686018430917895"
    }, {
      "d" : "1756445153886031196",
      "t" : 1756445153886,
      "tn" : 1756445153886031196,
      "q" : "95",
      "p" : "0.02741",
      "s" : "buy",
      "i" : "SKL_USDT",
      "m" : "4611686018430917894"
    }, {
      "d" : "1756445151373298173",
      "t" : 1756445151373,
      "tn" : 1756445151373298173,
      "q" : "4179",
      "p" : "0.02741",
      "s" : "buy",
      "i" : "SKL_USDT",
      "m" : "4611686018430917893"
    }, {
      "d" : "1756445148298788084",
      "t" : 1756445148298,
      "tn" : 1756445148298788084,
      "q" : "94",
      "p" : "0.02733",
      "s" : "buy",
      "i" : "SKL_USDT",
      "m" : "4611686018430917892"
    }, {
      "d" : "1756445143193951986",
      "t" : 1756445143193,
      "tn" : 1756445143193951986,
      "q" : "96",
      "p" : "0.02732",
      "s" : "buy",
      "i" : "SKL_USDT",
      "m" : "4611686018430917891"
    }, {
      "d" : "1756445138316145206",
      "t" : 1756445138316,
      "tn" : 1756445138316145206,
      "q" : "292",
      "p" : "0.02747",
      "s" : "buy",
      "i" : "SKL_USDT",
      "m" : "4611686018430917890"
    }, {
      "d" : "1756445137030638861",
      "t" : 1756445137030,
      "tn" : 1756445137030638861,
      "q" : "4901",
      "p" : "0.02756",
      "s" : "sell",
      "i" : "SKL_USDT",
      "m" : "4611686018430917889"
    }, {
      "d" : "1756445134822440020",
      "t" : 1756445134822,
      "tn" : 1756445134822440020,
      "q" : "3909",
      "p" : "0.02756",
      "s" : "sell",
      "i" : "SKL_USDT",
      "m" : "4611686018430917888"
    }, {
      "d" : "1756444920240858241",
      "t" : 1756444920240,
      "tn" : 1756444920240858241,
      "q" : "1305",
      "p" : "0.02764",
      "s" : "sell",
      "i" : "SKL_USDT",
      "m" : "4611686018430917887"
    }, {
      "d" : "1756440637204832626",
      "t" : 1756440637204,
      "tn" : 1756440637204832626,
      "q" : "596",
      "p" : "0.02790",
      "s" : "buy",
      "i" : "SKL_USDT",
      "m" : "4611686018430917886"
    }, {
      "d" : "1756439253441995896",
      "t" : 1756439253441,
      "tn" : 1756439253441995896,
      "q" : "4810",
      "p" : "0.02794",
      "s" : "sell",
      "i" : "SKL_USDT",
      "m" : "4611686018430917885"
    }, {
      "d" : "1756438281726857244",
      "t" : 1756438281726,
      "tn" : 1756438281726857244,
      "q" : "2927",
      "p" : "0.02790",
      "s" : "sell",
      "i" : "SKL_USDT",
      "m" : "4611686018430917884"
    }, {
      "d" : "1756438094331819630",
      "t" : 1756438094331,
      "tn" : 1756438094331819630,
      "q" : "4866",
      "p" : "0.02794",
      "s" : "sell",
      "i" : "SKL_USDT",
      "m" : "4611686018430917883"
    }, {
      "d" : "1756436047028226766",
      "t" : 1756436047028,
      "tn" : 1756436047028226766,
      "q" : "4835",
      "p" : "0.02795",
      "s" : "sell",
      "i" : "SKL_USDT",
      "m" : "4611686018430917882"
    }, {
      "d" : "1756435892582937947",
      "t" : 1756435892582,
      "tn" : 1756435892582937947,
      "q" : "4833",
      "p" : "0.02799",
      "s" : "sell",
      "i" : "SKL_USDT",
      "m" : "4611686018430917881"
    }, {
      "d" : "1756435510006027887",
      "t" : 1756435510006,
      "tn" : 1756435510006027887,
      "q" : "743",
      "p" : "0.02799",
      "s" : "sell",
      "i" : "SKL_USDT",
      "m" : "4611686018430917880"
    }, {
      "d" : "1756435502520914505",
      "t" : 1756435502520,
      "tn" : 1756435502520914505,
      "q" : "747",
      "p" : "0.02802",
      "s" : "buy",
      "i" : "SKL_USDT",
      "m" : "4611686018430917879"
    }, {
      "d" : "1756435502520423156",
      "t" : 1756435502520,
      "tn" : 1756435502520423156,
      "q" : "744",
      "p" : "0.02802",
      "s" : "buy",
      "i" : "SKL_USDT",
      "m" : "4611686018430917878"
    }, {
      "d" : "1756434739284022634",
      "t" : 1756434739284,
      "tn" : 1756434739284022634,
      "q" : "4772",
      "p" : "0.02796",
      "s" : "sell",
      "i" : "SKL_USDT",
      "m" : "4611686018430917877"
    }, {
      "d" : "1756433667759924613",
      "t" : 1756433667759,
      "tn" : 1756433667759924613,
      "q" : "4884",
      "p" : "0.02801",
      "s" : "sell",
      "i" : "SKL_USDT",
      "m" : "4611686018430917876"
    }, {
      "d" : "1756432040919907744",
      "t" : 1756432040919,
      "tn" : 1756432040919907744,
      "q" : "4761",
      "p" : "0.02796",
      "s" : "sell",
      "i" : "SKL_USDT",
      "m" : "4611686018430917875"
    }, {
      "d" : "1756431925919851378",
      "t" : 1756431925919,
      "tn" : 1756431925919851378,
      "q" : "15686",
      "p" : "0.02789",
      "s" : "buy",
      "i" : "SKL_USDT",
      "m" : "4611686018430917874"
    }, {
      "d" : "1756431925918872389",
      "t" : 1756431925918,
      "tn" : 1756431925918872389,
      "q" : "8100",
      "p" : "0.02789",
      "s" : "buy",
      "i" : "SKL_USDT",
      "m" : "4611686018430917873"
    }, {
      "d" : "1756431925916122125",
      "t" : 1756431925916,
      "tn" : 1756431925916122125,
      "q" : "79919",
      "p" : "0.02789",
      "s" : "buy",
      "i" : "SKL_USDT",
      "m" : "4611686018430917872"
    }, {
      "d" : "1756431925915968456",
      "t" : 1756431925915,
      "tn" : 1756431925915968456,
      "q" : "8100",
      "p" : "0.02789",
      "s" : "buy",
      "i" : "SKL_USDT",
      "m" : "4611686018430917871"
    }, {
      "d" : "1756431925913162886",
      "t" : 1756431925913,
      "tn" : 1756431925913162886,
      "q" : "31886",
      "p" : "0.02789",
      "s" : "buy",
      "i" : "SKL_USDT",
      "m" : "4611686018430917870"
    }, {
      "d" : "1756431255400025055",
      "t" : 1756431255400,
      "tn" : 1756431255400025055,
      "q" : "516",
      "p" : "0.02784",
      "s" : "sell",
      "i" : "SKL_USDT",
      "m" : "4611686018430917869"
    }, {
      "d" : "1756430435568079825",
      "t" : 1756430435568,
      "tn" : 1756430435568079825,
      "q" : "710",
      "p" : "0.02789",
      "s" : "buy",
      "i" : "SKL_USDT",
      "m" : "4611686018430917868"
    }, {
      "d" : "1756430317666505061",
      "t" : 1756430317666,
      "tn" : 1756430317666505061,
      "q" : "4812",
      "p" : "0.02792",
      "s" : "sell",
      "i" : "SKL_USDT",
      "m" : "4611686018430917867"
    }, {
      "d" : "1756430311323752053",
      "t" : 1756430311323,
      "tn" : 1756430311323752053,
      "q" : "3809",
      "p" : "0.02789",
      "s" : "buy",
      "i" : "SKL_USDT",
      "m" : "4611686018430917866"
    }, {
      "d" : "1756430307661091256",
      "t" : 1756430307661,
      "tn" : 1756430307661091256,
      "q" : "961",
      "p" : "0.02790",
      "s" : "buy",
      "i" : "SKL_USDT",
      "m" : "4611686018430917865"
    }, {
      "d" : "1756427735833141909",
      "t" : 1756427735833,
      "tn" : 1756427735833141909,
      "q" : "287",
      "p" : "0.02797",
      "s" : "buy",
      "i" : "SKL_USDT",
      "m" : "4611686018430917864"
    }, {
      "d" : "1756427323769198969",
      "t" : 1756427323769,
      "tn" : 1756427323769198969,
      "q" : "4864",
      "p" : "0.02809",
      "s" : "buy",
      "i" : "SKL_USDT",
      "m" : "4611686018430917863"
    }, {
      "d" : "1756427054845151061",
      "t" : 1756427054845,
      "tn" : 1756427054845151061,
      "q" : "2726",
      "p" : "0.02800",
      "s" : "buy",
      "i" : "SKL_USDT",
      "m" : "4611686018430917862"
    }, {
      "d" : "1756425608103838902",
      "t" : 1756425608103,
      "tn" : 1756425608103838902,
      "q" : "19319",
      "p" : "0.02808",
      "s" : "sell",
      "i" : "SKL_USDT",
      "m" : "4611686018430917861"
    }, {
      "d" : "1756423480723008416",
      "t" : 1756423480723,
      "tn" : 1756423480723008416,
      "q" : "266",
      "p" : "0.02807",
      "s" : "sell",
      "i" : "SKL_USDT",
      "m" : "4611686018430917860"
    }, {
      "d" : "1756420392685444167",
      "t" : 1756420392685,
      "tn" : 1756420392685444167,
      "q" : "4762",
      "p" : "0.02823",
      "s" : "sell",
      "i" : "SKL_USDT",
      "m" : "4611686018430917859"
    }, {
      "d" : "1756420152387201259",
      "t" : 1756420152387,
      "tn" : 1756420152387201259,
      "q" : "2246",
      "p" : "0.02825",
      "s" : "buy",
      "i" : "SKL_USDT",
      "m" : "4611686018430917858"
    }, {
      "d" : "1756420092380610818",
      "t" : 1756420092380,
      "tn" : 1756420092380610818,
      "q" : "4826",
      "p" : "0.02825",
      "s" : "buy",
      "i" : "SKL_USDT",
      "m" : "4611686018430917857"
    }, {
      "d" : "1756419089326533362",
      "t" : 1756419089326,
      "tn" : 1756419089326533362,
      "q" : "1990",
      "p" : "0.02822",
      "s" : "sell",
      "i" : "SKL_USDT",
      "m" : "4611686018430917856"
    }, {
      "d" : "1756413356443977312",
      "t" : 1756413356443,
      "tn" : 1756413356443977312,
      "q" : "1322",
      "p" : "0.02799",
      "s" : "sell",
      "i" : "SKL_USDT",
      "m" : "4611686018430917855"
    }, {
      "d" : "1756412844691167376",
      "t" : 1756412844691,
      "tn" : 1756412844691167376,
      "q" : "90",
      "p" : "0.02806",
      "s" : "sell",
      "i" : "SKL_USDT",
      "m" : "4611686018430917854"
    }, {
      "d" : "1756412838513178607",
      "t" : 1756412838513,
      "tn" : 1756412838513178607,
      "q" : "97",
      "p" : "0.02809",
      "s" : "buy",
      "i" : "SKL_USDT",
      "m" : "4611686018430917853"
    }, {
      "d" : "1756412826183981939",
      "t" : 1756412826183,
      "tn" : 1756412826183981939,
      "q" : "92",
      "p" : "0.02803",
      "s" : "sell",
      "i" : "SKL_USDT",
      "m" : "4611686018430917852"
    }, {
      "d" : "1756411316842435812",
      "t" : 1756411316842,
      "tn" : 1756411316842435812,
      "q" : "4821",
      "p" : "0.02792",
      "s" : "buy",
      "i" : "SKL_USDT",
      "m" : "4611686018430917851"
    }, {
      "d" : "1756408903775094594",
      "t" : 1756408903775,
      "tn" : 1756408903775094594,
      "q" : "87",
      "p" : "0.02801",
      "s" : "sell",
      "i" : "SKL_USDT",
      "m" : "4611686018430917850"
    }, {
      "d" : "1756407114782899109",
      "t" : 1756407114782,
      "tn" : 1756407114782899109,
      "q" : "1789",
      "p" : "0.02826",
      "s" : "sell",
      "i" : "SKL_USDT",
      "m" : "4611686018430917849"
    }, {
      "d" : "1756406606744172424",
      "t" : 1756406606744,
      "tn" : 1756406606744172424,
      "q" : "273",
      "p" : "0.02833",
      "s" : "buy",
      "i" : "SKL_USDT",
      "m" : "4611686018430917848"
    }, {
      "d" : "1756406536819930155",
      "t" : 1756406536819,
      "tn" : 1756406536819930155,
      "q" : "63",
      "p" : "0.02828",
      "s" : "sell",
      "i" : "SKL_USDT",
      "m" : "4611686018430917847"
    }, {
      "d" : "1756406402568055343",
      "t" : 1756406402568,
      "tn" : 1756406402568055343,
      "q" : "4803",
      "p" : "0.02819",
      "s" : "sell",
      "i" : "SKL_USDT",
      "m" : "4611686018430917846"
    }, {
      "d" : "1756406308813164610",
      "t" : 1756406308813,
      "tn" : 1756406308813164610,
      "q" : "279",
      "p" : "0.02824",
      "s" : "sell",
      "i" : "SKL_USDT",
      "m" : "4611686018430917845"
    }, {
      "d" : "1756406304496540219",
      "t" : 1756406304496,
      "tn" : 1756406304496540219,
      "q" : "282",
      "p" : "0.02826",
      "s" : "buy",
      "i" : "SKL_USDT",
      "m" : "4611686018430917844"
    }, {
      "d" : "1756406301054991065",
      "t" : 1756406301054,
      "tn" : 1756406301054991065,
      "q" : "4867",
      "p" : "0.02822",
      "s" : "buy",
      "i" : "SKL_USDT",
      "m" : "4611686018430917843"
    }, {
      "d" : "1756405657937841273",
      "t" : 1756405657937,
      "tn" : 1756405657937841273,
      "q" : "1615",
      "p" : "0.02809",
      "s" : "sell",
      "i" : "SKL_USDT",
      "m" : "4611686018430917842"
    }, {
      "d" : "1756405548669527233",
      "t" : 1756405548669,
      "tn" : 1756405548669527233,
      "q" : "90",
      "p" : "0.02809",
      "s" : "sell",
      "i" : "SKL_USDT",
      "m" : "4611686018430917841"
    }, {
      "d" : "1756405546112627083",
      "t" : 1756405546112,
      "tn" : 1756405546112627083,
      "q" : "88",
      "p" : "0.02807",
      "s" : "sell",
      "i" : "SKL_USDT",
      "m" : "4611686018430917840"
    }, {
      "d" : "1756405541090410698",
      "t" : 1756405541090,
      "tn" : 1756405541090410698,
      "q" : "97",
      "p" : "0.02807",
      "s" : "sell",
      "i" : "SKL_USDT",
      "m" : "4611686018430917839"
    }, {
      "d" : "1756405535669873662",
      "t" : 1756405535669,
      "tn" : 1756405535669873662,
      "q" : "97",
      "p" : "0.02807",
      "s" : "sell",
      "i" : "SKL_USDT",
      "m" : "4611686018430917838"
    }, {
      "d" : "1756405527882931358",
      "t" : 1756405527882,
      "tn" : 1756405527882931358,
      "q" : "93",
      "p" : "0.02807",
      "s" : "sell",
      "i" : "SKL_USDT",
      "m" : "4611686018430917837"
    }, {
      "d" : "1756405434971269600",
      "t" : 1756405434971,
      "tn" : 1756405434971269600,
      "q" : "181",
      "p" : "0.02805",
      "s" : "buy",
      "i" : "SKL_USDT",
      "m" : "4611686018430917836"
    }, {
      "d" : "1756405432767217715",
      "t" : 1756405432767,
      "tn" : 1756405432767217715,
      "q" : "87",
      "p" : "0.02806",
      "s" : "buy",
      "i" : "SKL_USDT",
      "m" : "4611686018430917835"
    }, {
      "d" : "1756405157587672805",
      "t" : 1756405157587,
      "tn" : 1756405157587672805,
      "q" : "99",
      "p" : "0.02795",
      "s" : "sell",
      "i" : "SKL_USDT",
      "m" : "4611686018430917834"
    }, {
      "d" : "1756403689983303998",
      "t" : 1756403689983,
      "tn" : 1756403689983303998,
      "q" : "94",
      "p" : "0.02792",
      "s" : "sell",
      "i" : "SKL_USDT",
      "m" : "4611686018430917833"
    }, {
      "d" : "1756402789983130341",
      "t" : 1756402789983,
      "tn" : 1756402789983130341,
      "q" : "97",
      "p" : "0.02799",
      "s" : "sell",
      "i" : "SKL_USDT",
      "m" : "4611686018430917832"
    }, {
      "d" : "1756402609418429371",
      "t" : 1756402609418,
      "tn" : 1756402609418429371,
      "q" : "285",
      "p" : "0.02801",
      "s" : "buy",
      "i" : "SKL_USDT",
      "m" : "4611686018430917831"
    }, {
      "d" : "1756401957956262923",
      "t" : 1756401957956,
      "tn" : 1756401957956262923,
      "q" : "92",
      "p" : "0.02797",
      "s" : "sell",
      "i" : "SKL_USDT",
      "m" : "4611686018430917830"
    }, {
      "d" : "1756401955274475751",
      "t" : 1756401955274,
      "tn" : 1756401955274475751,
      "q" : "4857",
      "p" : "0.02796",
      "s" : "buy",
      "i" : "SKL_USDT",
      "m" : "4611686018430917829"
    }, {
      "d" : "1756401783345278569",
      "t" : 1756401783345,
      "tn" : 1756401783345278569,
      "q" : "4450",
      "p" : "0.02793",
      "s" : "sell",
      "i" : "SKL_USDT",
      "m" : "4611686018430917828"
    }, {
      "d" : "1756400896980479334",
      "t" : 1756400896980,
      "tn" : 1756400896980479334,
      "q" : "359",
      "p" : "0.02777",
      "s" : "sell",
      "i" : "SKL_USDT",
      "m" : "4611686018430917827"
    }, {
      "d" : "1756400896972987720",
      "t" : 1756400896972,
      "tn" : 1756400896972987720,
      "q" : "713",
      "p" : "0.02777",
      "s" : "sell",
      "i" : "SKL_USDT",
      "m" : "4611686018430917826"
    }, {
      "d" : "1756400893561147309",
      "t" : 1756400893561,
      "tn" : 1756400893561147309,
      "q" : "4684",
      "p" : "0.02779",
      "s" : "sell",
      "i" : "SKL_USDT",
      "m" : "4611686018430917825"
    }, {
      "d" : "1756400892848316000",
      "t" : 1756400892848,
      "tn" : 1756400892848316000,
      "q" : "90",
      "p" : "0.02779",
      "s" : "sell",
      "i" : "SKL_USDT",
      "m" : "4611686018430917824"
    }, {
      "d" : "1756400787356746194",
      "t" : 1756400787356,
      "tn" : 1756400787356746194,
      "q" : "276",
      "p" : "0.02774",
      "s" : "sell",
      "i" : "SKL_USDT",
      "m" : "4611686018430917823"
    }, {
      "d" : "1756400778259338189",
      "t" : 1756400778259,
      "tn" : 1756400778259338189,
      "q" : "187",
      "p" : "0.02775",
      "s" : "buy",
      "i" : "SKL_USDT",
      "m" : "4611686018430917822"
    }, {
      "d" : "1756400776099173962",
      "t" : 1756400776099,
      "tn" : 1756400776099173962,
      "q" : "95",
      "p" : "0.02775",
      "s" : "buy",
      "i" : "SKL_USDT",
      "m" : "4611686018430917821"
    }, {
      "d" : "1756400538018257072",
      "t" : 1756400538018,
      "tn" : 1756400538018257072,
      "q" : "11281",
      "p" : "0.02776",
      "s" : "buy",
      "i" : "SKL_USDT",
      "m" : "4611686018430917820"
    }, {
      "d" : "1756400359563196645",
      "t" : 1756400359563,
      "tn" : 1756400359563196645,
      "q" : "479",
      "p" : "0.02765",
      "s" : "sell",
      "i" : "SKL_USDT",
      "m" : "4611686018430917819"
    } ]
  }
}