{
  "id" : -1,
  "method" : "public/get-trades",
  "code" : 0,
  "result" : {
    "data" : [ {
      "d" : "1756462431912765860",
      "t" : 1756462431912,
      "tn" : 1756462431912765860,
      "q" : "4090",
      "p" : "0.02649",
      "s" : "sell",
      "i" : "SKLUSD-PERP",
      "m" : "4611686018430324804"
    }, {
      "d" : "1756462431907206595",
      "t" : 1756462431907,
      "tn" : 1756462431907206594,
      "q" : "10",
      "p" : "0.02650",
      "s" : "sell",
      "i" : "SKLUSD-PERP",
      "m" : "4611686018430324803"
    }, {
      "d" : "1756462431907206594",
      "t" : 1756462431907,
      "tn" : 1756462431907206594,
      "q" : "10",
      "p" : "0.02650",
      "s" : "sell",
      "i" : "SKLUSD-PERP",
      "m" : "4611686018430324803"
    }, {
      "d" : "1756462415658306195",
      "t" : 1756462415658,
      "tn" : 1756462415658306194,
      "q" : "10",
      "p" : "0.02652",
      "s" : "sell",
      "i" : "SKLUSD-PERP",
      "m" : "4611686018430324802"
    }, {
      "d" : "1756462415658306194",
      "t" : 1756462415658,
      "tn" : 1756462415658306194,
      "q" : "10",
      "p" : "0.02652",
      "s" : "sell",
      "i" : "SKLUSD-PERP",
      "m" : "4611686018430324802"
    }, {
      "d" : "1756462226482536497",
      "t" : 1756462226482,
      "tn" : 1756462226482536497,
      "q" : "10",
      "p" : "0.02650",
      "s" : "sell",
      "i" : "SKLUSD-PERP",
      "m" : "4611686018430324801"
    }, {
      "d" : "1756462226422446413",
      "t" : 1756462226422,
      "tn" : 1756462226422446413,
      "q" : "10",
      "p" : "0.02650",
      "s" : "sell",
      "i" : "SKLUSD-PERP",
      "m" : "4611686018430324800"
    }, {
      "d" : "1756462225472543110",
      "t" : 1756462225472,
      "tn" : 1756462225472543110,
      "q" : "10",
      "p" : "0.02650",
      "s" : "sell",
      "i" : "SKLUSD-PERP",
      "m" : "4611686018430324799"
    }, {
      "d" : "1756462225422451113",
      "t" : 1756462225422,
      "tn" : 1756462225422451113,
      "q" : "10",
      "p" : "0.02650",
      "s" : "sell",
      "i" : "SKLUSD-PERP",
      "m" : "4611686018430324798"
    }, {
      "d" : "1756462225366957722",
      "t" : 1756462225366,
      "tn" : 1756462225366957721,
      "q" : "10",
      "p" : "0.02650",
      "s" : "sell",
      "i" : "SKLUSD-PERP",
      "m" : "4611686018430324797"
    }, {
      "d" : "1756462225366957721",
      "t" : 1756462225366,
      "tn" : 1756462225366957721,
      "q" : "10",
      "p" : "0.02650",
      "s" : "sell",
      "i" : "SKLUSD-PERP",
      "m" : "4611686018430324797"
    }, {
      "d" : "1756462204034759536",
      "t" : 1756462204034,
      "tn" : 1756462204034759536,
      "q" : "10",
      "p" : "0.02651",
      "s" : "sell",
      "i" : "SKLUSD-PERP",
      "m" : "4611686018430324796"
    }, {
      "d" : "1756462203986092620",
      "t" : 1756462203986,
      "tn" : 1756462203986092620,
      "q" : "10",
      "p" : "0.02651",
      "s" : "sell",
      "i" : "SKLUSD-PERP",
      "m" : "4611686018430324795"
    }, {
      "d" : "1756462203927787985",
      "t" : 1756462203927,
      "tn" : 1756462203927787984,
      "q" : "10",
      "p" : "0.02651",
      "s" : "sell",
      "i" : "SKLUSD-PERP",
      "m" : "4611686018430324794"
    }, {
      "d" : "1756462203927787984",
      "t" : 1756462203927,
      "tn" : 1756462203927787984,
      "q" : "10",
      "p" : "0.02651",
      "s" : "sell",
      "i" : "SKLUSD-PERP",
      "m" : "4611686018430324794"
    }, {
      "d" : "1756462153722028904",
      "t" : 1756462153722,
      "tn" : 1756462153722028903,
      "q" : "10",
      "p" : "0.02655",
      "s" : "sell",
      "i" : "SKLUSD-PERP",
      "m" : "4611686018430324793"
    }, {
      "d" : "1756462153722028903",
      "t" : 1756462153722,
      "tn" : 1756462153722028903,
      "q" : "10",
      "p" : "0.02655",
      "s" : "sell",
      "i" : "SKLUSD-PERP",
      "m" : "4611686018430324793"
    }, {
      "d" : "1756461934924987106",
      "t" : 1756461934924,
      "tn" : 1756461934924987105,
      "q" : "10",
      "p" : "0.02650",
      "s" : "sell",
      "i" : "SKLUSD-PERP",
      "m" : "4611686018430324792"
    }, {
      "d" : "1756461934924987105",
      "t" : 1756461934924,
      "tn" : 1756461934924987105,
      "q" : "10",
      "p" : "0.02650",
      "s" : "sell",
      "i" : "SKLUSD-PERP",
      "m" : "4611686018430324792"
    }, {
      "d" : "1756461912424686382",
      "t" : 1756461912424,
      "tn" : 1756461912424686382,
      "q" : "10",
      "p" : "0.02650",
      "s" : "buy",
      "i" : "SKLUSD-PERP",
      "m" : "4611686018430324791"
    }, {
      "d" : "1756461912424684330",
      "t" : 1756461912424,
      "tn" : 1756461912424684330,
      "q" : "10",
      "p" : "0.02649",
      "s" : "buy",
      "i" : "SKLUSD-PERP",
      "m" : "4611686018430324790"
    }, {
      "d" : "1756461864070963811",
      "t" : 1756461864070,
      "tn" : 1756461864070963810,
      "q" : "10",
      "p" : "0.02645",
      "s" : "sell",
      "i" : "SKLUSD-PERP",
      "m" : "4611686018430324789"
    }, {
      "d" : "1756461864070963810",
      "t" : 1756461864070,
      "tn" : 1756461864070963810,
      "q" : "10",
      "p" : "0.02645",
      "s" : "sell",
      "i" : "SKLUSD-PERP",
      "m" : "4611686018430324789"
    }, {
      "d" : "1756461858123035904",
      "t" : 1756461858123,
      "tn" : 1756461858123035904,
      "q" : "10",
      "p" : "0.02645",
      "s" : "sell",
      "i" : "SKLUSD-PERP",
      "m" : "4611686018430324788"
    }, {
      "d" : "1756461858073059569",
      "t" : 1756461858073,
      "tn" : 1756461858073059569,
      "q" : "10",
      "p" : "0.02645",
      "s" : "sell",
      "i" : "SKLUSD-PERP",
      "m" : "4611686018430324787"
    }, {
      "d" : "1756461858010203096",
      "t" : 1756461858010,
      "tn" : 1756461858010203095,
      "q" : "10",
      "p" : "0.02645",
      "s" : "sell",
      "i" : "SKLUSD-PERP",
      "m" : "4611686018430324786"
    }, {
      "d" : "1756461858010203095",
      "t" : 1756461858010,
      "tn" : 1756461858010203095,
      "q" : "10",
      "p" : "0.02645",
      "s" : "sell",
      "i" : "SKLUSD-PERP",
      "m" : "4611686018430324786"
    }, {
      "d" : "1756461837813170071",
      "t" : 1756461837813,
      "tn" : 1756461837813170071,
      "q" : "10",
      "p" : "0.02645",
      "s" : "sell",
      "i" : "SKLUSD-PERP",
      "m" : "4611686018430324785"
    }, {
      "d" : "1756461837753059508",
      "t" : 1756461837753,
      "tn" : 1756461837753059507,
      "q" : "10",
      "p" : "0.02645",
      "s" : "sell",
      "i" : "SKLUSD-PERP",
      "m" : "4611686018430324784"
    }, {
      "d" : "1756461837753059507",
      "t" : 1756461837753,
      "tn" : 1756461837753059507,
      "q" : "10",
      "p" : "0.02645",
      "s" : "sell",
      "i" : "SKLUSD-PERP",
      "m" : "4611686018430324784"
    }, {
      "d" : "1756461678537817573",
      "t" : 1756461678537,
      "tn" : 1756461678537817573,
      "q" : "10",
      "p" : "0.02638",
      "s" : "sell",
      "i" : "SKLUSD-PERP",
      "m" : "4611686018430324783"
    }, {
      "d" : "1756461678430351806",
      "t" : 1756461678430,
      "tn" : 1756461678430351805,
      "q" : "10",
      "p" : "0.02639",
      "s" : "sell",
      "i" : "SKLUSD-PERP",
      "m" : "4611686018430324782"
    }, {
      "d" : "1756461678430351805",
      "t" : 1756461678430,
      "tn" : 1756461678430351805,
      "q" : "10",
      "p" : "0.02639",
      "s" : "sell",
      "i" : "SKLUSD-PERP",
      "m" : "4611686018430324782"
    }, {
      "d" : "1756461604422688088",
      "t" : 1756461604422,
      "tn" : 1756461604422688088,
      "q" : "10",
      "p" : "0.02638",
      "s" : "sell",
      "i" : "SKLUSD-PERP",
      "m" : "4611686018430324781"
    }, {
      "d" : "1756461604372554858",
      "t" : 1756461604372,
      "tn" : 1756461604372554858,
      "q" : "10",
      "p" : "0.02638",
      "s" : "sell",
      "i" : "SKLUSD-PERP",
      "m" : "4611686018430324780"
    }, {
      "d" : "1756461604318930750",
      "t" : 1756461604318,
      "tn" : 1756461604318930749,
      "q" : "10",
      "p" : "0.02638",
      "s" : "sell",
      "i" : "SKLUSD-PERP",
      "m" : "4611686018430324779"
    }, {
      "d" : "1756461604318930749",
      "t" : 1756461604318,
      "tn" : 1756461604318930749,
      "q" : "10",
      "p" : "0.02638",
      "s" : "sell",
      "i" : "SKLUSD-PERP",
      "m" : "4611686018430324779"
    }, {
      "d" : "1756461601497796708",
      "t" : 1756461601497,
      "tn" : 1756461601497796707,
      "q" : "10",
      "p" : "0.02638",
      "s" : "sell",
      "i" : "SKLUSD-PERP",
      "m" : "4611686018430324778"
    }, {
      "d" : "1756461601497796707",
      "t" : 1756461601497,
      "tn" : 1756461601497796707,
      "q" : "10",
      "p" : "0.02638",
      "s" : "sell",
      "i" : "SKLUSD-PERP",
      "m" : "4611686018430324778"
    }, {
      "d" : "1756461517751938519",
      "t" : 1756461517751,
      "tn" : 1756461517751938517,
      "q" : "4450",
      "p" : "0.02645",
      "s" : "sell",
      "i" : "SKLUSD-PERP",
      "m" : "4611686018430324777"
    }, {
      "d" : "1756461517751938518",
      "t" : 1756461517751,
      "tn" : 1756461517751938517,
      "q" : "10",
      "p" : "0.02645",
      "s" : "sell",
      "i" : "SKLUSD-PERP",
      "m" : "4611686018430324777"
    }, {
      "d" : "1756461517751938517",
      "t" : 1756461517751,
      "tn" : 1756461517751938517,
      "q" : "10",
      "p" : "0.02645",
      "s" : "sell",
      "i" : "SKLUSD-PERP",
      "m" : "4611686018430324777"
    }, {
      "d" : "1756460589700483893",
      "t" : 1756460589700,
      "tn" : 1756460589700483893,
      "q" : "4450",
      "p" : "0.02633",
      "s" : "buy",
      "i" : "SKLUSD-PERP",
      "m" : "4611686018430324776"
    }, {
      "d" : "1756460589699803742",
      "t" : 1756460589699,
      "tn" : 1756460589699803741,
      "q" : "10",
      "p" : "0.02632",
      "s" : "buy",
      "i" : "SKLUSD-PERP",
      "m" : "4611686018430324775"
    }, {
      "d" : "1756460589699803741",
      "t" : 1756460589699,
      "tn" : 1756460589699803741,
      "q" : "4450",
      "p" : "0.02632",
      "s" : "buy",
      "i" : "SKLUSD-PERP",
      "m" : "4611686018430324775"
    }, {
      "d" : "1756460589699800017",
      "t" : 1756460589699,
      "tn" : 1756460589699800017,
      "q" : "10",
      "p" : "0.02631",
      "s" : "buy",
      "i" : "SKLUSD-PERP",
      "m" : "4611686018430324774"
    }, {
      "d" : "1756459185847332268",
      "t" : 1756459185847,
      "tn" : 1756459185847332267,
      "q" : "10",
      "p" : "0.02642",
      "s" : "sell",
      "i" : "SKLUSD-PERP",
      "m" : "4611686018430324773"
    }, {
      "d" : "1756459185847332267",
      "t" : 1756459185847,
      "tn" : 1756459185847332267,
      "q" : "10",
      "p" : "0.02642",
      "s" : "sell",
      "i" : "SKLUSD-PERP",
      "m" : "4611686018430324773"
    }, {
      "d" : "1756458410280208367",
      "t" : 1756458410280,
      "tn" : 1756458410280208367,
      "q" : "2930",
      "p" : "0.02632",
      "s" : "buy",
      "i" : "SKLUSD-PERP",
      "m" : "4611686018430324772"
    }, {
      "d" : "1756458410280189971",
      "t" : 1756458410280,
      "tn" : 1756458410280189971,
      "q" : "20840",
      "p" : "0.02632",
      "s" : "buy",
      "i" : "SKLUSD-PERP",
      "m" : "4611686018430324771"
    }, {
      "d" : "1756458410279718166",
      "t" : 1756458410279,
      "tn" : 1756458410279718165,
      "q" : "7600",
      "p" : "0.02631",
      "s" : "buy",
      "i" : "SKLUSD-PERP",
      "m" : "4611686018430324770"
    }, {
      "d" : "1756458410279718165",
      "t" : 1756458410279,
      "tn" : 1756458410279718165,
      "q" : "10",
      "p" : "0.02631",
      "s" : "buy",
      "i" : "SKLUSD-PERP",
      "m" : "4611686018430324770"
    }, {
      "d" : "1756458410279714496",
      "t" : 1756458410279,
      "tn" : 1756458410279714496,
      "q" : "10",
      "p" : "0.02630",
      "s" : "buy",
      "i" : "SKLUSD-PERP",
      "m" : "4611686018430324769"
    }, {
      "d" : "1756458365280915569",
      "t" : 1756458365280,
      "tn" : 1756458365280915569,
      "q" : "7610",
      "p" : "0.02628",
      "s" : "sell",
      "i" : "SKLUSD-PERP",
      "m" : "4611686018430324768"
    }, {
      "d" : "1756458365280912954",
      "t" : 1756458365280,
      "tn" : 1756458365280912953,
      "q" : "10",
      "p" : "0.02630",
      "s" : "sell",
      "i" : "SKLUSD-PERP",
      "m" : "4611686018430324767"
    }, {
      "d" : "1756458365280912953",
      "t" : 1756458365280,
      "tn" : 1756458365280912953,
      "q" : "10",
      "p" : "0.02630",
      "s" : "sell",
      "i" : "SKLUSD-PERP",
      "m" : "4611686018430324767"
    }, {
      "d" : "1756457651630617268",
      "t" : 1756457651630,
      "tn" : 1756457651630617268,
      "q" : "10",
      "p" : "0.02645",
      "s" : "buy",
      "i" : "SKLUSD-PERP",
      "m" : "4611686018430324766"
    }, {
      "d" : "1756456759685651489",
      "t" : 1756456759685,
      "tn" : 1756456759685651488,
      "q" : "5370",
      "p" : "0.02657",
      "s" : "buy",
      "i" : "SKLUSD-PERP",
      "m" : "4611686018430324765"
    }, {
      "d" : "1756456759685651488",
      "t" : 1756456759685,
      "tn" : 1756456759685651488,
      "q" : "10",
      "p" : "0.02657",
      "s" : "buy",
      "i" : "SKLUSD-PERP",
      "m" : "4611686018430324765"
    }, {
      "d" : "1756456759685650364",
      "t" : 1756456759685,
      "tn" : 1756456759685650364,
      "q" : "2150",
      "p" : "0.02656",
      "s" : "buy",
      "i" : "SKLUSD-PERP",
      "m" : "4611686018430324764"
    }, {
      "d" : "1756456759685046228",
      "t" : 1756456759685,
      "tn" : 1756456759685046228,
      "q" : "18000",
      "p" : "0.02656",
      "s" : "buy",
      "i" : "SKLUSD-PERP",
      "m" : "4611686018430324763"
    }, {
      "d" : "1756456759684916072",
      "t" : 1756456759684,
      "tn" : 1756456759684916071,
      "q" : "3620",
      "p" : "0.02656",
      "s" : "buy",
      "i" : "SKLUSD-PERP",
      "m" : "4611686018430324762"
    }, {
      "d" : "1756456759684916071",
      "t" : 1756456759684,
      "tn" : 1756456759684916071,
      "q" : "10",
      "p" : "0.02656",
      "s" : "buy",
      "i" : "SKLUSD-PERP",
      "m" : "4611686018430324762"
    }, {
      "d" : "1756456457101938099",
      "t" : 1756456457101,
      "tn" : 1756456457101938098,
      "q" : "7550",
      "p" : "0.02648",
      "s" : "buy",
      "i" : "SKLUSD-PERP",
      "m" : "4611686018430324761"
    }, {
      "d" : "1756456457101938098",
      "t" : 1756456457101,
      "tn" : 1756456457101938098,
      "q" : "10",
      "p" : "0.02648",
      "s" : "buy",
      "i" : "SKLUSD-PERP",
      "m" : "4611686018430324761"
    }, {
      "d" : "1756456457101934635",
      "t" : 1756456457101,
      "tn" : 1756456457101934635,
      "q" : "10",
      "p" : "0.02647",
      "s" : "buy",
      "i" : "SKLUSD-PERP",
      "m" : "4611686018430324760"
    }, {
      "d" : "1756456271080119943",
      "t" : 1756456271080,
      "tn" : 1756456271080119943,
      "q" : "4440",
      "p" : "0.02640",
      "s" : "sell",
      "i" : "SKLUSD-PERP",
      "m" : "4611686018430324759"
    }, {
      "d" : "1756456271080118394",
      "t" : 1756456271080,
      "tn" : 1756456271080118394,
      "q" : "7570",
      "p" : "0.02641",
      "s" : "sell",
      "i" : "SKLUSD-PERP",
      "m" : "4611686018430324758"
    }, {
      "d" : "1756456271080029147",
      "t" : 1756456271080,
      "tn" : 1756456271080029146,
      "q" : "10",
      "p" : "0.02644",
      "s" : "sell",
      "i" : "SKLUSD-PERP",
      "m" : "4611686018430324757"
    }, {
      "d" : "1756456271080029146",
      "t" : 1756456271080,
      "tn" : 1756456271080029146,
      "q" : "10",
      "p" : "0.02644",
      "s" : "sell",
      "i" : "SKLUSD-PERP",
      "m" : "4611686018430324757"
    }, {
      "d" : "1756455938476718017",
      "t" : 1756455938476,
      "tn" : 1756455938476718017,
      "q" : "21960",
      "p" : "0.02650",
      "s" : "sell",
      "i" : "SKLUSD-PERP",
      "m" : "4611686018430324756"
    }, {
      "d" : "1756455938476388954",
      "t" : 1756455938476,
      "tn" : 1756455938476388954,
      "q" : "1810",
      "p" : "0.02650",
      "s" : "sell",
      "i" : "SKLUSD-PERP",
      "m" : "4611686018430324755"
    }, {
      "d" : "1756455938475885667",
      "t" : 1756455938475,
      "tn" : 1756455938475885666,
      "q" : "10",
      "p" : "0.02652",
      "s" : "sell",
      "i" : "SKLUSD-PERP",
      "m" : "4611686018430324754"
    }, {
      "d" : "1756455938475885666",
      "t" : 1756455938475,
      "tn" : 1756455938475885666,
      "q" : "10",
      "p" : "0.02652",
      "s" : "sell",
      "i" : "SKLUSD-PERP",
      "m" : "4611686018430324754"
    }, {
      "d" : "1756455923982357390",
      "t" : 1756455923982,
      "tn" : 1756455923982357389,
      "q" : "10",
      "p" : "0.02653",
      "s" : "sell",
      "i" : "SKLUSD-PERP",
      "m" : "4611686018430324753"
    }, {
      "d" : "1756455923982357389",
      "t" : 1756455923982,
      "tn" : 1756455923982357389,
      "q" : "10",
      "p" : "0.02653",
      "s" : "sell",
      "i" : "SKLUSD-PERP",
      "m" : "4611686018430324753"
    }, {
      "d" : "1756455901812700615",
      "t" : 1756455901812,
      "tn" : 1756455901812700614,
      "q" : "10",
      "p" : "0.02651",
      "s" : "sell",
      "i" : "SKLUSD-PERP",
      "m" : "4611686018430324752"
    }, {
      "d" : "1756455901812700614",
      "t" : 1756455901812,
      "tn" : 1756455901812700614,
      "q" : "10",
      "p" : "0.02651",
      "s" : "sell",
      "i" : "SKLUSD-PERP",
      "m" : "4611686018430324752"
    }, {
      "d" : "1756455895125974607",
      "t" : 1756455895125,
      "tn" : 1756455895125974606,
      "q" : "10",
      "p" : "0.02652",
      "s" : "sell",
      "i" : "SKLUSD-PERP",
      "m" : "4611686018430324751"
    }, {
      "d" : "1756455895125974606",
      "t" : 1756455895125,
      "tn" : 1756455895125974606,
      "q" : "10",
      "p" : "0.02652",
      "s" : "sell",
      "i" : "SKLUSD-PERP",
      "m" : "4611686018430324751"
    }, {
      "d" : "1756455891536002148",
      "t" : 1756455891536,
      "tn" : 1756455891536002148,
      "q" : "10",
      "p" : "0.02651",
      "s" : "sell",
      "i" : "SKLUSD-PERP",
      "m" : "4611686018430324750"
    }, {
      "d" : "1756455891449819899",
      "t" : 1756455891449,
      "tn" : 1756455891449819898,
      "q" : "10",
      "p" : "0.02652",
      "s" : "sell",
      "i" : "SKLUSD-PERP",
      "m" : "4611686018430324749"
    }, {
      "d" : "1756455891449819898",
      "t" : 1756455891449,
      "tn" : 1756455891449819898,
      "q" : "10",
      "p" : "0.02652",
      "s" : "sell",
      "i" : "SKLUSD-PERP",
      "m" : "4611686018430324749"
    }, {
      "d" : "1756455864235021722",
      "t" : 1756455864235,
      "tn" : 1756455864235021722,
      "q" : "10",
      "p" : "0.02652",
      "s" : "sell",
      "i" : "SKLUSD-PERP",
      "m" : "4611686018430324748"
    }, {
      "d" : "1756455864183884115",
      "t" : 1756455864183,
      "tn" : 1756455864183884115,
      "q" : "10",
      "p" : "0.02652",
      "s" : "sell",
      "i" : "SKLUSD-PERP",
      "m" : "4611686018430324747"
    }, {
      "d" : "1756455864126817999",
      "t" : 1756455864126,
      "tn" : 1756455864126817998,
      "q" : "10",
      "p" : "0.02652",
      "s" : "sell",
      "i" : "SKLUSD-PERP",
      "m" : "4611686018430324746"
    }, {
      "d" : "1756455864126817998",
      "t" : 1756455864126,
      "tn" : 1756455864126817998,
      "q" : "10",
      "p" : "0.02652",
      "s" : "sell",
      "i" : "SKLUSD-PERP",
      "m" : "4611686018430324746"
    }, {
      "d" : "1756455859874207700",
      "t" : 1756455859874,
      "tn" : 1756455859874207699,
      "q" : "10",
      "p" : "0.02653",
      "s" : "sell",
      "i" : "SKLUSD-PERP",
      "m" : "4611686018430324745"
    }, {
      "d" : "1756455859874207699",
      "t" : 1756455859874,
      "tn" : 1756455859874207699,
      "q" : "10",
      "p" : "0.02653",
      "s" : "sell",
      "i" : "SKLUSD-PERP",
      "m" : "4611686018430324745"
    }, {
      "d" : "1756455854350003873",
      "t" : 1756455854350,
      "tn" : 1756455854350003872,
      "q" : "10",
      "p" : "0.02654",
      "s" : "sell",
      "i" : "SKLUSD-PERP",
      "m" : "4611686018430324744"
    }, {
      "d" : "1756455854350003872",
      "t" : 1756455854350,
      "tn" : 1756455854350003872,
      "q" : "10",
      "p" : "0.02654",
      "s" : "sell",
      "i" : "SKLUSD-PERP",
      "m" : "4611686018430324744"
    }, {
      "d" : "1756455851537257611",
      "t" : 1756455851537,
      "tn" : 1756455851537257610,
      "q" : "10",
      "p" : "0.02654",
      "s" : "sell",
      "i" : "SKLUSD-PERP",
      "m" : "4611686018430324743"
    }, {
      "d" : "1756455851537257610",
      "t" : 1756455851537,
      "tn" : 1756455851537257610,
      "q" : "10",
      "p" : "0.02654",
      "s" : "sell",
      "i" : "SKLUSD-PERP",
      "m" : "4611686018430324743"
    }, {
      "d" : "1756455851379844022",
      "t" : 1756455851379,
      "tn" : 1756455851379844021,
      "q" : "10",
      "p" : "0.02656",
      "s" : "sell",
      "i" : "SKLUSD-PERP",
      "m" : "4611686018430324742"
    }, {
      "d" : "1756455851379844021",
      "t" : 1756455851379,
      "tn" : 1756455851379844021,
      "q" : "10",
      "p" : "0.02656",
      "s" : "sell",
      "i" : "SKLUSD-PERP",
      "m" : "4611686018430324742"
    }, {
      "d" : "1756455808581535945",
      "t" : 1756455808581,
      "tn" : 1756455808581535944,
      "q" : "10",
      "p" : "0.02657",
      "s" : "sell",
      "i" : "SKLUSD-PERP",
      "m" : "4611686018430324741"
    }, {
      "d" : "1756455808581535944",
      "t" : 1756455808581,
      "tn" : 1756455808581535944,
      "q" : "10",
      "p" : "0.02657",
      "s" : "sell",
      "i" : "SKLUSD-PERP",
      "m" : "4611686018430324741"
    }, {
      "d" : "1756455747644364123",
      "t" : 1756455747644,
      "tn" : 1756455747644364123,
      "q" : "10",
      "p" : "0.02655",
      "s" : "sell",
      "i" : "SKLUSD-PERP",
      "m" : "4611686018430324740"
    }, {
      "d" : "1756455747250228719",
      "t" : 1756455747250,
      "tn" : 1756455747250228719,
      "q" : "10",
      "p" : "0.02655",
      "s" : "sell",
      "i" : "SKLUSD-PERP",
      "m" : "4611686018430324739"
    }, {
      "d" : "1756455747219775103",
      "t" : 1756455747219,
      "tn" : 1756455747219775103,
      "q" : "10",
      "p" : "0.02656",
      "s" : "sell",
      "i" : "SKLUSD-PERP",
      "m" : "4611686018430324738"
    }, {
      "d" : "1756455740590015851",
      "t" : 1756455740590,
      "tn" : 1756455740590015851,
      "q" : "10",
      "p" : "0.02657",
      "s" : "sell",
      "i" : "SKLUSD-PERP",
      "m" : "4611686018430324737"
    }, {
      "d" : "1756455738551111788",
      "t" : 1756455738551,
      "tn" : 1756455738551111788,
      "q" : "10",
      "p" : "0.02657",
      "s" : "sell",
      "i" : "SKLUSD-PERP",
      "m" : "4611686018430324736"
    }, {
      "d" : "1756455735968775370",
      "t" : 1756455735968,
      "tn" : 1756455735968775370,
      "q" : "10",
      "p" : "0.02658",
      "s" : "sell",
      "i" : "SKLUSD-PERP",
      "m" : "4611686018430324735"
    }, {
      "d" : "1756455727502303765",
      "t" : 1756455727502,
      "tn" : 1756455727502303765,
      "q" : "10",
      "p" : "0.02654",
      "s" : "sell",
      "i" : "SKLUSD-PERP",
      "m" : "4611686018430324734"
    }, {
      "d" : "1756455726380633070",
      "t" : 1756455726380,
      "tn" : 1756455726380633070,
      "q" : "10",
      "p" : "0.02653",
      "s" : "sell",
      "i" : "SKLUSD-PERP",
      "m" : "4611686018430324733"
    }, {
      "d" : "1756455718433793187",
      "t" : 1756455718433,
      "tn" : 1756455718433793187,
      "q" : "10",
      "p" : "0.02649",
      "s" : "sell",
      "i" : "SKLUSD-PERP",
      "m" : "4611686018430324732"
    }, {
      "d" : "1756455717615519879",
      "t" : 1756455717615,
      "tn" : 1756455717615519879,
      "q" : "10",
      "p" : "0.02649",
      "s" : "sell",
      "i" : "SKLUSD-PERP",
      "m" : "4611686018430324731"
    }, {
      "d" : "1756455707229108906",
      "t" : 1756455707229,
      "tn" : 1756455707229108906,
      "q" : "7550",
      "p" : "0.02649",
      "s" : "buy",
      "i" : "SKLUSD-PERP",
      "m" : "4611686018430324730"
    }, {
      "d" : "1756455706772978844",
      "t" : 1756455706772,
      "tn" : 1756455706772978844,
      "q" : "10",
      "p" : "0.02647",
      "s" : "sell",
      "i" : "SKLUSD-PERP",
      "m" : "4611686018430324729"
    }, {
      "d" : "1756455705862766814",
      "t" : 1756455705862,
      "tn" : 1756455705862766814,
      "q" : "10",
      "p" : "0.02646",
      "s" : "sell",
      "i" : "SKLUSD-PERP",
      "m" : "4611686018430324728"
    }, {
      "d" : "1756455704967681266",
      "t" : 1756455704967,
      "tn" : 1756455704967681266,
      "q" : "10",
      "p" : "0.02646",
      "s" : "sell",
      "i" : "SKLUSD-PERP",
      "m" : "4611686018430324727"
    }, {
      "d" : "1756455704442746737",
      "t" : 1756455704442,
      "tn" : 1756455704442746737,
      "q" : "10",
      "p" : "0.02647",
      "s" : "sell",
      "i" : "SKLUSD-PERP",
      "m" : "4611686018430324726"
    }, {
      "d" : "1756455703174673617",
      "t" : 1756455703174,
      "tn" : 1756455703174673617,
      "q" : "10",
      "p" : "0.02646",
      "s" : "sell",
      "i" : "SKLUSD-PERP",
      "m" : "4611686018430324725"
    }, {
      "d" : "1756455702172878451",
      "t" : 1756455702172,
      "tn" : 1756455702172878451,
      "q" : "10",
      "p" : "0.02645",
      "s" : "sell",
      "i" : "SKLUSD-PERP",
      "m" : "4611686018430324724"
    }, {
      "d" : "1756455702172238546",
      "t" : 1756455702172,
      "tn" : 1756455702172238546,
      "q" : "10",
      "p" : "0.02646",
      "s" : "sell",
      "i" : "SKLUSD-PERP",
      "m" : "4611686018430324723"
    }, {
      "d" : "1756455702102609109",
      "t" : 1756455702102,
      "tn" : 1756455702102609109,
      "q" : "10",
      "p" : "0.02646",
      "s" : "sell",
      "i" : "SKLUSD-PERP",
      "m" : "4611686018430324722"
    }, {
      "d" : "1756455702065552768",
      "t" : 1756455702065,
      "tn" : 1756455702065552768,
      "q" : "10",
      "p" : "0.02647",
      "s" : "sell",
      "i" : "SKLUSD-PERP",
      "m" : "4611686018430324721"
    }, {
      "d" : "1756455701686195940",
      "t" : 1756455701686,
      "tn" : 1756455701686195940,
      "q" : "10",
      "p" : "0.02647",
      "s" : "sell",
      "i" : "SKLUSD-PERP",
      "m" : "4611686018430324720"
    }, {
      "d" : "1756455700210052249",
      "t" : 1756455700210,
      "tn" : 1756455700210052249,
      "q" : "10",
      "p" : "0.02647",
      "s" : "sell",
      "i" : "SKLUSD-PERP",
      "m" : "4611686018430324719"
    }, {
      "d" : "1756455699936812135",
      "t" : 1756455699936,
      "tn" : 1756455699936812135,
      "q" : "10",
      "p" : "0.02647",
      "s" : "sell",
      "i" : "SKLUSD-PERP",
      "m" : "4611686018430324718"
    }, {
      "d" : "1756455699934977468",
      "t" : 1756455699934,
      "tn" : 1756455699934977468,
      "q" : "10",
      "p" : "0.02648",
      "s" : "sell",
      "i" : "SKLUSD-PERP",
      "m" : "4611686018430324717"
    }, {
      "d" : "1756455695859461473",
      "t" : 1756455695859,
      "tn" : 1756455695859461473,
      "q" : "10",
      "p" : "0.02647",
      "s" : "sell",
      "i" : "SKLUSD-PERP",
      "m" : "4611686018430324716"
    }, {
      "d" : "1756455693577875346",
      "t" : 1756455693577,
      "tn" : 1756455693577875346,
      "q" : "10",
      "p" : "0.02646",
      "s" : "sell",
      "i" : "SKLUSD-PERP",
      "m" : "4611686018430324715"
    }, {
      "d" : "1756455693479790656",
      "t" : 1756455693479,
      "tn" : 1756455693479790656,
      "q" : "10",
      "p" : "0.02647",
      "s" : "sell",
      "i" : "SKLUSD-PERP",
      "m" : "4611686018430324714"
    }, {
      "d" : "1756455693252893823",
      "t" : 1756455693252,
      "tn" : 1756455693252893823,
      "q" : "10",
      "p" : "0.02648",
      "s" : "sell",
      "i" : "SKLUSD-PERP",
      "m" : "4611686018430324713"
    }, {
      "d" : "1756455689951249183",
      "t" : 1756455689951,
      "tn" : 1756455689951249183,
      "q" : "10",
      "p" : "0.02647",
      "s" : "sell",
      "i" : "SKLUSD-PERP",
      "m" : "4611686018430324712"
    }, {
      "d" : "1756455689923751379",
      "t" : 1756455689923,
      "tn" : 1756455689923751379,
      "q" : "10",
      "p" : "0.02648",
      "s" : "sell",
      "i" : "SKLUSD-PERP",
      "m" : "4611686018430324711"
    }, {
      "d" : "1756455689846213292",
      "t" : 1756455689846,
      "tn" : 1756455689846213292,
      "q" : "10",
      "p" : "0.02648",
      "s" : "sell",
      "i" : "SKLUSD-PERP",
      "m" : "4611686018430324710"
    }, {
      "d" : "1756455689713311718",
      "t" : 1756455689713,
      "tn" : 1756455689713311718,
      "q" : "10",
      "p" : "0.02649",
      "s" : "sell",
      "i" : "SKLUSD-PERP",
      "m" : "4611686018430324709"
    }, {
      "d" : "1756455689627534018",
      "t" : 1756455689627,
      "tn" : 1756455689627534018,
      "q" : "10",
      "p" : "0.02649",
      "s" : "sell",
      "i" : "SKLUSD-PERP",
      "m" : "4611686018430324708"
    }, {
      "d" : "1756455689603049793",
      "t" : 1756455689603,
      "tn" : 1756455689603049793,
      "q" : "10",
      "p" : "0.02650",
      "s" : "sell",
      "i" : "SKLUSD-PERP",
      "m" : "4611686018430324707"
    }, {
      "d" : "1756455688595584969",
      "t" : 1756455688595,
      "tn" : 1756455688595584969,
      "q" : "10",
      "p" : "0.02650",
      "s" : "sell",
      "i" : "SKLUSD-PERP",
      "m" : "4611686018430324706"
    }, {
      "d" : "1756455687878697247",
      "t" : 1756455687878,
      "tn" : 1756455687878697247,
      "q" : "10",
      "p" : "0.02649",
      "s" : "sell",
      "i" : "SKLUSD-PERP",
      "m" : "4611686018430324705"
    }, {
      "d" : "1756455687877748558",
      "t" : 1756455687877,
      "tn" : 1756455687877748558,
      "q" : "10",
      "p" : "0.02650",
      "s" : "sell",
      "i" : "SKLUSD-PERP",
      "m" : "4611686018430324704"
    }, {
      "d" : "1756455687576720455",
      "t" : 1756455687576,
      "tn" : 1756455687576720455,
      "q" : "10",
      "p" : "0.02650",
      "s" : "sell",
      "i" : "SKLUSD-PERP",
      "m" : "4611686018430324703"
    }, {
      "d" : "1756455687368890790",
      "t" : 1756455687368,
      "tn" : 1756455687368890790,
      "q" : "10",
      "p" : "0.02651",
      "s" : "sell",
      "i" : "SKLUSD-PERP",
      "m" : "4611686018430324702"
    }, {
      "d" : "1756455687143553016",
      "t" : 1756455687143,
      "tn" : 1756455687143553016,
      "q" : "10",
      "p" : "0.02652",
      "s" : "sell",
      "i" : "SKLUSD-PERP",
      "m" : "4611686018430324701"
    }, {
      "d" : "1756455686975657781",
      "t" : 1756455686975,
      "tn" : 1756455686975657781,
      "q" : "10",
      "p" : "0.02653",
      "s" : "sell",
      "i" : "SKLUSD-PERP",
      "m" : "4611686018430324700"
    }, {
      "d" : "1756455686414191528",
      "t" : 1756455686414,
      "tn" : 1756455686414191528,
      "q" : "10",
      "p" : "0.02652",
      "s" : "sell",
      "i" : "SKLUSD-PERP",
      "m" : "4611686018430324699"
    }, {
      "d" : "1756455686358153161",
      "t" : 1756455686358,
      "tn" : 1756455686358153161,
      "q" : "10",
      "p" : "0.02652",
      "s" : "sell",
      "i" : "SKLUSD-PERP",
      "m" : "4611686018430324698"
    }, {
      "d" : "1756455686137616708",
      "t" : 1756455686137,
      "tn" : 1756455686137616708,
      "q" : "10",
      "p" : "0.02653",
      "s" : "sell",
      "i" : "SKLUSD-PERP",
      "m" : "4611686018430324697"
    }, {
      "d" : "1756455685860110303",
      "t" : 1756455685860,
      "tn" : 1756455685860110303,
      "q" : "10",
      "p" : "0.02653",
      "s" : "sell",
      "i" : "SKLUSD-PERP",
      "m" : "4611686018430324696"
    }, {
      "d" : "1756455684142513924",
      "t" : 1756455684142,
      "tn" : 1756455684142513924,
      "q" : "10",
      "p" : "0.02651",
      "s" : "sell",
      "i" : "SKLUSD-PERP",
      "m" : "4611686018430324695"
    }, {
      "d" : "1756455684142069245",
      "t" : 1756455684142,
      "tn" : 1756455684142069245,
      "q" : "10",
      "p" : "0.02652",
      "s" : "sell",
      "i" : "SKLUSD-PERP",
      "m" : "4611686018430324694"
    }, {
      "d" : "1756455680256494968",
      "t" : 1756455680256,
      "tn" : 1756455680256494968,
      "q" : "10",
      "p" : "0.02649",
      "s" : "sell",
      "i" : "SKLUSD-PERP",
      "m" : "4611686018430324693"
    }, {
      "d" : "1756455679552012370",
      "t" : 1756455679552,
      "tn" : 1756455679552012370,
      "q" : "10",
      "p" : "0.02649",
      "s" : "sell",
      "i" : "SKLUSD-PERP",
      "m" : "4611686018430324692"
    }, {
      "d" : "1756455677982321497",
      "t" : 1756455677982,
      "tn" : 1756455677982321497,
      "q" : "10",
      "p" : "0.02648",
      "s" : "sell",
      "i" : "SKLUSD-PERP",
      "m" : "4611686018430324691"
    }, {
      "d" : "1756455677871379989",
      "t" : 1756455677871,
      "tn" : 1756455677871379989,
      "q" : "10",
      "p" : "0.02645",
      "s" : "sell",
      "i" : "SKLUSD-PERP",
      "m" : "4611686018430324690"
    }, {
      "d" : "1756455676844084422",
      "t" : 1756455676844,
      "tn" : 1756455676844084422,
      "q" : "10",
      "p" : "0.02645",
      "s" : "sell",
      "i" : "SKLUSD-PERP",
      "m" : "4611686018430324689"
    }, {
      "d" : "1756455676823573532",
      "t" : 1756455676823,
      "tn" : 1756455676823573532,
      "q" : "10",
      "p" : "0.02645",
      "s" : "sell",
      "i" : "SKLUSD-PERP",
      "m" : "4611686018430324688"
    } ]
  }
}