{
  "id" : -1,
  "method" : "public/get-trades",
  "code" : 0,
  "result" : {
    "data" : [ {
      "d" : "1756454341184909542",
      "t" : 1756454341184,
      "tn" : 1756454341184909542,
      "q" : "836",
      "p" : "0.060862",
      "s" : "sell",
      "i" : "SKY_USD",
      "m" : "4611686018427388530"
    }, {
      "d" : "1756454341184907134",
      "t" : 1756454341184,
      "tn" : 1756454341184907134,
      "q" : "406",
      "p" : "0.060873",
      "s" : "sell",
      "i" : "SKY_USD",
      "m" : "4611686018427388529"
    }, {
      "d" : "1756453718807134523",
      "t" : 1756453718807,
      "tn" : 1756453718807134523,
      "q" : "1048",
      "p" : "0.064469",
      "s" : "buy",
      "i" : "SKY_USD",
      "m" : "4611686018427388528"
    }, {
      "d" : "1756453718807130017",
      "t" : 1756453718807,
      "tn" : 1756453718807130017,
      "q" : "199",
      "p" : "0.064468",
      "s" : "buy",
      "i" : "SKY_USD",
      "m" : "4611686018427388527"
    }, {
      "d" : "1756448912372719946",
      "t" : 1756448912372,
      "tn" : 1756448912372719946,
      "q" : "17",
      "p" : "0.062072",
      "s" : "buy",
      "i" : "SKY_USD",
      "m" : "4611686018427388526"
    }, {
      "d" : "1756447318739995413",
      "t" : 1756447318739,
      "tn" : 1756447318739995413,
      "q" : "155",
      "p" : "0.065072",
      "s" : "buy",
      "i" : "SKY_USD",
      "m" : "4611686018427388525"
    }, {
      "d" : "1756447263527124149",
      "t" : 1756447263527,
      "tn" : 1756447263527124149,
      "q" : "1203",
      "p" : "0.064989",
      "s" : "sell",
      "i" : "SKY_USD",
      "m" : "4611686018427388524"
    }, {
      "d" : "1756447262836327452",
      "t" : 1756447262836,
      "tn" : 1756447262836327452,
      "q" : "970",
      "p" : "0.064989",
      "s" : "sell",
      "i" : "SKY_USD",
      "m" : "4611686018427388523"
    }, {
      "d" : "1756447262802004054",
      "t" : 1756447262802,
      "tn" : 1756447262802004054,
      "q" : "2425",
      "p" : "0.064989",
      "s" : "buy",
      "i" : "SKY_USD",
      "m" : "4611686018427388522"
    }, {
      "d" : "1756393151860781598",
      "t" : 1756393151860,
      "tn" : 1756393151860781597,
      "q" : "40",
      "p" : "0.064291",
      "s" : "sell",
      "i" : "SKY_USD",
      "m" : "4611686018427388521"
    }, {
      "d" : "1756393151860781597",
      "t" : 1756393151860,
      "tn" : 1756393151860781597,
      "q" : "40",
      "p" : "0.064291",
      "s" : "sell",
      "i" : "SKY_USD",
      "m" : "4611686018427388521"
    }, {
      "d" : "1756391111953850122",
      "t" : 1756391111953,
      "tn" : 1756391111953850122,
      "q" : "150",
      "p" : "0.064291",
      "s" : "buy",
      "i" : "SKY_USD",
      "m" : "4611686018427388520"
    }, {
      "d" : "1756389614521754500",
      "t" : 1756389614521,
      "tn" : 1756389614521754500,
      "q" : "2117",
      "p" : "0.062627",
      "s" : "buy",
      "i" : "SKY_USD",
      "m" : "4611686018427388519"
    }, {
      "d" : "1756389614521751975",
      "t" : 1756389614521,
      "tn" : 1756389614521751975,
      "q" : "1844",
      "p" : "0.062626",
      "s" : "buy",
      "i" : "SKY_USD",
      "m" : "4611686018427388518"
    }, {
      "d" : "1756389608995812196",
      "t" : 1756389608995,
      "tn" : 1756389608995812196,
      "q" : "2122",
      "p" : "0.059605",
      "s" : "sell",
      "i" : "SKY_USD",
      "m" : "4611686018427388517"
    }, {
      "d" : "1756389608995810232",
      "t" : 1756389608995,
      "tn" : 1756389608995810232,
      "q" : "974",
      "p" : "0.059606",
      "s" : "sell",
      "i" : "SKY_USD",
      "m" : "4611686018427388516"
    }, {
      "d" : "1756389608995807905",
      "t" : 1756389608995,
      "tn" : 1756389608995807903,
      "q" : "203",
      "p" : "0.059619",
      "s" : "sell",
      "i" : "SKY_USD",
      "m" : "4611686018427388515"
    }, {
      "d" : "1756389608995807904",
      "t" : 1756389608995,
      "tn" : 1756389608995807903,
      "q" : "202",
      "p" : "0.059619",
      "s" : "sell",
      "i" : "SKY_USD",
      "m" : "4611686018427388515"
    }, {
      "d" : "1756389608995807903",
      "t" : 1756389608995,
      "tn" : 1756389608995807903,
      "q" : "167",
      "p" : "0.059619",
      "s" : "sell",
      "i" : "SKY_USD",
      "m" : "4611686018427388515"
    }, {
      "d" : "1756389608995801505",
      "t" : 1756389608995,
      "tn" : 1756389608995801505,
      "q" : "1296",
      "p" : "0.059621",
      "s" : "sell",
      "i" : "SKY_USD",
      "m" : "4611686018427388514"
    }, {
      "d" : "1756389608995798579",
      "t" : 1756389608995,
      "tn" : 1756389608995798579,
      "q" : "167",
      "p" : "0.059622",
      "s" : "sell",
      "i" : "SKY_USD",
      "m" : "4611686018427388513"
    }, {
      "d" : "1756382178472441680",
      "t" : 1756382178472,
      "tn" : 1756382178472441680,
      "q" : "151",
      "p" : "0.066000",
      "s" : "sell",
      "i" : "SKY_USD",
      "m" : "4611686018427388512"
    } ]
  }
}