{
  "id" : -1,
  "method" : "public/get-trades",
  "code" : 0,
  "result" : {
    "data" : [ {
      "d" : "1756459788504674287",
      "t" : 1756459788504,
      "tn" : 1756459788504674286,
      "q" : "59400",
      "p" : "0.0016922",
      "s" : "buy",
      "i" : "SLP_USD",
      "m" : "4611686018430283029"
    }, {
      "d" : "1756459788504674286",
      "t" : 1756459788504,
      "tn" : 1756459788504674286,
      "q" : "25100",
      "p" : "0.0016922",
      "s" : "buy",
      "i" : "SLP_USD",
      "m" : "4611686018430283029"
    }, {
      "d" : "1756459788495975859",
      "t" : 1756459788495,
      "tn" : 1756459788495975859,
      "q" : "26400",
      "p" : "0.0016922",
      "s" : "sell",
      "i" : "SLP_USD",
      "m" : "4611686018430283028"
    }, {
      "d" : "1756458157065804482",
      "t" : 1756458157065,
      "tn" : 1756458157065804482,
      "q" : "17500",
      "p" : "0.0016792",
      "s" : "sell",
      "i" : "SLP_USD",
      "m" : "4611686018430283027"
    }, {
      "d" : "1756458157058213545",
      "t" : 1756458157058,
      "tn" : 1756458157058213544,
      "q" : "70800",
      "p" : "0.0016792",
      "s" : "sell",
      "i" : "SLP_USD",
      "m" : "4611686018430283026"
    }, {
      "d" : "1756458157058213544",
      "t" : 1756458157058,
      "tn" : 1756458157058213544,
      "q" : "15600",
      "p" : "0.0016792",
      "s" : "sell",
      "i" : "SLP_USD",
      "m" : "4611686018430283026"
    }, {
      "d" : "1756458157055836198",
      "t" : 1756458157055,
      "tn" : 1756458157055836198,
      "q" : "119300",
      "p" : "0.0016792",
      "s" : "sell",
      "i" : "SLP_USD",
      "m" : "4611686018430283025"
    }, {
      "d" : "1756458157055366042",
      "t" : 1756458157055,
      "tn" : 1756458157055366042,
      "q" : "152200",
      "p" : "0.0016792",
      "s" : "sell",
      "i" : "SLP_USD",
      "m" : "4611686018430283024"
    }, {
      "d" : "1756458151440755482",
      "t" : 1756458151440,
      "tn" : 1756458151440755482,
      "q" : "19400",
      "p" : "0.0016792",
      "s" : "sell",
      "i" : "SLP_USD",
      "m" : "4611686018430283023"
    }, {
      "d" : "1756458151440753885",
      "t" : 1756458151440,
      "tn" : 1756458151440753885,
      "q" : "28300",
      "p" : "0.0016793",
      "s" : "sell",
      "i" : "SLP_USD",
      "m" : "4611686018430283022"
    }, {
      "d" : "1756458151440065704",
      "t" : 1756458151440,
      "tn" : 1756458151440065704,
      "q" : "59400",
      "p" : "0.0016849",
      "s" : "sell",
      "i" : "SLP_USD",
      "m" : "4611686018430283021"
    }, {
      "d" : "1756458150969813292",
      "t" : 1756458150969,
      "tn" : 1756458150969813292,
      "q" : "59400",
      "p" : "0.0016850",
      "s" : "sell",
      "i" : "SLP_USD",
      "m" : "4611686018430283020"
    }, {
      "d" : "1756458150969810492",
      "t" : 1756458150969,
      "tn" : 1756458150969810492,
      "q" : "29600",
      "p" : "0.0016851",
      "s" : "sell",
      "i" : "SLP_USD",
      "m" : "4611686018430283019"
    }, {
      "d" : "1756458037849005542",
      "t" : 1756458037849,
      "tn" : 1756458037849005542,
      "q" : "5200",
      "p" : "0.0016880",
      "s" : "sell",
      "i" : "SLP_USD",
      "m" : "4611686018430283018"
    }, {
      "d" : "1756457493509860436",
      "t" : 1756457493509,
      "tn" : 1756457493509860436,
      "q" : "20000",
      "p" : "0.0017000",
      "s" : "sell",
      "i" : "SLP_USD",
      "m" : "4611686018430283017"
    }, {
      "d" : "1756455673318335911",
      "t" : 1756455673318,
      "tn" : 1756455673318335911,
      "q" : "6000",
      "p" : "0.0017000",
      "s" : "sell",
      "i" : "SLP_USD",
      "m" : "4611686018430283016"
    }, {
      "d" : "1756452356774609122",
      "t" : 1756452356774,
      "tn" : 1756452356774609122,
      "q" : "7000",
      "p" : "0.0017265",
      "s" : "sell",
      "i" : "SLP_USD",
      "m" : "4611686018430283015"
    }, {
      "d" : "1756451408636491410",
      "t" : 1756451408636,
      "tn" : 1756451408636491410,
      "q" : "5700",
      "p" : "0.0017402",
      "s" : "buy",
      "i" : "SLP_USD",
      "m" : "4611686018430283014"
    }, {
      "d" : "1756451247663389089",
      "t" : 1756451247663,
      "tn" : 1756451247663389089,
      "q" : "5100",
      "p" : "0.0017386",
      "s" : "sell",
      "i" : "SLP_USD",
      "m" : "4611686018430283013"
    }, {
      "d" : "1756448205179850850",
      "t" : 1756448205179,
      "tn" : 1756448205179850850,
      "q" : "248800",
      "p" : "0.0017630",
      "s" : "buy",
      "i" : "SLP_USD",
      "m" : "4611686018430283012"
    }, {
      "d" : "1756436520847859237",
      "t" : 1756436520847,
      "tn" : 1756436520847859237,
      "q" : "150300",
      "p" : "0.0017871",
      "s" : "buy",
      "i" : "SLP_USD",
      "m" : "4611686018430283011"
    }, {
      "d" : "1756432637918029228",
      "t" : 1756432637918,
      "tn" : 1756432637918029228,
      "q" : "67700",
      "p" : "0.0017727",
      "s" : "buy",
      "i" : "SLP_USD",
      "m" : "4611686018430283010"
    }, {
      "d" : "1756427410632822060",
      "t" : 1756427410632,
      "tn" : 1756427410632822060,
      "q" : "1500",
      "p" : "0.0017979",
      "s" : "sell",
      "i" : "SLP_USD",
      "m" : "4611686018430283009"
    }, {
      "d" : "1756427380632231667",
      "t" : 1756427380632,
      "tn" : 1756427380632231667,
      "q" : "1200",
      "p" : "0.0018103",
      "s" : "buy",
      "i" : "SLP_USD",
      "m" : "4611686018430283008"
    }, {
      "d" : "1756425704020993092",
      "t" : 1756425704020,
      "tn" : 1756425704020993092,
      "q" : "50600",
      "p" : "0.0017939",
      "s" : "sell",
      "i" : "SLP_USD",
      "m" : "4611686018430283007"
    }, {
      "d" : "1756416286814207842",
      "t" : 1756416286814,
      "tn" : 1756416286814207842,
      "q" : "55800",
      "p" : "0.0017733",
      "s" : "sell",
      "i" : "SLP_USD",
      "m" : "4611686018430283006"
    }, {
      "d" : "1756412289877372371",
      "t" : 1756412289877,
      "tn" : 1756412289877372371,
      "q" : "90700",
      "p" : "0.0017721",
      "s" : "sell",
      "i" : "SLP_USD",
      "m" : "4611686018430283005"
    }, {
      "d" : "1756408657877896626",
      "t" : 1756408657877,
      "tn" : 1756408657877896626,
      "q" : "24200",
      "p" : "0.0017871",
      "s" : "sell",
      "i" : "SLP_USD",
      "m" : "4611686018430283004"
    }, {
      "d" : "1756401229157216626",
      "t" : 1756401229157,
      "tn" : 1756401229157216626,
      "q" : "78100",
      "p" : "0.0017796",
      "s" : "sell",
      "i" : "SLP_USD",
      "m" : "4611686018430283003"
    }, {
      "d" : "1756400933041561735",
      "t" : 1756400933041,
      "tn" : 1756400933041561735,
      "q" : "29300",
      "p" : "0.0017556",
      "s" : "sell",
      "i" : "SLP_USD",
      "m" : "4611686018430283002"
    }, {
      "d" : "1756400929778925142",
      "t" : 1756400929778,
      "tn" : 1756400929778925142,
      "q" : "36100",
      "p" : "0.0017804",
      "s" : "sell",
      "i" : "SLP_USD",
      "m" : "4611686018430283001"
    }, {
      "d" : "1756400444413210254",
      "t" : 1756400444413,
      "tn" : 1756400444413210254,
      "q" : "6600",
      "p" : "0.0017639",
      "s" : "buy",
      "i" : "SLP_USD",
      "m" : "4611686018430283000"
    }, {
      "d" : "1756399656435603240",
      "t" : 1756399656435,
      "tn" : 1756399656435603240,
      "q" : "159000",
      "p" : "0.0017761",
      "s" : "sell",
      "i" : "SLP_USD",
      "m" : "4611686018430282999"
    }, {
      "d" : "1756399656435601434",
      "t" : 1756399656435,
      "tn" : 1756399656435601434,
      "q" : "11800",
      "p" : "0.0017762",
      "s" : "sell",
      "i" : "SLP_USD",
      "m" : "4611686018430282998"
    }, {
      "d" : "1756398075378672339",
      "t" : 1756398075378,
      "tn" : 1756398075378672339,
      "q" : "69500",
      "p" : "0.0017862",
      "s" : "buy",
      "i" : "SLP_USD",
      "m" : "4611686018430282997"
    }, {
      "d" : "1756395717669009436",
      "t" : 1756395717669,
      "tn" : 1756395717669009436,
      "q" : "58600",
      "p" : "0.0017820",
      "s" : "buy",
      "i" : "SLP_USD",
      "m" : "4611686018430282996"
    }, {
      "d" : "1756390142262934258",
      "t" : 1756390142262,
      "tn" : 1756390142262934258,
      "q" : "57500",
      "p" : "0.0017871",
      "s" : "buy",
      "i" : "SLP_USD",
      "m" : "4611686018430282995"
    }, {
      "d" : "1756390106265811549",
      "t" : 1756390106265,
      "tn" : 1756390106265811549,
      "q" : "454300",
      "p" : "0.0017901",
      "s" : "sell",
      "i" : "SLP_USD",
      "m" : "4611686018430282994"
    }, {
      "d" : "1756389448379937400",
      "t" : 1756389448379,
      "tn" : 1756389448379937400,
      "q" : "170600",
      "p" : "0.0017730",
      "s" : "sell",
      "i" : "SLP_USD",
      "m" : "4611686018430282993"
    }, {
      "d" : "1756389308319808366",
      "t" : 1756389308319,
      "tn" : 1756389308319808366,
      "q" : "62200",
      "p" : "0.0017834",
      "s" : "sell",
      "i" : "SLP_USD",
      "m" : "4611686018430282992"
    }, {
      "d" : "1756388786884024839",
      "t" : 1756388786884,
      "tn" : 1756388786884024839,
      "q" : "255000",
      "p" : "0.0017847",
      "s" : "sell",
      "i" : "SLP_USD",
      "m" : "4611686018430282991"
    }, {
      "d" : "1756388554123951573",
      "t" : 1756388554123,
      "tn" : 1756388554123951573,
      "q" : "170700",
      "p" : "0.0017819",
      "s" : "buy",
      "i" : "SLP_USD",
      "m" : "4611686018430282990"
    }, {
      "d" : "1756387347593782889",
      "t" : 1756387347593,
      "tn" : 1756387347593782889,
      "q" : "68900",
      "p" : "0.0017924",
      "s" : "buy",
      "i" : "SLP_USD",
      "m" : "4611686018430282989"
    }, {
      "d" : "1756387347593350585",
      "t" : 1756387347593,
      "tn" : 1756387347593350585,
      "q" : "431100",
      "p" : "0.0017924",
      "s" : "buy",
      "i" : "SLP_USD",
      "m" : "4611686018430282988"
    }, {
      "d" : "1756387296674264017",
      "t" : 1756387296674,
      "tn" : 1756387296674264017,
      "q" : "81000",
      "p" : "0.0017911",
      "s" : "buy",
      "i" : "SLP_USD",
      "m" : "4611686018430282987"
    }, {
      "d" : "1756385856557687982",
      "t" : 1756385856557,
      "tn" : 1756385856557687982,
      "q" : "111400",
      "p" : "0.0017947",
      "s" : "buy",
      "i" : "SLP_USD",
      "m" : "4611686018430282986"
    }, {
      "d" : "1756384295948558678",
      "t" : 1756384295948,
      "tn" : 1756384295948558678,
      "q" : "349000",
      "p" : "0.0017926",
      "s" : "buy",
      "i" : "SLP_USD",
      "m" : "4611686018430282985"
    }, {
      "d" : "1756384295260137785",
      "t" : 1756384295260,
      "tn" : 1756384295260137785,
      "q" : "8400",
      "p" : "0.0017926",
      "s" : "buy",
      "i" : "SLP_USD",
      "m" : "4611686018430282984"
    }, {
      "d" : "1756383254885248870",
      "t" : 1756383254885,
      "tn" : 1756383254885248870,
      "q" : "6200",
      "p" : "0.0017872",
      "s" : "sell",
      "i" : "SLP_USD",
      "m" : "4611686018430282983"
    }, {
      "d" : "1756383065409944163",
      "t" : 1756383065409,
      "tn" : 1756383065409944163,
      "q" : "6300",
      "p" : "0.0017967",
      "s" : "sell",
      "i" : "SLP_USD",
      "m" : "4611686018430282982"
    }, {
      "d" : "1756377044587546337",
      "t" : 1756377044587,
      "tn" : 1756377044587546337,
      "q" : "167800",
      "p" : "0.0017846",
      "s" : "buy",
      "i" : "SLP_USD",
      "m" : "4611686018430282981"
    } ]
  }
}