{
  "id" : -1,
  "method" : "public/get-trades",
  "code" : 0,
  "result" : {
    "data" : [ {
      "d" : "1756461541233792068",
      "t" : 1756461541233,
      "tn" : 1756461541233792068,
      "q" : "5700",
      "p" : "0.0017069",
      "s" : "buy",
      "i" : "SLP_USDT",
      "m" : "4611686018430218821"
    }, {
      "d" : "1756458217097653488",
      "t" : 1756458217097,
      "tn" : 1756458217097653488,
      "q" : "49900",
      "p" : "0.0016742",
      "s" : "sell",
      "i" : "SLP_USDT",
      "m" : "4611686018430218820"
    }, {
      "d" : "1756458157056974702",
      "t" : 1756458157056,
      "tn" : 1756458157056974702,
      "q" : "86400",
      "p" : "0.0016764",
      "s" : "sell",
      "i" : "SLP_USDT",
      "m" : "4611686018430218819"
    }, {
      "d" : "1756458157055145572",
      "t" : 1756458157055,
      "tn" : 1756458157055145572,
      "q" : "119300",
      "p" : "0.0016764",
      "s" : "sell",
      "i" : "SLP_USDT",
      "m" : "4611686018430218818"
    }, {
      "d" : "1756458157054502007",
      "t" : 1756458157054,
      "tn" : 1756458157054502007,
      "q" : "152200",
      "p" : "0.0016764",
      "s" : "sell",
      "i" : "SLP_USDT",
      "m" : "4611686018430218817"
    }, {
      "d" : "1756458157053694112",
      "t" : 1756458157053,
      "tn" : 1756458157053694112,
      "q" : "94300",
      "p" : "0.0016762",
      "s" : "sell",
      "i" : "SLP_USDT",
      "m" : "4611686018430218816"
    }, {
      "d" : "1756458153545043985",
      "t" : 1756458153545,
      "tn" : 1756458153545043985,
      "q" : "6800",
      "p" : "0.0016825",
      "s" : "sell",
      "i" : "SLP_USDT",
      "m" : "4611686018430218815"
    }, {
      "d" : "1756458153542858030",
      "t" : 1756458153542,
      "tn" : 1756458153542858030,
      "q" : "47700",
      "p" : "0.0016825",
      "s" : "sell",
      "i" : "SLP_USDT",
      "m" : "4611686018430218814"
    }, {
      "d" : "1756458153541074224",
      "t" : 1756458153541,
      "tn" : 1756458153541074224,
      "q" : "47700",
      "p" : "0.0016825",
      "s" : "sell",
      "i" : "SLP_USDT",
      "m" : "4611686018430218813"
    }, {
      "d" : "1756458153540971554",
      "t" : 1756458153540,
      "tn" : 1756458153540971554,
      "q" : "69300",
      "p" : "0.0016825",
      "s" : "sell",
      "i" : "SLP_USDT",
      "m" : "4611686018430218812"
    }, {
      "d" : "1756458151449493724",
      "t" : 1756458151449,
      "tn" : 1756458151449493724,
      "q" : "47700",
      "p" : "0.0016825",
      "s" : "sell",
      "i" : "SLP_USDT",
      "m" : "4611686018430218811"
    }, {
      "d" : "1756458151444508214",
      "t" : 1756458151444,
      "tn" : 1756458151444508214,
      "q" : "47700",
      "p" : "0.0016825",
      "s" : "sell",
      "i" : "SLP_USDT",
      "m" : "4611686018430218810"
    }, {
      "d" : "1756458151439997145",
      "t" : 1756458151439,
      "tn" : 1756458151439997145,
      "q" : "47700",
      "p" : "0.0016826",
      "s" : "sell",
      "i" : "SLP_USDT",
      "m" : "4611686018430218809"
    }, {
      "d" : "1756450947940074126",
      "t" : 1756450947940,
      "tn" : 1756450947940074126,
      "q" : "181800",
      "p" : "0.0017455",
      "s" : "sell",
      "i" : "SLP_USDT",
      "m" : "4611686018430218808"
    }, {
      "d" : "1756450947382282034",
      "t" : 1756450947382,
      "tn" : 1756450947382282034,
      "q" : "193000",
      "p" : "0.0017453",
      "s" : "sell",
      "i" : "SLP_USDT",
      "m" : "4611686018430218807"
    }, {
      "d" : "1756450947213572643",
      "t" : 1756450947213,
      "tn" : 1756450947213572643,
      "q" : "21200",
      "p" : "0.0017455",
      "s" : "sell",
      "i" : "SLP_USDT",
      "m" : "4611686018430218806"
    }, {
      "d" : "1756447395683124783",
      "t" : 1756447395683,
      "tn" : 1756447395683124783,
      "q" : "358100",
      "p" : "0.0017798",
      "s" : "sell",
      "i" : "SLP_USDT",
      "m" : "4611686018430218805"
    }, {
      "d" : "1756447395681198459",
      "t" : 1756447395681,
      "tn" : 1756447395681198459,
      "q" : "34300",
      "p" : "0.0017798",
      "s" : "sell",
      "i" : "SLP_USDT",
      "m" : "4611686018430218804"
    }, {
      "d" : "1756427386557643710",
      "t" : 1756427386557,
      "tn" : 1756427386557643710,
      "q" : "50000",
      "p" : "0.0018101",
      "s" : "buy",
      "i" : "SLP_USDT",
      "m" : "4611686018430218803"
    }, {
      "d" : "1756427369304997528",
      "t" : 1756427369304,
      "tn" : 1756427369304997528,
      "q" : "200",
      "p" : "0.0017971",
      "s" : "buy",
      "i" : "SLP_USDT",
      "m" : "4611686018430218802"
    }, {
      "d" : "1756427334878537808",
      "t" : 1756427334878,
      "tn" : 1756427334878537808,
      "q" : "27800",
      "p" : "0.0017971",
      "s" : "buy",
      "i" : "SLP_USDT",
      "m" : "4611686018430218801"
    }, {
      "d" : "1756427334838479659",
      "t" : 1756427334838,
      "tn" : 1756427334838479659,
      "q" : "22300",
      "p" : "0.0017971",
      "s" : "buy",
      "i" : "SLP_USDT",
      "m" : "4611686018430218800"
    }, {
      "d" : "1756427334810473251",
      "t" : 1756427334810,
      "tn" : 1756427334810473251,
      "q" : "15900",
      "p" : "0.0017971",
      "s" : "buy",
      "i" : "SLP_USDT",
      "m" : "4611686018430218799"
    }, {
      "d" : "1756427334806798871",
      "t" : 1756427334806,
      "tn" : 1756427334806798871,
      "q" : "50100",
      "p" : "0.0017971",
      "s" : "buy",
      "i" : "SLP_USDT",
      "m" : "4611686018430218798"
    }, {
      "d" : "1756427334768467280",
      "t" : 1756427334768,
      "tn" : 1756427334768467280,
      "q" : "50100",
      "p" : "0.0017971",
      "s" : "buy",
      "i" : "SLP_USDT",
      "m" : "4611686018430218797"
    }, {
      "d" : "1756427334768163914",
      "t" : 1756427334768,
      "tn" : 1756427334768163914,
      "q" : "166700",
      "p" : "0.0017971",
      "s" : "buy",
      "i" : "SLP_USDT",
      "m" : "4611686018430218796"
    }, {
      "d" : "1756427334736513839",
      "t" : 1756427334736,
      "tn" : 1756427334736513839,
      "q" : "28200",
      "p" : "0.0017971",
      "s" : "buy",
      "i" : "SLP_USDT",
      "m" : "4611686018430218795"
    }, {
      "d" : "1756427334733161829",
      "t" : 1756427334733,
      "tn" : 1756427334733161829,
      "q" : "2500",
      "p" : "0.0017971",
      "s" : "buy",
      "i" : "SLP_USDT",
      "m" : "4611686018430218794"
    }, {
      "d" : "1756427334724927568",
      "t" : 1756427334724,
      "tn" : 1756427334724927568,
      "q" : "15400",
      "p" : "0.0017971",
      "s" : "buy",
      "i" : "SLP_USDT",
      "m" : "4611686018430218793"
    }, {
      "d" : "1756427334723180001",
      "t" : 1756427334723,
      "tn" : 1756427334723180001,
      "q" : "7100",
      "p" : "0.0017971",
      "s" : "buy",
      "i" : "SLP_USDT",
      "m" : "4611686018430218792"
    }, {
      "d" : "1756427334720428367",
      "t" : 1756427334720,
      "tn" : 1756427334720428367,
      "q" : "50100",
      "p" : "0.0017971",
      "s" : "buy",
      "i" : "SLP_USDT",
      "m" : "4611686018430218791"
    }, {
      "d" : "1756427334720425736",
      "t" : 1756427334720,
      "tn" : 1756427334720425736,
      "q" : "47900",
      "p" : "0.0017971",
      "s" : "buy",
      "i" : "SLP_USDT",
      "m" : "4611686018430218790"
    }, {
      "d" : "1756427334718249362",
      "t" : 1756427334718,
      "tn" : 1756427334718249362,
      "q" : "18600",
      "p" : "0.0017971",
      "s" : "buy",
      "i" : "SLP_USDT",
      "m" : "4611686018430218789"
    }, {
      "d" : "1756427334718019550",
      "t" : 1756427334718,
      "tn" : 1756427334718019550,
      "q" : "37600",
      "p" : "0.0017971",
      "s" : "buy",
      "i" : "SLP_USDT",
      "m" : "4611686018430218788"
    }, {
      "d" : "1756427324135137600",
      "t" : 1756427324135,
      "tn" : 1756427324135137600,
      "q" : "50100",
      "p" : "0.0017971",
      "s" : "buy",
      "i" : "SLP_USDT",
      "m" : "4611686018430218787"
    }, {
      "d" : "1756427321308815578",
      "t" : 1756427321308,
      "tn" : 1756427321308815578,
      "q" : "100000",
      "p" : "0.0017971",
      "s" : "buy",
      "i" : "SLP_USDT",
      "m" : "4611686018430218786"
    }, {
      "d" : "1756427048937650826",
      "t" : 1756427048937,
      "tn" : 1756427048937650826,
      "q" : "50100",
      "p" : "0.0017970",
      "s" : "buy",
      "i" : "SLP_USDT",
      "m" : "4611686018430218785"
    }, {
      "d" : "1756426936993897881",
      "t" : 1756426936993,
      "tn" : 1756426936993897881,
      "q" : "100000",
      "p" : "0.0017971",
      "s" : "buy",
      "i" : "SLP_USDT",
      "m" : "4611686018430218784"
    }, {
      "d" : "1756426815220927453",
      "t" : 1756426815220,
      "tn" : 1756426815220927453,
      "q" : "41500",
      "p" : "0.0017971",
      "s" : "buy",
      "i" : "SLP_USDT",
      "m" : "4611686018430218783"
    }, {
      "d" : "1756426815215823246",
      "t" : 1756426815215,
      "tn" : 1756426815215823246,
      "q" : "77000",
      "p" : "0.0017971",
      "s" : "buy",
      "i" : "SLP_USDT",
      "m" : "4611686018430218782"
    }, {
      "d" : "1756426815210844492",
      "t" : 1756426815210,
      "tn" : 1756426815210844492,
      "q" : "77000",
      "p" : "0.0017971",
      "s" : "buy",
      "i" : "SLP_USDT",
      "m" : "4611686018430218781"
    }, {
      "d" : "1756426815205834568",
      "t" : 1756426815205,
      "tn" : 1756426815205834568,
      "q" : "77000",
      "p" : "0.0017971",
      "s" : "buy",
      "i" : "SLP_USDT",
      "m" : "4611686018430218780"
    }, {
      "d" : "1756426815200846040",
      "t" : 1756426815200,
      "tn" : 1756426815200846040,
      "q" : "77000",
      "p" : "0.0017971",
      "s" : "buy",
      "i" : "SLP_USDT",
      "m" : "4611686018430218779"
    }, {
      "d" : "1756426815196932336",
      "t" : 1756426815196,
      "tn" : 1756426815196932336,
      "q" : "77000",
      "p" : "0.0017971",
      "s" : "buy",
      "i" : "SLP_USDT",
      "m" : "4611686018430218778"
    }, {
      "d" : "1756426815195195641",
      "t" : 1756426815195,
      "tn" : 1756426815195195641,
      "q" : "3000",
      "p" : "0.0017971",
      "s" : "buy",
      "i" : "SLP_USDT",
      "m" : "4611686018430218777"
    }, {
      "d" : "1756426815195032263",
      "t" : 1756426815195,
      "tn" : 1756426815195032263,
      "q" : "394500",
      "p" : "0.0017971",
      "s" : "buy",
      "i" : "SLP_USDT",
      "m" : "4611686018430218776"
    }, {
      "d" : "1756426801511605948",
      "t" : 1756426801511,
      "tn" : 1756426801511605948,
      "q" : "67900",
      "p" : "0.0017971",
      "s" : "buy",
      "i" : "SLP_USDT",
      "m" : "4611686018430218775"
    }, {
      "d" : "1756426767175284804",
      "t" : 1756426767175,
      "tn" : 1756426767175284804,
      "q" : "100000",
      "p" : "0.0017971",
      "s" : "buy",
      "i" : "SLP_USDT",
      "m" : "4611686018430218774"
    }, {
      "d" : "1756426618052331421",
      "t" : 1756426618052,
      "tn" : 1756426618052331421,
      "q" : "100100",
      "p" : "0.0017971",
      "s" : "buy",
      "i" : "SLP_USDT",
      "m" : "4611686018430218773"
    }, {
      "d" : "1756426406757600205",
      "t" : 1756426406757,
      "tn" : 1756426406757600205,
      "q" : "50000",
      "p" : "0.0017970",
      "s" : "buy",
      "i" : "SLP_USDT",
      "m" : "4611686018430218772"
    }, {
      "d" : "1756426324837666105",
      "t" : 1756426324837,
      "tn" : 1756426324837666105,
      "q" : "50000",
      "p" : "0.0017971",
      "s" : "buy",
      "i" : "SLP_USDT",
      "m" : "4611686018430218771"
    }, {
      "d" : "1756425737297770038",
      "t" : 1756425737297,
      "tn" : 1756425737297770038,
      "q" : "50000",
      "p" : "0.0017971",
      "s" : "buy",
      "i" : "SLP_USDT",
      "m" : "4611686018430218770"
    }, {
      "d" : "1756425715253968785",
      "t" : 1756425715253,
      "tn" : 1756425715253968785,
      "q" : "853800",
      "p" : "0.0017971",
      "s" : "buy",
      "i" : "SLP_USDT",
      "m" : "4611686018430218769"
    }, {
      "d" : "1756425677247084080",
      "t" : 1756425677247,
      "tn" : 1756425677247084080,
      "q" : "198600",
      "p" : "0.0017971",
      "s" : "buy",
      "i" : "SLP_USDT",
      "m" : "4611686018430218768"
    }, {
      "d" : "1756425604282333488",
      "t" : 1756425604282,
      "tn" : 1756425604282333488,
      "q" : "58200",
      "p" : "0.0017971",
      "s" : "buy",
      "i" : "SLP_USDT",
      "m" : "4611686018430218767"
    }, {
      "d" : "1756425358847877298",
      "t" : 1756425358847,
      "tn" : 1756425358847877298,
      "q" : "49900",
      "p" : "0.0017971",
      "s" : "buy",
      "i" : "SLP_USDT",
      "m" : "4611686018430218766"
    }, {
      "d" : "1756409108415241895",
      "t" : 1756409108415,
      "tn" : 1756409108415241895,
      "q" : "12300",
      "p" : "0.0017850",
      "s" : "sell",
      "i" : "SLP_USDT",
      "m" : "4611686018430218765"
    }, {
      "d" : "1756400933083396220",
      "t" : 1756400933083,
      "tn" : 1756400933083396220,
      "q" : "70200",
      "p" : "0.0017541",
      "s" : "sell",
      "i" : "SLP_USDT",
      "m" : "4611686018430218764"
    }, {
      "d" : "1756400933083394747",
      "t" : 1756400933083,
      "tn" : 1756400933083394747,
      "q" : "29700",
      "p" : "0.0017542",
      "s" : "sell",
      "i" : "SLP_USDT",
      "m" : "4611686018430218763"
    }, {
      "d" : "1756400933042250470",
      "t" : 1756400933042,
      "tn" : 1756400933042250470,
      "q" : "29300",
      "p" : "0.0017541",
      "s" : "sell",
      "i" : "SLP_USDT",
      "m" : "4611686018430218762"
    }, {
      "d" : "1756400933038049827",
      "t" : 1756400933038,
      "tn" : 1756400933038049827,
      "q" : "29600",
      "p" : "0.0017605",
      "s" : "sell",
      "i" : "SLP_USDT",
      "m" : "4611686018430218761"
    }, {
      "d" : "1756400929542460046",
      "t" : 1756400929542,
      "tn" : 1756400929542460046,
      "q" : "301900",
      "p" : "0.0017831",
      "s" : "sell",
      "i" : "SLP_USDT",
      "m" : "4611686018430218760"
    }, {
      "d" : "1756400929340438329",
      "t" : 1756400929340,
      "tn" : 1756400929340438329,
      "q" : "88000",
      "p" : "0.0017831",
      "s" : "sell",
      "i" : "SLP_USDT",
      "m" : "4611686018430218759"
    }, {
      "d" : "1756400928304593599",
      "t" : 1756400928304,
      "tn" : 1756400928304593599,
      "q" : "34000",
      "p" : "0.0017831",
      "s" : "sell",
      "i" : "SLP_USDT",
      "m" : "4611686018430218758"
    }, {
      "d" : "1756400928300944615",
      "t" : 1756400928300,
      "tn" : 1756400928300944615,
      "q" : "49400",
      "p" : "0.0017831",
      "s" : "sell",
      "i" : "SLP_USDT",
      "m" : "4611686018430218757"
    }, {
      "d" : "1756400928298921557",
      "t" : 1756400928298,
      "tn" : 1756400928298921557,
      "q" : "49400",
      "p" : "0.0017831",
      "s" : "sell",
      "i" : "SLP_USDT",
      "m" : "4611686018430218756"
    }, {
      "d" : "1756400920240022670",
      "t" : 1756400920240,
      "tn" : 1756400920240022670,
      "q" : "146100",
      "p" : "0.0017884",
      "s" : "sell",
      "i" : "SLP_USDT",
      "m" : "4611686018430218755"
    }, {
      "d" : "1756400519344028100",
      "t" : 1756400519344,
      "tn" : 1756400519344028100,
      "q" : "120800",
      "p" : "0.0017908",
      "s" : "buy",
      "i" : "SLP_USDT",
      "m" : "4611686018430218754"
    }, {
      "d" : "1756400514427609828",
      "t" : 1756400514427,
      "tn" : 1756400514427609828,
      "q" : "33900",
      "p" : "0.0017967",
      "s" : "buy",
      "i" : "SLP_USDT",
      "m" : "4611686018430218753"
    }, {
      "d" : "1756400514427607908",
      "t" : 1756400514427,
      "tn" : 1756400514427607908,
      "q" : "16100",
      "p" : "0.0017965",
      "s" : "buy",
      "i" : "SLP_USDT",
      "m" : "4611686018430218752"
    }, {
      "d" : "1756400501639975749",
      "t" : 1756400501639,
      "tn" : 1756400501639975749,
      "q" : "215600",
      "p" : "0.0017809",
      "s" : "buy",
      "i" : "SLP_USDT",
      "m" : "4611686018430218751"
    }, {
      "d" : "1756400454374107569",
      "t" : 1756400454374,
      "tn" : 1756400454374107569,
      "q" : "51300",
      "p" : "0.0017677",
      "s" : "buy",
      "i" : "SLP_USDT",
      "m" : "4611686018430218750"
    }, {
      "d" : "1756400454373956697",
      "t" : 1756400454373,
      "tn" : 1756400454373956697,
      "q" : "58300",
      "p" : "0.0017677",
      "s" : "buy",
      "i" : "SLP_USDT",
      "m" : "4611686018430218749"
    }, {
      "d" : "1756400454373954674",
      "t" : 1756400454373,
      "tn" : 1756400454373954674,
      "q" : "220700",
      "p" : "0.0017675",
      "s" : "buy",
      "i" : "SLP_USDT",
      "m" : "4611686018430218748"
    }, {
      "d" : "1756400450084983010",
      "t" : 1756400450084,
      "tn" : 1756400450084983010,
      "q" : "24400",
      "p" : "0.0017677",
      "s" : "buy",
      "i" : "SLP_USDT",
      "m" : "4611686018430218747"
    }, {
      "d" : "1756394259667676004",
      "t" : 1756394259667,
      "tn" : 1756394259667676004,
      "q" : "50000",
      "p" : "0.0017971",
      "s" : "buy",
      "i" : "SLP_USDT",
      "m" : "4611686018430218746"
    }, {
      "d" : "1756393428237589459",
      "t" : 1756393428237,
      "tn" : 1756393428237589459,
      "q" : "39800",
      "p" : "0.0017972",
      "s" : "buy",
      "i" : "SLP_USDT",
      "m" : "4611686018430218745"
    }, {
      "d" : "1756393428237587217",
      "t" : 1756393428237,
      "tn" : 1756393428237587217,
      "q" : "10200",
      "p" : "0.0017971",
      "s" : "buy",
      "i" : "SLP_USDT",
      "m" : "4611686018430218744"
    }, {
      "d" : "1756393350767673650",
      "t" : 1756393350767,
      "tn" : 1756393350767673650,
      "q" : "12500",
      "p" : "0.0017969",
      "s" : "buy",
      "i" : "SLP_USDT",
      "m" : "4611686018430218743"
    }, {
      "d" : "1756393350767671445",
      "t" : 1756393350767,
      "tn" : 1756393350767671445,
      "q" : "37500",
      "p" : "0.0017968",
      "s" : "buy",
      "i" : "SLP_USDT",
      "m" : "4611686018430218742"
    }, {
      "d" : "1756392144865028680",
      "t" : 1756392144865,
      "tn" : 1756392144865028680,
      "q" : "116500",
      "p" : "0.0017896",
      "s" : "sell",
      "i" : "SLP_USDT",
      "m" : "4611686018430218741"
    }, {
      "d" : "1756391974755796892",
      "t" : 1756391974755,
      "tn" : 1756391974755796892,
      "q" : "51400",
      "p" : "0.0017855",
      "s" : "sell",
      "i" : "SLP_USDT",
      "m" : "4611686018430218740"
    }, {
      "d" : "1756391974755794372",
      "t" : 1756391974755,
      "tn" : 1756391974755794372,
      "q" : "65300",
      "p" : "0.0017856",
      "s" : "sell",
      "i" : "SLP_USDT",
      "m" : "4611686018430218739"
    }, {
      "d" : "1756391592857642519",
      "t" : 1756391592857,
      "tn" : 1756391592857642519,
      "q" : "43900",
      "p" : "0.0017880",
      "s" : "buy",
      "i" : "SLP_USDT",
      "m" : "4611686018430218738"
    }, {
      "d" : "1756391592857640311",
      "t" : 1756391592857,
      "tn" : 1756391592857640311,
      "q" : "6200",
      "p" : "0.0017879",
      "s" : "buy",
      "i" : "SLP_USDT",
      "m" : "4611686018430218737"
    }, {
      "d" : "1756391078227738376",
      "t" : 1756391078227,
      "tn" : 1756391078227738375,
      "q" : "42500",
      "p" : "0.0017941",
      "s" : "buy",
      "i" : "SLP_USDT",
      "m" : "4611686018430218736"
    }, {
      "d" : "1756391078227738375",
      "t" : 1756391078227,
      "tn" : 1756391078227738375,
      "q" : "7500",
      "p" : "0.0017941",
      "s" : "buy",
      "i" : "SLP_USDT",
      "m" : "4611686018430218736"
    }, {
      "d" : "1756390878507644161",
      "t" : 1756390878507,
      "tn" : 1756390878507644161,
      "q" : "50000",
      "p" : "0.0017969",
      "s" : "buy",
      "i" : "SLP_USDT",
      "m" : "4611686018430218735"
    }, {
      "d" : "1756389880277637360",
      "t" : 1756389880277,
      "tn" : 1756389880277637360,
      "q" : "42100",
      "p" : "0.0017912",
      "s" : "buy",
      "i" : "SLP_USDT",
      "m" : "4611686018430218734"
    }, {
      "d" : "1756389880277635313",
      "t" : 1756389880277,
      "tn" : 1756389880277635313,
      "q" : "7900",
      "p" : "0.0017911",
      "s" : "buy",
      "i" : "SLP_USDT",
      "m" : "4611686018430218733"
    }, {
      "d" : "1756389660437584054",
      "t" : 1756389660437,
      "tn" : 1756389660437584054,
      "q" : "39200",
      "p" : "0.0017871",
      "s" : "buy",
      "i" : "SLP_USDT",
      "m" : "4611686018430218732"
    }, {
      "d" : "1756389660437582019",
      "t" : 1756389660437,
      "tn" : 1756389660437582019,
      "q" : "10800",
      "p" : "0.0017870",
      "s" : "buy",
      "i" : "SLP_USDT",
      "m" : "4611686018430218731"
    }, {
      "d" : "1756388224687654452",
      "t" : 1756388224687,
      "tn" : 1756388224687654452,
      "q" : "50000",
      "p" : "0.0017921",
      "s" : "buy",
      "i" : "SLP_USDT",
      "m" : "4611686018430218730"
    }, {
      "d" : "1756384266667693031",
      "t" : 1756384266667,
      "tn" : 1756384266667693031,
      "q" : "40100",
      "p" : "0.0017952",
      "s" : "buy",
      "i" : "SLP_USDT",
      "m" : "4611686018430218729"
    }, {
      "d" : "1756383661557443669",
      "t" : 1756383661557,
      "tn" : 1756383661557443669,
      "q" : "600",
      "p" : "0.0017905",
      "s" : "sell",
      "i" : "SLP_USDT",
      "m" : "4611686018430218728"
    }, {
      "d" : "1756383288646121851",
      "t" : 1756383288646,
      "tn" : 1756383288646121851,
      "q" : "10200",
      "p" : "0.0017959",
      "s" : "buy",
      "i" : "SLP_USDT",
      "m" : "4611686018430218727"
    }, {
      "d" : "1756383254885945125",
      "t" : 1756383254885,
      "tn" : 1756383254885945125,
      "q" : "6200",
      "p" : "0.0017905",
      "s" : "sell",
      "i" : "SLP_USDT",
      "m" : "4611686018430218726"
    } ]
  }
}