{
  "id" : -1,
  "method" : "public/get-trades",
  "code" : 0,
  "result" : {
    "data" : [ {
      "d" : "1756415406057870807",
      "t" : 1756415406057,
      "tn" : 1756415406057870807,
      "q" : "1000",
      "p" : "0.0041712",
      "s" : "buy",
      "i" : "SNEKUSD-PERP",
      "m" : "4611686018427392030"
    }, {
      "d" : "1756398978688688248",
      "t" : 1756398978688,
      "tn" : 1756398978688688248,
      "q" : "1000",
      "p" : "0.0042932",
      "s" : "buy",
      "i" : "SNEKUSD-PERP",
      "m" : "4611686018427392029"
    }, {
      "d" : "1756398972540987732",
      "t" : 1756398972540,
      "tn" : 1756398972540987732,
      "q" : "1000",
      "p" : "0.0042932",
      "s" : "buy",
      "i" : "SNEKUSD-PERP",
      "m" : "4611686018427392028"
    }, {
      "d" : "1756398950233814337",
      "t" : 1756398950233,
      "tn" : 1756398950233814337,
      "q" : "1000",
      "p" : "0.0042932",
      "s" : "buy",
      "i" : "SNEKUSD-PERP",
      "m" : "4611686018427392027"
    }, {
      "d" : "1756397255717440655",
      "t" : 1756397255717,
      "tn" : 1756397255717440655,
      "q" : "1000",
      "p" : "0.0043068",
      "s" : "buy",
      "i" : "SNEKUSD-PERP",
      "m" : "4611686018427392026"
    }, {
      "d" : "1756397249090810681",
      "t" : 1756397249090,
      "tn" : 1756397249090810681,
      "q" : "1000",
      "p" : "0.0043068",
      "s" : "buy",
      "i" : "SNEKUSD-PERP",
      "m" : "4611686018427392025"
    }, {
      "d" : "1756397216114706975",
      "t" : 1756397216114,
      "tn" : 1756397216114706975,
      "q" : "1000",
      "p" : "0.0043068",
      "s" : "buy",
      "i" : "SNEKUSD-PERP",
      "m" : "4611686018427392024"
    }, {
      "d" : "1756397197684449825",
      "t" : 1756397197684,
      "tn" : 1756397197684449825,
      "q" : "1000",
      "p" : "0.0043068",
      "s" : "buy",
      "i" : "SNEKUSD-PERP",
      "m" : "4611686018427392023"
    }, {
      "d" : "1756397163415488672",
      "t" : 1756397163415,
      "tn" : 1756397163415488672,
      "q" : "1000",
      "p" : "0.0043068",
      "s" : "buy",
      "i" : "SNEKUSD-PERP",
      "m" : "4611686018427392022"
    }, {
      "d" : "1756397156086398754",
      "t" : 1756397156086,
      "tn" : 1756397156086398754,
      "q" : "1000",
      "p" : "0.0043068",
      "s" : "buy",
      "i" : "SNEKUSD-PERP",
      "m" : "4611686018427392021"
    }, {
      "d" : "1756397149585758475",
      "t" : 1756397149585,
      "tn" : 1756397149585758475,
      "q" : "1000",
      "p" : "0.0043068",
      "s" : "buy",
      "i" : "SNEKUSD-PERP",
      "m" : "4611686018427392020"
    }, {
      "d" : "1756397143343546436",
      "t" : 1756397143343,
      "tn" : 1756397143343546436,
      "q" : "1000",
      "p" : "0.0043068",
      "s" : "buy",
      "i" : "SNEKUSD-PERP",
      "m" : "4611686018427392019"
    }, {
      "d" : "1756394508800335637",
      "t" : 1756394508800,
      "tn" : 1756394508800335637,
      "q" : "1000",
      "p" : "0.0043448",
      "s" : "buy",
      "i" : "SNEKUSD-PERP",
      "m" : "4611686018427392018"
    }, {
      "d" : "1756394502527863519",
      "t" : 1756394502527,
      "tn" : 1756394502527863519,
      "q" : "1000",
      "p" : "0.0043448",
      "s" : "buy",
      "i" : "SNEKUSD-PERP",
      "m" : "4611686018427392017"
    }, {
      "d" : "1756394494311169508",
      "t" : 1756394494311,
      "tn" : 1756394494311169508,
      "q" : "1000",
      "p" : "0.0043444",
      "s" : "buy",
      "i" : "SNEKUSD-PERP",
      "m" : "4611686018427392016"
    }, {
      "d" : "1756393282306352953",
      "t" : 1756393282306,
      "tn" : 1756393282306352953,
      "q" : "1000",
      "p" : "0.0043584",
      "s" : "buy",
      "i" : "SNEKUSD-PERP",
      "m" : "4611686018427392015"
    }, {
      "d" : "1756393214029636108",
      "t" : 1756393214029,
      "tn" : 1756393214029636108,
      "q" : "1000",
      "p" : "0.0043584",
      "s" : "buy",
      "i" : "SNEKUSD-PERP",
      "m" : "4611686018427392014"
    }, {
      "d" : "1756393209150616326",
      "t" : 1756393209150,
      "tn" : 1756393209150616326,
      "q" : "1000",
      "p" : "0.0043584",
      "s" : "buy",
      "i" : "SNEKUSD-PERP",
      "m" : "4611686018427392013"
    }, {
      "d" : "1756393193936670787",
      "t" : 1756393193936,
      "tn" : 1756393193936670787,
      "q" : "1000",
      "p" : "0.0043584",
      "s" : "buy",
      "i" : "SNEKUSD-PERP",
      "m" : "4611686018427392012"
    }, {
      "d" : "1756393189730824287",
      "t" : 1756393189730,
      "tn" : 1756393189730824287,
      "q" : "1000",
      "p" : "0.0043584",
      "s" : "buy",
      "i" : "SNEKUSD-PERP",
      "m" : "4611686018427392011"
    }, {
      "d" : "1756390208201230980",
      "t" : 1756390208201,
      "tn" : 1756390208201230980,
      "q" : "1000",
      "p" : "0.0043732",
      "s" : "buy",
      "i" : "SNEKUSD-PERP",
      "m" : "4611686018427392010"
    }, {
      "d" : "1756390206039664513",
      "t" : 1756390206039,
      "tn" : 1756390206039664513,
      "q" : "1000",
      "p" : "0.0043732",
      "s" : "buy",
      "i" : "SNEKUSD-PERP",
      "m" : "4611686018427392009"
    }, {
      "d" : "1756390203298769996",
      "t" : 1756390203298,
      "tn" : 1756390203298769996,
      "q" : "1000",
      "p" : "0.0043732",
      "s" : "buy",
      "i" : "SNEKUSD-PERP",
      "m" : "4611686018427392008"
    }, {
      "d" : "1756390200279604936",
      "t" : 1756390200279,
      "tn" : 1756390200279604936,
      "q" : "1000",
      "p" : "0.0043732",
      "s" : "buy",
      "i" : "SNEKUSD-PERP",
      "m" : "4611686018427392007"
    }, {
      "d" : "1756390120969948622",
      "t" : 1756390120969,
      "tn" : 1756390120969948622,
      "q" : "1000",
      "p" : "0.0043732",
      "s" : "buy",
      "i" : "SNEKUSD-PERP",
      "m" : "4611686018427392006"
    }, {
      "d" : "1756390109957144966",
      "t" : 1756390109957,
      "tn" : 1756390109957144966,
      "q" : "1000",
      "p" : "0.0043732",
      "s" : "buy",
      "i" : "SNEKUSD-PERP",
      "m" : "4611686018427392005"
    }, {
      "d" : "1756390101963265412",
      "t" : 1756390101963,
      "tn" : 1756390101963265412,
      "q" : "1000",
      "p" : "0.0043732",
      "s" : "buy",
      "i" : "SNEKUSD-PERP",
      "m" : "4611686018427392004"
    }, {
      "d" : "1756389724744262359",
      "t" : 1756389724744,
      "tn" : 1756389724744262359,
      "q" : "1000",
      "p" : "0.0043652",
      "s" : "buy",
      "i" : "SNEKUSD-PERP",
      "m" : "4611686018427392003"
    }, {
      "d" : "1756389714165154787",
      "t" : 1756389714165,
      "tn" : 1756389714165154787,
      "q" : "1000",
      "p" : "0.0043640",
      "s" : "buy",
      "i" : "SNEKUSD-PERP",
      "m" : "4611686018427392002"
    }, {
      "d" : "1756389706614907632",
      "t" : 1756389706614,
      "tn" : 1756389706614907632,
      "q" : "1000",
      "p" : "0.0043640",
      "s" : "buy",
      "i" : "SNEKUSD-PERP",
      "m" : "4611686018427392001"
    }, {
      "d" : "1756389699239251903",
      "t" : 1756389699239,
      "tn" : 1756389699239251903,
      "q" : "1000",
      "p" : "0.0043640",
      "s" : "buy",
      "i" : "SNEKUSD-PERP",
      "m" : "4611686018427392000"
    }, {
      "d" : "1756389689846115190",
      "t" : 1756389689846,
      "tn" : 1756389689846115190,
      "q" : "1000",
      "p" : "0.0043640",
      "s" : "buy",
      "i" : "SNEKUSD-PERP",
      "m" : "4611686018427391999"
    }, {
      "d" : "1756389632822246453",
      "t" : 1756389632822,
      "tn" : 1756389632822246453,
      "q" : "1000",
      "p" : "0.0043640",
      "s" : "buy",
      "i" : "SNEKUSD-PERP",
      "m" : "4611686018427391998"
    }, {
      "d" : "1756389627500732588",
      "t" : 1756389627500,
      "tn" : 1756389627500732588,
      "q" : "1000",
      "p" : "0.0043640",
      "s" : "buy",
      "i" : "SNEKUSD-PERP",
      "m" : "4611686018427391997"
    }, {
      "d" : "1756389622757818094",
      "t" : 1756389622757,
      "tn" : 1756389622757818094,
      "q" : "1000",
      "p" : "0.0043640",
      "s" : "buy",
      "i" : "SNEKUSD-PERP",
      "m" : "4611686018427391996"
    }, {
      "d" : "1756389617023938615",
      "t" : 1756389617023,
      "tn" : 1756389617023938615,
      "q" : "1000",
      "p" : "0.0043636",
      "s" : "buy",
      "i" : "SNEKUSD-PERP",
      "m" : "4611686018427391995"
    }, {
      "d" : "1756389581223831946",
      "t" : 1756389581223,
      "tn" : 1756389581223831946,
      "q" : "1000",
      "p" : "0.0043636",
      "s" : "buy",
      "i" : "SNEKUSD-PERP",
      "m" : "4611686018427391994"
    }, {
      "d" : "1756389576642096734",
      "t" : 1756389576642,
      "tn" : 1756389576642096734,
      "q" : "1000",
      "p" : "0.0043636",
      "s" : "buy",
      "i" : "SNEKUSD-PERP",
      "m" : "4611686018427391993"
    }, {
      "d" : "1756389572567733698",
      "t" : 1756389572567,
      "tn" : 1756389572567733698,
      "q" : "1000",
      "p" : "0.0043636",
      "s" : "buy",
      "i" : "SNEKUSD-PERP",
      "m" : "4611686018427391992"
    }, {
      "d" : "1756389566953691114",
      "t" : 1756389566953,
      "tn" : 1756389566953691114,
      "q" : "1000",
      "p" : "0.0043644",
      "s" : "buy",
      "i" : "SNEKUSD-PERP",
      "m" : "4611686018427391991"
    }, {
      "d" : "1756389562187670693",
      "t" : 1756389562187,
      "tn" : 1756389562187670693,
      "q" : "1000",
      "p" : "0.0043736",
      "s" : "buy",
      "i" : "SNEKUSD-PERP",
      "m" : "4611686018427391990"
    }, {
      "d" : "1756389553451463427",
      "t" : 1756389553451,
      "tn" : 1756389553451463427,
      "q" : "1000",
      "p" : "0.0043736",
      "s" : "buy",
      "i" : "SNEKUSD-PERP",
      "m" : "4611686018427391989"
    }, {
      "d" : "1756389512628824257",
      "t" : 1756389512628,
      "tn" : 1756389512628824257,
      "q" : "1000",
      "p" : "0.0043736",
      "s" : "buy",
      "i" : "SNEKUSD-PERP",
      "m" : "4611686018427391988"
    }, {
      "d" : "1756389447571765773",
      "t" : 1756389447571,
      "tn" : 1756389447571765773,
      "q" : "1000",
      "p" : "0.0043732",
      "s" : "buy",
      "i" : "SNEKUSD-PERP",
      "m" : "4611686018427391987"
    }, {
      "d" : "1756389401588104725",
      "t" : 1756389401588,
      "tn" : 1756389401588104725,
      "q" : "1000",
      "p" : "0.0043636",
      "s" : "buy",
      "i" : "SNEKUSD-PERP",
      "m" : "4611686018427391986"
    }, {
      "d" : "1756389383385909653",
      "t" : 1756389383385,
      "tn" : 1756389383385909653,
      "q" : "1000",
      "p" : "0.0043636",
      "s" : "buy",
      "i" : "SNEKUSD-PERP",
      "m" : "4611686018427391985"
    }, {
      "d" : "1756389371753070701",
      "t" : 1756389371753,
      "tn" : 1756389371753070701,
      "q" : "1000",
      "p" : "0.0043632",
      "s" : "buy",
      "i" : "SNEKUSD-PERP",
      "m" : "4611686018427391984"
    }, {
      "d" : "1756389344227278748",
      "t" : 1756389344227,
      "tn" : 1756389344227278748,
      "q" : "1000",
      "p" : "0.0043732",
      "s" : "buy",
      "i" : "SNEKUSD-PERP",
      "m" : "4611686018427391983"
    }, {
      "d" : "1756389311336444377",
      "t" : 1756389311336,
      "tn" : 1756389311336444377,
      "q" : "1000",
      "p" : "0.0043632",
      "s" : "buy",
      "i" : "SNEKUSD-PERP",
      "m" : "4611686018427391982"
    }, {
      "d" : "1756389302954421052",
      "t" : 1756389302954,
      "tn" : 1756389302954421052,
      "q" : "1000",
      "p" : "0.0043632",
      "s" : "buy",
      "i" : "SNEKUSD-PERP",
      "m" : "4611686018427391981"
    } ]
  }
}