{
  "id" : -1,
  "method" : "public/get-trades",
  "code" : 0,
  "result" : {
    "data" : [ {
      "d" : "1756459511725560126",
      "t" : 1756459511725,
      "tn" : 1756459511725560126,
      "q" : "13400",
      "p" : "0.0040051",
      "s" : "sell",
      "i" : "SNEK_USD",
      "m" : "4611686018427390523"
    }, {
      "d" : "1756459511725557859",
      "t" : 1756459511725,
      "tn" : 1756459511725557859,
      "q" : "3000",
      "p" : "0.0041234",
      "s" : "sell",
      "i" : "SNEK_USD",
      "m" : "4611686018427390522"
    }, {
      "d" : "1756454783002476882",
      "t" : 1756454783002,
      "tn" : 1756454783002476882,
      "q" : "6100",
      "p" : "0.0041234",
      "s" : "sell",
      "i" : "SNEK_USD",
      "m" : "4611686018427390521"
    }, {
      "d" : "1756453402225977277",
      "t" : 1756453402225,
      "tn" : 1756453402225977277,
      "q" : "14500",
      "p" : "0.0041234",
      "s" : "sell",
      "i" : "SNEK_USD",
      "m" : "4611686018427390520"
    }, {
      "d" : "1756415476435952966",
      "t" : 1756415476435,
      "tn" : 1756415476435952966,
      "q" : "1800",
      "p" : "0.0041246",
      "s" : "sell",
      "i" : "SNEK_USD",
      "m" : "4611686018427390519"
    }, {
      "d" : "1756415406593269039",
      "t" : 1756415406593,
      "tn" : 1756415406593269039,
      "q" : "900",
      "p" : "0.0041710",
      "s" : "buy",
      "i" : "SNEK_USD",
      "m" : "4611686018427390518"
    }, {
      "d" : "1756415406059113308",
      "t" : 1756415406059,
      "tn" : 1756415406059113308,
      "q" : "4000",
      "p" : "0.0041710",
      "s" : "buy",
      "i" : "SNEK_USD",
      "m" : "4611686018427390517"
    }, {
      "d" : "1756397255718570200",
      "t" : 1756397255718,
      "tn" : 1756397255718570200,
      "q" : "4000",
      "p" : "0.0043070",
      "s" : "buy",
      "i" : "SNEK_USD",
      "m" : "4611686018427390516"
    }, {
      "d" : "1756397163416889026",
      "t" : 1756397163416,
      "tn" : 1756397163416889026,
      "q" : "4000",
      "p" : "0.0043070",
      "s" : "buy",
      "i" : "SNEK_USD",
      "m" : "4611686018427390515"
    }, {
      "d" : "1756394508801605810",
      "t" : 1756394508801,
      "tn" : 1756394508801605810,
      "q" : "4000",
      "p" : "0.0043450",
      "s" : "buy",
      "i" : "SNEK_USD",
      "m" : "4611686018427390514"
    }, {
      "d" : "1756393214030976214",
      "t" : 1756393214030,
      "tn" : 1756393214030976214,
      "q" : "4000",
      "p" : "0.0043589",
      "s" : "buy",
      "i" : "SNEK_USD",
      "m" : "4611686018427390513"
    }, {
      "d" : "1756390208202092133",
      "t" : 1756390208202,
      "tn" : 1756390208202092133,
      "q" : "4000",
      "p" : "0.0043740",
      "s" : "buy",
      "i" : "SNEK_USD",
      "m" : "4611686018427390512"
    }, {
      "d" : "1756390120970841437",
      "t" : 1756390120970,
      "tn" : 1756390120970841437,
      "q" : "4000",
      "p" : "0.0043740",
      "s" : "buy",
      "i" : "SNEK_USD",
      "m" : "4611686018427390511"
    }, {
      "d" : "1756389714166438974",
      "t" : 1756389714166,
      "tn" : 1756389714166438974,
      "q" : "4000",
      "p" : "0.0043650",
      "s" : "buy",
      "i" : "SNEK_USD",
      "m" : "4611686018427390510"
    }, {
      "d" : "1756389632823124776",
      "t" : 1756389632823,
      "tn" : 1756389632823124776,
      "q" : "4000",
      "p" : "0.0043650",
      "s" : "buy",
      "i" : "SNEK_USD",
      "m" : "4611686018427390509"
    }, {
      "d" : "1756389581224787101",
      "t" : 1756389581224,
      "tn" : 1756389581224787101,
      "q" : "4000",
      "p" : "0.0043650",
      "s" : "buy",
      "i" : "SNEK_USD",
      "m" : "4611686018427390508"
    }, {
      "d" : "1756389562189268243",
      "t" : 1756389562189,
      "tn" : 1756389562189268243,
      "q" : "4000",
      "p" : "0.0043650",
      "s" : "buy",
      "i" : "SNEK_USD",
      "m" : "4611686018427390507"
    }, {
      "d" : "1756389401589150995",
      "t" : 1756389401589,
      "tn" : 1756389401589150995,
      "q" : "4000",
      "p" : "0.0043650",
      "s" : "buy",
      "i" : "SNEK_USD",
      "m" : "4611686018427390506"
    }, {
      "d" : "1756389311337751231",
      "t" : 1756389311337,
      "tn" : 1756389311337751231,
      "q" : "4000",
      "p" : "0.0043650",
      "s" : "buy",
      "i" : "SNEK_USD",
      "m" : "4611686018427390505"
    }, {
      "d" : "1756382881250460085",
      "t" : 1756382881250,
      "tn" : 1756382881250460085,
      "q" : "20600",
      "p" : "0.0043770",
      "s" : "buy",
      "i" : "SNEK_USD",
      "m" : "4611686018427390504"
    }, {
      "d" : "1756382881220598691",
      "t" : 1756382881220,
      "tn" : 1756382881220598691,
      "q" : "20600",
      "p" : "0.0043770",
      "s" : "buy",
      "i" : "SNEK_USD",
      "m" : "4611686018427390503"
    }, {
      "d" : "1756382346648824962",
      "t" : 1756382346648,
      "tn" : 1756382346648824962,
      "q" : "20600",
      "p" : "0.0043760",
      "s" : "buy",
      "i" : "SNEK_USD",
      "m" : "4611686018427390502"
    }, {
      "d" : "1756382268041625842",
      "t" : 1756382268041,
      "tn" : 1756382268041625842,
      "q" : "8000",
      "p" : "0.0043760",
      "s" : "buy",
      "i" : "SNEK_USD",
      "m" : "4611686018427390501"
    }, {
      "d" : "1756382268011722892",
      "t" : 1756382268011,
      "tn" : 1756382268011722892,
      "q" : "20600",
      "p" : "0.0043759",
      "s" : "buy",
      "i" : "SNEK_USD",
      "m" : "4611686018427390500"
    }, {
      "d" : "1756382202023933658",
      "t" : 1756382202023,
      "tn" : 1756382202023933658,
      "q" : "5200",
      "p" : "0.0043689",
      "s" : "buy",
      "i" : "SNEK_USD",
      "m" : "4611686018427390499"
    }, {
      "d" : "1756382202023931439",
      "t" : 1756382202023,
      "tn" : 1756382202023931439,
      "q" : "500",
      "p" : "0.0043619",
      "s" : "buy",
      "i" : "SNEK_USD",
      "m" : "4611686018427390498"
    } ]
  }
}