{
  "id" : -1,
  "method" : "public/get-trades",
  "code" : 0,
  "result" : {
    "data" : [ {
      "d" : "1756461707721696070",
      "t" : 1756461707721,
      "tn" : 1756461707721696070,
      "q" : "33.4",
      "p" : "0.6857",
      "s" : "sell",
      "i" : "SNX_USD",
      "m" : "4611686018430070578"
    }, {
      "d" : "1756457235935027580",
      "t" : 1756457235935,
      "tn" : 1756457235935027580,
      "q" : "10.0",
      "p" : "0.6890",
      "s" : "sell",
      "i" : "SNX_USD",
      "m" : "4611686018430070577"
    }, {
      "d" : "1756457235929290166",
      "t" : 1756457235929,
      "tn" : 1756457235929290166,
      "q" : "1.7",
      "p" : "0.6890",
      "s" : "buy",
      "i" : "SNX_USD",
      "m" : "4611686018430070576"
    }, {
      "d" : "1756455567437893522",
      "t" : 1756455567437,
      "tn" : 1756455567437893522,
      "q" : "85.6",
      "p" : "0.6900",
      "s" : "sell",
      "i" : "SNX_USD",
      "m" : "4611686018430070575"
    }, {
      "d" : "1756455567432963480",
      "t" : 1756455567432,
      "tn" : 1756455567432963480,
      "q" : "1.7",
      "p" : "0.6896",
      "s" : "buy",
      "i" : "SNX_USD",
      "m" : "4611686018430070574"
    }, {
      "d" : "1756455556133870363",
      "t" : 1756455556133,
      "tn" : 1756455556133870363,
      "q" : "1.7",
      "p" : "0.6899",
      "s" : "buy",
      "i" : "SNX_USD",
      "m" : "4611686018430070573"
    }, {
      "d" : "1756453943394540176",
      "t" : 1756453943394,
      "tn" : 1756453943394540176,
      "q" : "5.9",
      "p" : "0.6978",
      "s" : "sell",
      "i" : "SNX_USD",
      "m" : "4611686018430070572"
    }, {
      "d" : "1756453942925884448",
      "t" : 1756453942925,
      "tn" : 1756453942925884448,
      "q" : "1.7",
      "p" : "0.6978",
      "s" : "buy",
      "i" : "SNX_USD",
      "m" : "4611686018430070571"
    }, {
      "d" : "1756453755060285786",
      "t" : 1756453755060,
      "tn" : 1756453755060285786,
      "q" : "1.7",
      "p" : "0.6988",
      "s" : "buy",
      "i" : "SNX_USD",
      "m" : "4611686018430070570"
    }, {
      "d" : "1756451221011492793",
      "t" : 1756451221011,
      "tn" : 1756451221011492793,
      "q" : "13.6",
      "p" : "0.7121",
      "s" : "sell",
      "i" : "SNX_USD",
      "m" : "4611686018430070569"
    }, {
      "d" : "1756451020175172583",
      "t" : 1756451020175,
      "tn" : 1756451020175172583,
      "q" : "1.7",
      "p" : "0.7150",
      "s" : "buy",
      "i" : "SNX_USD",
      "m" : "4611686018430070568"
    }, {
      "d" : "1756449704190056704",
      "t" : 1756449704190,
      "tn" : 1756449704190056704,
      "q" : "93.3",
      "p" : "0.7146",
      "s" : "buy",
      "i" : "SNX_USD",
      "m" : "4611686018430070567"
    }, {
      "d" : "1756445542128956597",
      "t" : 1756445542128,
      "tn" : 1756445542128956597,
      "q" : "3.1",
      "p" : "0.7272",
      "s" : "sell",
      "i" : "SNX_USD",
      "m" : "4611686018430070566"
    }, {
      "d" : "1756445542123947391",
      "t" : 1756445542123,
      "tn" : 1756445542123947391,
      "q" : "3.1",
      "p" : "0.7272",
      "s" : "sell",
      "i" : "SNX_USD",
      "m" : "4611686018430070565"
    }, {
      "d" : "1756445542118942703",
      "t" : 1756445542118,
      "tn" : 1756445542118942703,
      "q" : "3.1",
      "p" : "0.7272",
      "s" : "sell",
      "i" : "SNX_USD",
      "m" : "4611686018430070564"
    }, {
      "d" : "1756445542113989938",
      "t" : 1756445542113,
      "tn" : 1756445542113989938,
      "q" : "3.1",
      "p" : "0.7272",
      "s" : "sell",
      "i" : "SNX_USD",
      "m" : "4611686018430070563"
    }, {
      "d" : "1756445542108928063",
      "t" : 1756445542108,
      "tn" : 1756445542108928063,
      "q" : "3.1",
      "p" : "0.7272",
      "s" : "sell",
      "i" : "SNX_USD",
      "m" : "4611686018430070562"
    }, {
      "d" : "1756445542103942943",
      "t" : 1756445542103,
      "tn" : 1756445542103942943,
      "q" : "3.1",
      "p" : "0.7272",
      "s" : "sell",
      "i" : "SNX_USD",
      "m" : "4611686018430070561"
    }, {
      "d" : "1756445542098957338",
      "t" : 1756445542098,
      "tn" : 1756445542098957338,
      "q" : "3.1",
      "p" : "0.7272",
      "s" : "sell",
      "i" : "SNX_USD",
      "m" : "4611686018430070560"
    }, {
      "d" : "1756445542093927344",
      "t" : 1756445542093,
      "tn" : 1756445542093927344,
      "q" : "3.1",
      "p" : "0.7272",
      "s" : "sell",
      "i" : "SNX_USD",
      "m" : "4611686018430070559"
    }, {
      "d" : "1756445542088923532",
      "t" : 1756445542088,
      "tn" : 1756445542088923532,
      "q" : "3.1",
      "p" : "0.7272",
      "s" : "sell",
      "i" : "SNX_USD",
      "m" : "4611686018430070558"
    }, {
      "d" : "1756445542078927101",
      "t" : 1756445542078,
      "tn" : 1756445542078927101,
      "q" : "3.1",
      "p" : "0.7272",
      "s" : "sell",
      "i" : "SNX_USD",
      "m" : "4611686018430070557"
    }, {
      "d" : "1756445542068879347",
      "t" : 1756445542068,
      "tn" : 1756445542068879347,
      "q" : "3.1",
      "p" : "0.7272",
      "s" : "sell",
      "i" : "SNX_USD",
      "m" : "4611686018430070556"
    }, {
      "d" : "1756445542058867869",
      "t" : 1756445542058,
      "tn" : 1756445542058867869,
      "q" : "3.1",
      "p" : "0.7272",
      "s" : "sell",
      "i" : "SNX_USD",
      "m" : "4611686018430070555"
    }, {
      "d" : "1756445542053855262",
      "t" : 1756445542053,
      "tn" : 1756445542053855262,
      "q" : "3.1",
      "p" : "0.7272",
      "s" : "sell",
      "i" : "SNX_USD",
      "m" : "4611686018430070554"
    }, {
      "d" : "1756445542043869991",
      "t" : 1756445542043,
      "tn" : 1756445542043869991,
      "q" : "3.1",
      "p" : "0.7272",
      "s" : "sell",
      "i" : "SNX_USD",
      "m" : "4611686018430070553"
    }, {
      "d" : "1756445542033879954",
      "t" : 1756445542033,
      "tn" : 1756445542033879954,
      "q" : "3.1",
      "p" : "0.7272",
      "s" : "sell",
      "i" : "SNX_USD",
      "m" : "4611686018430070552"
    }, {
      "d" : "1756445542023881703",
      "t" : 1756445542023,
      "tn" : 1756445542023881703,
      "q" : "3.1",
      "p" : "0.7272",
      "s" : "sell",
      "i" : "SNX_USD",
      "m" : "4611686018430070551"
    }, {
      "d" : "1756445542013830513",
      "t" : 1756445542013,
      "tn" : 1756445542013830513,
      "q" : "3.1",
      "p" : "0.7272",
      "s" : "sell",
      "i" : "SNX_USD",
      "m" : "4611686018430070550"
    }, {
      "d" : "1756445542003775979",
      "t" : 1756445542003,
      "tn" : 1756445542003775979,
      "q" : "3.1",
      "p" : "0.7272",
      "s" : "sell",
      "i" : "SNX_USD",
      "m" : "4611686018430070549"
    }, {
      "d" : "1756445541993654794",
      "t" : 1756445541993,
      "tn" : 1756445541993654794,
      "q" : "3.1",
      "p" : "0.7272",
      "s" : "sell",
      "i" : "SNX_USD",
      "m" : "4611686018430070548"
    }, {
      "d" : "1756445541983715303",
      "t" : 1756445541983,
      "tn" : 1756445541983715303,
      "q" : "3.1",
      "p" : "0.7272",
      "s" : "sell",
      "i" : "SNX_USD",
      "m" : "4611686018430070547"
    }, {
      "d" : "1756445541973662727",
      "t" : 1756445541973,
      "tn" : 1756445541973662727,
      "q" : "3.1",
      "p" : "0.7272",
      "s" : "sell",
      "i" : "SNX_USD",
      "m" : "4611686018430070546"
    }, {
      "d" : "1756445541963700034",
      "t" : 1756445541963,
      "tn" : 1756445541963700034,
      "q" : "3.1",
      "p" : "0.7272",
      "s" : "sell",
      "i" : "SNX_USD",
      "m" : "4611686018430070545"
    }, {
      "d" : "1756445541953653338",
      "t" : 1756445541953,
      "tn" : 1756445541953653338,
      "q" : "3.1",
      "p" : "0.7272",
      "s" : "sell",
      "i" : "SNX_USD",
      "m" : "4611686018430070544"
    }, {
      "d" : "1756445541943670125",
      "t" : 1756445541943,
      "tn" : 1756445541943670125,
      "q" : "3.1",
      "p" : "0.7272",
      "s" : "sell",
      "i" : "SNX_USD",
      "m" : "4611686018430070543"
    }, {
      "d" : "1756445541934010542",
      "t" : 1756445541934,
      "tn" : 1756445541934010542,
      "q" : "3.1",
      "p" : "0.7272",
      "s" : "sell",
      "i" : "SNX_USD",
      "m" : "4611686018430070542"
    }, {
      "d" : "1756445523951076577",
      "t" : 1756445523951,
      "tn" : 1756445523951076577,
      "q" : "1.7",
      "p" : "0.7269",
      "s" : "buy",
      "i" : "SNX_USD",
      "m" : "4611686018430070541"
    }, {
      "d" : "1756445373747846375",
      "t" : 1756445373747,
      "tn" : 1756445373747846375,
      "q" : "1.7",
      "p" : "0.7264",
      "s" : "buy",
      "i" : "SNX_USD",
      "m" : "4611686018430070540"
    }, {
      "d" : "1756445367891218294",
      "t" : 1756445367891,
      "tn" : 1756445367891218294,
      "q" : "1.7",
      "p" : "0.7264",
      "s" : "buy",
      "i" : "SNX_USD",
      "m" : "4611686018430070539"
    }, {
      "d" : "1756445127266748535",
      "t" : 1756445127266,
      "tn" : 1756445127266748535,
      "q" : "29.9",
      "p" : "0.7262",
      "s" : "sell",
      "i" : "SNX_USD",
      "m" : "4611686018430070538"
    }, {
      "d" : "1756445055394667864",
      "t" : 1756445055394,
      "tn" : 1756445055394667864,
      "q" : "1.7",
      "p" : "0.7267",
      "s" : "buy",
      "i" : "SNX_USD",
      "m" : "4611686018430070537"
    }, {
      "d" : "1756444932830569419",
      "t" : 1756444932830,
      "tn" : 1756444932830569419,
      "q" : "1.7",
      "p" : "0.7268",
      "s" : "buy",
      "i" : "SNX_USD",
      "m" : "4611686018430070536"
    }, {
      "d" : "1756443273051888289",
      "t" : 1756443273051,
      "tn" : 1756443273051888289,
      "q" : "79.5",
      "p" : "0.7299",
      "s" : "sell",
      "i" : "SNX_USD",
      "m" : "4611686018430070535"
    }, {
      "d" : "1756443273044221303",
      "t" : 1756443273044,
      "tn" : 1756443273044221303,
      "q" : "1.7",
      "p" : "0.7299",
      "s" : "buy",
      "i" : "SNX_USD",
      "m" : "4611686018430070534"
    }, {
      "d" : "1756443267142626625",
      "t" : 1756443267142,
      "tn" : 1756443267142626625,
      "q" : "1.7",
      "p" : "0.7301",
      "s" : "buy",
      "i" : "SNX_USD",
      "m" : "4611686018430070533"
    }, {
      "d" : "1756443246032207862",
      "t" : 1756443246032,
      "tn" : 1756443246032207862,
      "q" : "1.7",
      "p" : "0.7305",
      "s" : "buy",
      "i" : "SNX_USD",
      "m" : "4611686018430070532"
    }, {
      "d" : "1756443240314202146",
      "t" : 1756443240314,
      "tn" : 1756443240314202146,
      "q" : "1.7",
      "p" : "0.7308",
      "s" : "buy",
      "i" : "SNX_USD",
      "m" : "4611686018430070531"
    }, {
      "d" : "1756438685206031317",
      "t" : 1756438685206,
      "tn" : 1756438685206031317,
      "q" : "14.9",
      "p" : "0.7293",
      "s" : "buy",
      "i" : "SNX_USD",
      "m" : "4611686018430070530"
    }, {
      "d" : "1756434051118772461",
      "t" : 1756434051118,
      "tn" : 1756434051118772461,
      "q" : "130.5",
      "p" : "0.7293",
      "s" : "sell",
      "i" : "SNX_USD",
      "m" : "4611686018430070529"
    }, {
      "d" : "1756431293252548188",
      "t" : 1756431293252,
      "tn" : 1756431293252548188,
      "q" : "5.0",
      "p" : "0.7206",
      "s" : "sell",
      "i" : "SNX_USD",
      "m" : "4611686018430070528"
    }, {
      "d" : "1756428469937232904",
      "t" : 1756428469937,
      "tn" : 1756428469937232904,
      "q" : "60.5",
      "p" : "0.7319",
      "s" : "sell",
      "i" : "SNX_USD",
      "m" : "4611686018430070527"
    }, {
      "d" : "1756425829157267519",
      "t" : 1756425829157,
      "tn" : 1756425829157267519,
      "q" : "7.0",
      "p" : "0.7371",
      "s" : "sell",
      "i" : "SNX_USD",
      "m" : "4611686018430070526"
    }, {
      "d" : "1756425498788854336",
      "t" : 1756425498788,
      "tn" : 1756425498788854336,
      "q" : "50.0",
      "p" : "0.7353",
      "s" : "buy",
      "i" : "SNX_USD",
      "m" : "4611686018430070525"
    }, {
      "d" : "1756424664007499481",
      "t" : 1756424664007,
      "tn" : 1756424664007499481,
      "q" : "122.4",
      "p" : "0.7342",
      "s" : "sell",
      "i" : "SNX_USD",
      "m" : "4611686018430070524"
    }, {
      "d" : "1756424664002293171",
      "t" : 1756424664002,
      "tn" : 1756424664002293171,
      "q" : "1.7",
      "p" : "0.7342",
      "s" : "buy",
      "i" : "SNX_USD",
      "m" : "4611686018430070523"
    }, {
      "d" : "1756424582893858967",
      "t" : 1756424582893,
      "tn" : 1756424582893858967,
      "q" : "1.7",
      "p" : "0.7336",
      "s" : "buy",
      "i" : "SNX_USD",
      "m" : "4611686018430070522"
    }, {
      "d" : "1756424567857689322",
      "t" : 1756424567857,
      "tn" : 1756424567857689322,
      "q" : "1.7",
      "p" : "0.7338",
      "s" : "buy",
      "i" : "SNX_USD",
      "m" : "4611686018430070521"
    }, {
      "d" : "1756424561881344985",
      "t" : 1756424561881,
      "tn" : 1756424561881344985,
      "q" : "1.7",
      "p" : "0.7337",
      "s" : "buy",
      "i" : "SNX_USD",
      "m" : "4611686018430070520"
    }, {
      "d" : "1756424531676159656",
      "t" : 1756424531676,
      "tn" : 1756424531676159656,
      "q" : "1.7",
      "p" : "0.7347",
      "s" : "buy",
      "i" : "SNX_USD",
      "m" : "4611686018430070519"
    }, {
      "d" : "1756424526050306615",
      "t" : 1756424526050,
      "tn" : 1756424526050306615,
      "q" : "1.7",
      "p" : "0.7347",
      "s" : "buy",
      "i" : "SNX_USD",
      "m" : "4611686018430070518"
    }, {
      "d" : "1756424450805147672",
      "t" : 1756424450805,
      "tn" : 1756424450805147672,
      "q" : "6.8",
      "p" : "0.7338",
      "s" : "buy",
      "i" : "SNX_USD",
      "m" : "4611686018430070517"
    }, {
      "d" : "1756419054185797726",
      "t" : 1756419054185,
      "tn" : 1756419054185797726,
      "q" : "6.8",
      "p" : "0.7211",
      "s" : "buy",
      "i" : "SNX_USD",
      "m" : "4611686018430070516"
    }, {
      "d" : "1756414953955181944",
      "t" : 1756414953955,
      "tn" : 1756414953955181944,
      "q" : "70.8",
      "p" : "0.7139",
      "s" : "sell",
      "i" : "SNX_USD",
      "m" : "4611686018430070515"
    }, {
      "d" : "1756414546775019509",
      "t" : 1756414546775,
      "tn" : 1756414546775019509,
      "q" : "13.0",
      "p" : "0.7124",
      "s" : "buy",
      "i" : "SNX_USD",
      "m" : "4611686018430070514"
    }, {
      "d" : "1756411902024704841",
      "t" : 1756411902024,
      "tn" : 1756411902024704841,
      "q" : "484.5",
      "p" : "0.7103",
      "s" : "sell",
      "i" : "SNX_USD",
      "m" : "4611686018430070513"
    }, {
      "d" : "1756411892835605874",
      "t" : 1756411892835,
      "tn" : 1756411892835605874,
      "q" : "1486.0",
      "p" : "0.7111",
      "s" : "sell",
      "i" : "SNX_USD",
      "m" : "4611686018430070512"
    }, {
      "d" : "1756411886414952492",
      "t" : 1756411886414,
      "tn" : 1756411886414952492,
      "q" : "1484.3",
      "p" : "0.7105",
      "s" : "sell",
      "i" : "SNX_USD",
      "m" : "4611686018430070511"
    }, {
      "d" : "1756411884042778990",
      "t" : 1756411884042,
      "tn" : 1756411884042778990,
      "q" : "1.7",
      "p" : "0.7105",
      "s" : "buy",
      "i" : "SNX_USD",
      "m" : "4611686018430070510"
    }, {
      "d" : "1756411874966358429",
      "t" : 1756411874966,
      "tn" : 1756411874966358429,
      "q" : "1.7",
      "p" : "0.7105",
      "s" : "buy",
      "i" : "SNX_USD",
      "m" : "4611686018430070509"
    }, {
      "d" : "1756411049141785483",
      "t" : 1756411049141,
      "tn" : 1756411049141785483,
      "q" : "8.3",
      "p" : "0.7128",
      "s" : "sell",
      "i" : "SNX_USD",
      "m" : "4611686018430070508"
    }, {
      "d" : "1756410308320701052",
      "t" : 1756410308320,
      "tn" : 1756410308320701052,
      "q" : "6.6",
      "p" : "0.7128",
      "s" : "sell",
      "i" : "SNX_USD",
      "m" : "4611686018430070507"
    }, {
      "d" : "1756409309930346336",
      "t" : 1756409309930,
      "tn" : 1756409309930346336,
      "q" : "62.0",
      "p" : "0.7210",
      "s" : "sell",
      "i" : "SNX_USD",
      "m" : "4611686018430070506"
    }, {
      "d" : "1756406631481934851",
      "t" : 1756406631481,
      "tn" : 1756406631481934851,
      "q" : "6.6",
      "p" : "0.7194",
      "s" : "sell",
      "i" : "SNX_USD",
      "m" : "4611686018430070505"
    }, {
      "d" : "1756406619008505319",
      "t" : 1756406619008,
      "tn" : 1756406619008505319,
      "q" : "46.7",
      "p" : "0.7229",
      "s" : "sell",
      "i" : "SNX_USD",
      "m" : "4611686018430070504"
    }, {
      "d" : "1756405359970380148",
      "t" : 1756405359970,
      "tn" : 1756405359970380148,
      "q" : "6.3",
      "p" : "0.7192",
      "s" : "sell",
      "i" : "SNX_USD",
      "m" : "4611686018430070503"
    }, {
      "d" : "1756405359965200521",
      "t" : 1756405359965,
      "tn" : 1756405359965200521,
      "q" : "1.7",
      "p" : "0.7192",
      "s" : "buy",
      "i" : "SNX_USD",
      "m" : "4611686018430070502"
    }, {
      "d" : "1756403280089098204",
      "t" : 1756403280089,
      "tn" : 1756403280089098204,
      "q" : "16.2",
      "p" : "0.7192",
      "s" : "buy",
      "i" : "SNX_USD",
      "m" : "4611686018430070501"
    }, {
      "d" : "1756400050938923784",
      "t" : 1756400050938,
      "tn" : 1756400050938923784,
      "q" : "26.2",
      "p" : "0.7214",
      "s" : "sell",
      "i" : "SNX_USD",
      "m" : "4611686018430070500"
    }, {
      "d" : "1756398045464396978",
      "t" : 1756398045464,
      "tn" : 1756398045464396978,
      "q" : "20.8",
      "p" : "0.7311",
      "s" : "sell",
      "i" : "SNX_USD",
      "m" : "4611686018430070499"
    }, {
      "d" : "1756393407106098614",
      "t" : 1756393407106,
      "tn" : 1756393407106098614,
      "q" : "13.8",
      "p" : "0.7423",
      "s" : "buy",
      "i" : "SNX_USD",
      "m" : "4611686018430070498"
    }, {
      "d" : "1756392457585611269",
      "t" : 1756392457585,
      "tn" : 1756392457585611269,
      "q" : "14.8",
      "p" : "0.7413",
      "s" : "buy",
      "i" : "SNX_USD",
      "m" : "4611686018430070497"
    }, {
      "d" : "1756392082619091459",
      "t" : 1756392082619,
      "tn" : 1756392082619091459,
      "q" : "2.0",
      "p" : "0.7432",
      "s" : "buy",
      "i" : "SNX_USD",
      "m" : "4611686018430070496"
    }, {
      "d" : "1756391877842772675",
      "t" : 1756391877842,
      "tn" : 1756391877842772675,
      "q" : "3.3",
      "p" : "0.7463",
      "s" : "buy",
      "i" : "SNX_USD",
      "m" : "4611686018430070495"
    }, {
      "d" : "1756391877842770601",
      "t" : 1756391877842,
      "tn" : 1756391877842770601,
      "q" : "1.7",
      "p" : "0.7422",
      "s" : "buy",
      "i" : "SNX_USD",
      "m" : "4611686018430070494"
    }, {
      "d" : "1756390124138629196",
      "t" : 1756390124138,
      "tn" : 1756390124138629196,
      "q" : "528.0",
      "p" : "0.7441",
      "s" : "buy",
      "i" : "SNX_USD",
      "m" : "4611686018430070493"
    }, {
      "d" : "1756390120730260131",
      "t" : 1756390120730,
      "tn" : 1756390120730260131,
      "q" : "1486.0",
      "p" : "0.7441",
      "s" : "buy",
      "i" : "SNX_USD",
      "m" : "4611686018430070492"
    }, {
      "d" : "1756390118177623201",
      "t" : 1756390118177,
      "tn" : 1756390118177623201,
      "q" : "1195.7",
      "p" : "0.7441",
      "s" : "buy",
      "i" : "SNX_USD",
      "m" : "4611686018430070491"
    }, {
      "d" : "1756390118175516296",
      "t" : 1756390118175,
      "tn" : 1756390118175516296,
      "q" : "290.3",
      "p" : "0.7441",
      "s" : "buy",
      "i" : "SNX_USD",
      "m" : "4611686018430070490"
    }, {
      "d" : "1756389928466215337",
      "t" : 1756389928466,
      "tn" : 1756389928466215337,
      "q" : "12.2",
      "p" : "0.7487",
      "s" : "buy",
      "i" : "SNX_USD",
      "m" : "4611686018430070489"
    }, {
      "d" : "1756389551219771278",
      "t" : 1756389551219,
      "tn" : 1756389551219771278,
      "q" : "99.2",
      "p" : "0.7471",
      "s" : "buy",
      "i" : "SNX_USD",
      "m" : "4611686018430070488"
    }, {
      "d" : "1756389551110745278",
      "t" : 1756389551110,
      "tn" : 1756389551110745278,
      "q" : "99.2",
      "p" : "0.7471",
      "s" : "buy",
      "i" : "SNX_USD",
      "m" : "4611686018430070487"
    }, {
      "d" : "1756389550960295389",
      "t" : 1756389550960,
      "tn" : 1756389550960295389,
      "q" : "99.2",
      "p" : "0.7471",
      "s" : "buy",
      "i" : "SNX_USD",
      "m" : "4611686018430070486"
    }, {
      "d" : "1756389548929041231",
      "t" : 1756389548929,
      "tn" : 1756389548929041231,
      "q" : "87.4",
      "p" : "0.7471",
      "s" : "buy",
      "i" : "SNX_USD",
      "m" : "4611686018430070485"
    }, {
      "d" : "1756385845338250803",
      "t" : 1756385845338,
      "tn" : 1756385845338250803,
      "q" : "268.4",
      "p" : "0.7395",
      "s" : "buy",
      "i" : "SNX_USD",
      "m" : "4611686018430070484"
    }, {
      "d" : "1756385845338248187",
      "t" : 1756385845338,
      "tn" : 1756385845338248187,
      "q" : "1.7",
      "p" : "0.7349",
      "s" : "buy",
      "i" : "SNX_USD",
      "m" : "4611686018430070483"
    }, {
      "d" : "1756384564758487605",
      "t" : 1756384564758,
      "tn" : 1756384564758487605,
      "q" : "925.3",
      "p" : "0.7327",
      "s" : "buy",
      "i" : "SNX_USD",
      "m" : "4611686018430070482"
    }, {
      "d" : "1756384561740619598",
      "t" : 1756384561740,
      "tn" : 1756384561740619598,
      "q" : "6.4",
      "p" : "0.7327",
      "s" : "buy",
      "i" : "SNX_USD",
      "m" : "4611686018430070481"
    }, {
      "d" : "1756384561740602388",
      "t" : 1756384561740,
      "tn" : 1756384561740602388,
      "q" : "54.6",
      "p" : "0.7327",
      "s" : "buy",
      "i" : "SNX_USD",
      "m" : "4611686018430070480"
    }, {
      "d" : "1756384561736230582",
      "t" : 1756384561736,
      "tn" : 1756384561736230582,
      "q" : "1425.0",
      "p" : "0.7327",
      "s" : "buy",
      "i" : "SNX_USD",
      "m" : "4611686018430070479"
    }, {
      "d" : "1756384558757757352",
      "t" : 1756384558757,
      "tn" : 1756384558757757352,
      "q" : "1240.4",
      "p" : "0.7327",
      "s" : "buy",
      "i" : "SNX_USD",
      "m" : "4611686018430070478"
    }, {
      "d" : "1756384558756654902",
      "t" : 1756384558756,
      "tn" : 1756384558756654902,
      "q" : "122.8",
      "p" : "0.7327",
      "s" : "buy",
      "i" : "SNX_USD",
      "m" : "4611686018430070477"
    }, {
      "d" : "1756384558756582965",
      "t" : 1756384558756,
      "tn" : 1756384558756582965,
      "q" : "122.8",
      "p" : "0.7327",
      "s" : "buy",
      "i" : "SNX_USD",
      "m" : "4611686018430070476"
    }, {
      "d" : "1756384555810924165",
      "t" : 1756384555810,
      "tn" : 1756384555810924165,
      "q" : "1486.0",
      "p" : "0.7328",
      "s" : "buy",
      "i" : "SNX_USD",
      "m" : "4611686018430070475"
    }, {
      "d" : "1756384552944370333",
      "t" : 1756384552944,
      "tn" : 1756384552944370333,
      "q" : "1486.0",
      "p" : "0.7328",
      "s" : "buy",
      "i" : "SNX_USD",
      "m" : "4611686018430070474"
    }, {
      "d" : "1756384550029838736",
      "t" : 1756384550029,
      "tn" : 1756384550029838736,
      "q" : "778.2",
      "p" : "0.7335",
      "s" : "buy",
      "i" : "SNX_USD",
      "m" : "4611686018430070473"
    }, {
      "d" : "1756384550028476565",
      "t" : 1756384550028,
      "tn" : 1756384550028476565,
      "q" : "122.7",
      "p" : "0.7335",
      "s" : "buy",
      "i" : "SNX_USD",
      "m" : "4611686018430070472"
    }, {
      "d" : "1756384550027981356",
      "t" : 1756384550027,
      "tn" : 1756384550027981356,
      "q" : "12.5",
      "p" : "0.7335",
      "s" : "buy",
      "i" : "SNX_USD",
      "m" : "4611686018430070471"
    }, {
      "d" : "1756384550027889200",
      "t" : 1756384550027,
      "tn" : 1756384550027889200,
      "q" : "414.9",
      "p" : "0.7335",
      "s" : "buy",
      "i" : "SNX_USD",
      "m" : "4611686018430070470"
    }, {
      "d" : "1756384549971667842",
      "t" : 1756384549971,
      "tn" : 1756384549971667842,
      "q" : "35.0",
      "p" : "0.7335",
      "s" : "buy",
      "i" : "SNX_USD",
      "m" : "4611686018430070469"
    }, {
      "d" : "1756384549900559522",
      "t" : 1756384549900,
      "tn" : 1756384549900559522,
      "q" : "122.7",
      "p" : "0.7335",
      "s" : "buy",
      "i" : "SNX_USD",
      "m" : "4611686018430070468"
    }, {
      "d" : "1756383408228165799",
      "t" : 1756383408228,
      "tn" : 1756383408228165799,
      "q" : "165.6",
      "p" : "0.7341",
      "s" : "sell",
      "i" : "SNX_USD",
      "m" : "4611686018430070467"
    }, {
      "d" : "1756383075197787463",
      "t" : 1756383075197,
      "tn" : 1756383075197787463,
      "q" : "16.0",
      "p" : "0.7314",
      "s" : "buy",
      "i" : "SNX_USD",
      "m" : "4611686018430070466"
    }, {
      "d" : "1756382958120903077",
      "t" : 1756382958120,
      "tn" : 1756382958120903077,
      "q" : "514.0",
      "p" : "0.7317",
      "s" : "buy",
      "i" : "SNX_USD",
      "m" : "4611686018430070465"
    }, {
      "d" : "1756382951786454291",
      "t" : 1756382951786,
      "tn" : 1756382951786454291,
      "q" : "827.0",
      "p" : "0.7316",
      "s" : "buy",
      "i" : "SNX_USD",
      "m" : "4611686018430070464"
    }, {
      "d" : "1756382951785851178",
      "t" : 1756382951785,
      "tn" : 1756382951785851178,
      "q" : "659.0",
      "p" : "0.7316",
      "s" : "buy",
      "i" : "SNX_USD",
      "m" : "4611686018430070463"
    }, {
      "d" : "1756382406340907576",
      "t" : 1756382406340,
      "tn" : 1756382406340907576,
      "q" : "100.0",
      "p" : "0.7279",
      "s" : "buy",
      "i" : "SNX_USD",
      "m" : "4611686018430070462"
    }, {
      "d" : "1756379792964776516",
      "t" : 1756379792964,
      "tn" : 1756379792964776516,
      "q" : "134.8",
      "p" : "0.7291",
      "s" : "sell",
      "i" : "SNX_USD",
      "m" : "4611686018430070461"
    }, {
      "d" : "1756378544940946115",
      "t" : 1756378544940,
      "tn" : 1756378544940946115,
      "q" : "91.1",
      "p" : "0.7269",
      "s" : "buy",
      "i" : "SNX_USD",
      "m" : "4611686018430070460"
    }, {
      "d" : "1756377725308975054",
      "t" : 1756377725308,
      "tn" : 1756377725308975054,
      "q" : "31.3",
      "p" : "0.7283",
      "s" : "sell",
      "i" : "SNX_USD",
      "m" : "4611686018430070459"
    }, {
      "d" : "1756377725306787827",
      "t" : 1756377725306,
      "tn" : 1756377725306787827,
      "q" : "1.7",
      "p" : "0.7283",
      "s" : "buy",
      "i" : "SNX_USD",
      "m" : "4611686018430070458"
    }, {
      "d" : "1756376258286895180",
      "t" : 1756376258286,
      "tn" : 1756376258286895180,
      "q" : "271.1",
      "p" : "0.7330",
      "s" : "buy",
      "i" : "SNX_USD",
      "m" : "4611686018430070457"
    }, {
      "d" : "1756376258286892968",
      "t" : 1756376258286,
      "tn" : 1756376258286892968,
      "q" : "1.7",
      "p" : "0.7312",
      "s" : "buy",
      "i" : "SNX_USD",
      "m" : "4611686018430070456"
    }, {
      "d" : "1756376094816179320",
      "t" : 1756376094816,
      "tn" : 1756376094816179320,
      "q" : "543.0",
      "p" : "0.7340",
      "s" : "buy",
      "i" : "SNX_USD",
      "m" : "4611686018430070455"
    }, {
      "d" : "1756376094816177073",
      "t" : 1756376094816,
      "tn" : 1756376094816177073,
      "q" : "1.7",
      "p" : "0.7320",
      "s" : "buy",
      "i" : "SNX_USD",
      "m" : "4611686018430070454"
    } ]
  }
}