{
  "id" : -1,
  "method" : "public/get-trades",
  "code" : 0,
  "result" : {
    "data" : [ {
      "d" : "1756460455314041999",
      "t" : 1756460455314,
      "tn" : 1756460455314041999,
      "q" : "290",
      "p" : "0.6878",
      "s" : "sell",
      "i" : "SNXUSD-PERP",
      "m" : "4611686018430521265"
    }, {
      "d" : "1756460100454538805",
      "t" : 1756460100454,
      "tn" : 1756460100454538805,
      "q" : "290",
      "p" : "0.6878",
      "s" : "sell",
      "i" : "SNXUSD-PERP",
      "m" : "4611686018430521264"
    }, {
      "d" : "1756460072605587232",
      "t" : 1756460072605,
      "tn" : 1756460072605587232,
      "q" : "1",
      "p" : "0.6876",
      "s" : "buy",
      "i" : "SNXUSD-PERP",
      "m" : "4611686018430521263"
    }, {
      "d" : "1756459794745785331",
      "t" : 1756459794745,
      "tn" : 1756459794745785331,
      "q" : "1",
      "p" : "0.6896",
      "s" : "buy",
      "i" : "SNXUSD-PERP",
      "m" : "4611686018430521262"
    }, {
      "d" : "1756458786245566210",
      "t" : 1756458786245,
      "tn" : 1756458786245566210,
      "q" : "1",
      "p" : "0.6866",
      "s" : "buy",
      "i" : "SNXUSD-PERP",
      "m" : "4611686018430521261"
    }, {
      "d" : "1756458781210247438",
      "t" : 1756458781210,
      "tn" : 1756458781210247438,
      "q" : "291",
      "p" : "0.6868",
      "s" : "sell",
      "i" : "SNXUSD-PERP",
      "m" : "4611686018430521260"
    }, {
      "d" : "1756458285725583311",
      "t" : 1756458285725,
      "tn" : 1756458285725583311,
      "q" : "1",
      "p" : "0.6846",
      "s" : "buy",
      "i" : "SNXUSD-PERP",
      "m" : "4611686018430521259"
    }, {
      "d" : "1756458276085734962",
      "t" : 1756458276085,
      "tn" : 1756458276085734962,
      "q" : "1",
      "p" : "0.6846",
      "s" : "buy",
      "i" : "SNXUSD-PERP",
      "m" : "4611686018430521258"
    }, {
      "d" : "1756458246125871498",
      "t" : 1756458246125,
      "tn" : 1756458246125871498,
      "q" : "1",
      "p" : "0.6846",
      "s" : "buy",
      "i" : "SNXUSD-PERP",
      "m" : "4611686018430521257"
    }, {
      "d" : "1756457101925703566",
      "t" : 1756457101925,
      "tn" : 1756457101925703566,
      "q" : "1",
      "p" : "0.6886",
      "s" : "buy",
      "i" : "SNXUSD-PERP",
      "m" : "4611686018430521256"
    }, {
      "d" : "1756456745466480963",
      "t" : 1756456745466,
      "tn" : 1756456745466480963,
      "q" : "1",
      "p" : "0.6905",
      "s" : "buy",
      "i" : "SNXUSD-PERP",
      "m" : "4611686018430521255"
    }, {
      "d" : "1756456582576311177",
      "t" : 1756456582576,
      "tn" : 1756456582576311177,
      "q" : "334",
      "p" : "0.6865",
      "s" : "sell",
      "i" : "SNXUSD-PERP",
      "m" : "4611686018430521254"
    }, {
      "d" : "1756456582576309143",
      "t" : 1756456582576,
      "tn" : 1756456582576309143,
      "q" : "72",
      "p" : "0.6866",
      "s" : "sell",
      "i" : "SNXUSD-PERP",
      "m" : "4611686018430521253"
    }, {
      "d" : "1756456582576307162",
      "t" : 1756456582576,
      "tn" : 1756456582576307162,
      "q" : "3",
      "p" : "0.6871",
      "s" : "sell",
      "i" : "SNXUSD-PERP",
      "m" : "4611686018430521252"
    }, {
      "d" : "1756456582576304721",
      "t" : 1756456582576,
      "tn" : 1756456582576304721,
      "q" : "1",
      "p" : "0.6872",
      "s" : "sell",
      "i" : "SNXUSD-PERP",
      "m" : "4611686018430521251"
    }, {
      "d" : "1756456582576301488",
      "t" : 1756456582576,
      "tn" : 1756456582576301488,
      "q" : "290",
      "p" : "0.6878",
      "s" : "sell",
      "i" : "SNXUSD-PERP",
      "m" : "4611686018430521250"
    }, {
      "d" : "1756456578211655478",
      "t" : 1756456578211,
      "tn" : 1756456578211655478,
      "q" : "334",
      "p" : "0.6865",
      "s" : "sell",
      "i" : "SNXUSD-PERP",
      "m" : "4611686018430521249"
    }, {
      "d" : "1756456578211653649",
      "t" : 1756456578211,
      "tn" : 1756456578211653649,
      "q" : "72",
      "p" : "0.6866",
      "s" : "sell",
      "i" : "SNXUSD-PERP",
      "m" : "4611686018430521248"
    }, {
      "d" : "1756456578211650850",
      "t" : 1756456578211,
      "tn" : 1756456578211650850,
      "q" : "3",
      "p" : "0.6871",
      "s" : "sell",
      "i" : "SNXUSD-PERP",
      "m" : "4611686018430521247"
    }, {
      "d" : "1756456578211648188",
      "t" : 1756456578211,
      "tn" : 1756456578211648188,
      "q" : "1",
      "p" : "0.6872",
      "s" : "sell",
      "i" : "SNXUSD-PERP",
      "m" : "4611686018430521246"
    }, {
      "d" : "1756456578211644678",
      "t" : 1756456578211,
      "tn" : 1756456578211644678,
      "q" : "290",
      "p" : "0.6878",
      "s" : "sell",
      "i" : "SNXUSD-PERP",
      "m" : "4611686018430521245"
    }, {
      "d" : "1756456574221812369",
      "t" : 1756456574221,
      "tn" : 1756456574221812369,
      "q" : "118",
      "p" : "0.6866",
      "s" : "sell",
      "i" : "SNXUSD-PERP",
      "m" : "4611686018430521244"
    }, {
      "d" : "1756456574221810553",
      "t" : 1756456574221,
      "tn" : 1756456574221810553,
      "q" : "72",
      "p" : "0.6873",
      "s" : "sell",
      "i" : "SNXUSD-PERP",
      "m" : "4611686018430521243"
    }, {
      "d" : "1756456574221808080",
      "t" : 1756456574221,
      "tn" : 1756456574221808080,
      "q" : "72",
      "p" : "0.6874",
      "s" : "sell",
      "i" : "SNXUSD-PERP",
      "m" : "4611686018430521242"
    }, {
      "d" : "1756456574221805380",
      "t" : 1756456574221,
      "tn" : 1756456574221805380,
      "q" : "72",
      "p" : "0.6875",
      "s" : "sell",
      "i" : "SNXUSD-PERP",
      "m" : "4611686018430521241"
    }, {
      "d" : "1756456574221802750",
      "t" : 1756456574221,
      "tn" : 1756456574221802750,
      "q" : "72",
      "p" : "0.6876",
      "s" : "sell",
      "i" : "SNXUSD-PERP",
      "m" : "4611686018430521240"
    }, {
      "d" : "1756456574221799996",
      "t" : 1756456574221,
      "tn" : 1756456574221799996,
      "q" : "3",
      "p" : "0.6880",
      "s" : "sell",
      "i" : "SNXUSD-PERP",
      "m" : "4611686018430521239"
    }, {
      "d" : "1756456574221797689",
      "t" : 1756456574221,
      "tn" : 1756456574221797689,
      "q" : "1",
      "p" : "0.6882",
      "s" : "sell",
      "i" : "SNXUSD-PERP",
      "m" : "4611686018430521238"
    }, {
      "d" : "1756456574221794544",
      "t" : 1756456574221,
      "tn" : 1756456574221794544,
      "q" : "290",
      "p" : "0.6888",
      "s" : "sell",
      "i" : "SNXUSD-PERP",
      "m" : "4611686018430521237"
    }, {
      "d" : "1756456568890852138",
      "t" : 1756456568890,
      "tn" : 1756456568890852138,
      "q" : "118",
      "p" : "0.6866",
      "s" : "sell",
      "i" : "SNXUSD-PERP",
      "m" : "4611686018430521236"
    }, {
      "d" : "1756456568890850399",
      "t" : 1756456568890,
      "tn" : 1756456568890850399,
      "q" : "72",
      "p" : "0.6873",
      "s" : "sell",
      "i" : "SNXUSD-PERP",
      "m" : "4611686018430521235"
    }, {
      "d" : "1756456568890848196",
      "t" : 1756456568890,
      "tn" : 1756456568890848196,
      "q" : "72",
      "p" : "0.6874",
      "s" : "sell",
      "i" : "SNXUSD-PERP",
      "m" : "4611686018430521234"
    }, {
      "d" : "1756456568890845785",
      "t" : 1756456568890,
      "tn" : 1756456568890845785,
      "q" : "72",
      "p" : "0.6875",
      "s" : "sell",
      "i" : "SNXUSD-PERP",
      "m" : "4611686018430521233"
    }, {
      "d" : "1756456568890843267",
      "t" : 1756456568890,
      "tn" : 1756456568890843267,
      "q" : "72",
      "p" : "0.6876",
      "s" : "sell",
      "i" : "SNXUSD-PERP",
      "m" : "4611686018430521232"
    }, {
      "d" : "1756456568890840994",
      "t" : 1756456568890,
      "tn" : 1756456568890840994,
      "q" : "3",
      "p" : "0.6880",
      "s" : "sell",
      "i" : "SNXUSD-PERP",
      "m" : "4611686018430521231"
    }, {
      "d" : "1756456568890837416",
      "t" : 1756456568890,
      "tn" : 1756456568890837416,
      "q" : "1",
      "p" : "0.6882",
      "s" : "sell",
      "i" : "SNXUSD-PERP",
      "m" : "4611686018430521230"
    }, {
      "d" : "1756456568890834392",
      "t" : 1756456568890,
      "tn" : 1756456568890834392,
      "q" : "290",
      "p" : "0.6887",
      "s" : "sell",
      "i" : "SNXUSD-PERP",
      "m" : "4611686018430521229"
    }, {
      "d" : "1756456563931788561",
      "t" : 1756456563931,
      "tn" : 1756456563931788561,
      "q" : "190",
      "p" : "0.6873",
      "s" : "sell",
      "i" : "SNXUSD-PERP",
      "m" : "4611686018430521228"
    }, {
      "d" : "1756456563931786838",
      "t" : 1756456563931,
      "tn" : 1756456563931786838,
      "q" : "72",
      "p" : "0.6874",
      "s" : "sell",
      "i" : "SNXUSD-PERP",
      "m" : "4611686018430521227"
    }, {
      "d" : "1756456563931784923",
      "t" : 1756456563931,
      "tn" : 1756456563931784923,
      "q" : "72",
      "p" : "0.6875",
      "s" : "sell",
      "i" : "SNXUSD-PERP",
      "m" : "4611686018430521226"
    }, {
      "d" : "1756456563931783264",
      "t" : 1756456563931,
      "tn" : 1756456563931783264,
      "q" : "72",
      "p" : "0.6876",
      "s" : "sell",
      "i" : "SNXUSD-PERP",
      "m" : "4611686018430521225"
    }, {
      "d" : "1756456563931779761",
      "t" : 1756456563931,
      "tn" : 1756456563931779761,
      "q" : "3",
      "p" : "0.6881",
      "s" : "sell",
      "i" : "SNXUSD-PERP",
      "m" : "4611686018430521224"
    }, {
      "d" : "1756456563931777255",
      "t" : 1756456563931,
      "tn" : 1756456563931777255,
      "q" : "1",
      "p" : "0.6882",
      "s" : "sell",
      "i" : "SNXUSD-PERP",
      "m" : "4611686018430521223"
    }, {
      "d" : "1756456563931774130",
      "t" : 1756456563931,
      "tn" : 1756456563931774130,
      "q" : "290",
      "p" : "0.6887",
      "s" : "sell",
      "i" : "SNXUSD-PERP",
      "m" : "4611686018430521222"
    }, {
      "d" : "1756456335205593164",
      "t" : 1756456335205,
      "tn" : 1756456335205593164,
      "q" : "1",
      "p" : "0.6927",
      "s" : "buy",
      "i" : "SNXUSD-PERP",
      "m" : "4611686018430521221"
    }, {
      "d" : "1756455487230306179",
      "t" : 1756455487230,
      "tn" : 1756455487230306179,
      "q" : "1",
      "p" : "0.6916",
      "s" : "buy",
      "i" : "SNXUSD-PERP",
      "m" : "4611686018430521220"
    }, {
      "d" : "1756455212272165906",
      "t" : 1756455212272,
      "tn" : 1756455212272165906,
      "q" : "289",
      "p" : "0.6908",
      "s" : "sell",
      "i" : "SNXUSD-PERP",
      "m" : "4611686018430521219"
    }, {
      "d" : "1756454483539749827",
      "t" : 1756454483539,
      "tn" : 1756454483539749827,
      "q" : "1",
      "p" : "0.6956",
      "s" : "buy",
      "i" : "SNXUSD-PERP",
      "m" : "4611686018430521218"
    }, {
      "d" : "1756454483466215975",
      "t" : 1756454483466,
      "tn" : 1756454483466215975,
      "q" : "1",
      "p" : "0.6956",
      "s" : "buy",
      "i" : "SNXUSD-PERP",
      "m" : "4611686018430521217"
    }, {
      "d" : "1756453581625319407",
      "t" : 1756453581625,
      "tn" : 1756453581625319407,
      "q" : "1",
      "p" : "0.6985",
      "s" : "buy",
      "i" : "SNXUSD-PERP",
      "m" : "4611686018430521216"
    }, {
      "d" : "1756453215144942888",
      "t" : 1756453215144,
      "tn" : 1756453215144942888,
      "q" : "1",
      "p" : "0.6972",
      "s" : "sell",
      "i" : "SNXUSD-PERP",
      "m" : "4611686018430521215"
    }, {
      "d" : "1756452689405495723",
      "t" : 1756452689405,
      "tn" : 1756452689405495723,
      "q" : "1",
      "p" : "0.7005",
      "s" : "buy",
      "i" : "SNXUSD-PERP",
      "m" : "4611686018430521214"
    }, {
      "d" : "1756452584945805331",
      "t" : 1756452584945,
      "tn" : 1756452584945805331,
      "q" : "1",
      "p" : "0.7005",
      "s" : "buy",
      "i" : "SNXUSD-PERP",
      "m" : "4611686018430521213"
    }, {
      "d" : "1756452506345492266",
      "t" : 1756452506345,
      "tn" : 1756452506345492266,
      "q" : "1",
      "p" : "0.6995",
      "s" : "buy",
      "i" : "SNXUSD-PERP",
      "m" : "4611686018430521212"
    }, {
      "d" : "1756452188425483577",
      "t" : 1756452188425,
      "tn" : 1756452188425483577,
      "q" : "1",
      "p" : "0.7005",
      "s" : "buy",
      "i" : "SNXUSD-PERP",
      "m" : "4611686018430521211"
    }, {
      "d" : "1756451954127939183",
      "t" : 1756451954127,
      "tn" : 1756451954127939183,
      "q" : "3",
      "p" : "0.7003",
      "s" : "sell",
      "i" : "SNXUSD-PERP",
      "m" : "4611686018430521210"
    }, {
      "d" : "1756451949143206773",
      "t" : 1756451949143,
      "tn" : 1756451949143206773,
      "q" : "3",
      "p" : "0.7002",
      "s" : "sell",
      "i" : "SNXUSD-PERP",
      "m" : "4611686018430521209"
    }, {
      "d" : "1756451942930374368",
      "t" : 1756451942930,
      "tn" : 1756451942930374368,
      "q" : "3",
      "p" : "0.7002",
      "s" : "sell",
      "i" : "SNXUSD-PERP",
      "m" : "4611686018430521208"
    }, {
      "d" : "1756451936864644434",
      "t" : 1756451936864,
      "tn" : 1756451936864644434,
      "q" : "3",
      "p" : "0.7002",
      "s" : "sell",
      "i" : "SNXUSD-PERP",
      "m" : "4611686018430521207"
    }, {
      "d" : "1756451930933311017",
      "t" : 1756451930933,
      "tn" : 1756451930933311017,
      "q" : "3",
      "p" : "0.7002",
      "s" : "sell",
      "i" : "SNXUSD-PERP",
      "m" : "4611686018430521206"
    }, {
      "d" : "1756451926301108581",
      "t" : 1756451926301,
      "tn" : 1756451926301108581,
      "q" : "3",
      "p" : "0.7002",
      "s" : "buy",
      "i" : "SNXUSD-PERP",
      "m" : "4611686018430521205"
    }, {
      "d" : "1756451920405753848",
      "t" : 1756451920405,
      "tn" : 1756451920405753848,
      "q" : "1",
      "p" : "0.7015",
      "s" : "buy",
      "i" : "SNXUSD-PERP",
      "m" : "4611686018430521204"
    }, {
      "d" : "1756451919204971099",
      "t" : 1756451919204,
      "tn" : 1756451919204971099,
      "q" : "3",
      "p" : "0.7001",
      "s" : "sell",
      "i" : "SNXUSD-PERP",
      "m" : "4611686018430521203"
    }, {
      "d" : "1756451913289636434",
      "t" : 1756451913289,
      "tn" : 1756451913289636434,
      "q" : "3",
      "p" : "0.7002",
      "s" : "sell",
      "i" : "SNXUSD-PERP",
      "m" : "4611686018430521202"
    }, {
      "d" : "1756451908405060768",
      "t" : 1756451908405,
      "tn" : 1756451908405060768,
      "q" : "3",
      "p" : "0.7002",
      "s" : "sell",
      "i" : "SNXUSD-PERP",
      "m" : "4611686018430521201"
    }, {
      "d" : "1756451902335089065",
      "t" : 1756451902335,
      "tn" : 1756451902335089065,
      "q" : "3",
      "p" : "0.7002",
      "s" : "sell",
      "i" : "SNXUSD-PERP",
      "m" : "4611686018430521200"
    }, {
      "d" : "1756451896487537996",
      "t" : 1756451896487,
      "tn" : 1756451896487537996,
      "q" : "3",
      "p" : "0.7002",
      "s" : "sell",
      "i" : "SNXUSD-PERP",
      "m" : "4611686018430521199"
    }, {
      "d" : "1756451891460369957",
      "t" : 1756451891460,
      "tn" : 1756451891460369957,
      "q" : "3",
      "p" : "0.7002",
      "s" : "sell",
      "i" : "SNXUSD-PERP",
      "m" : "4611686018430521198"
    }, {
      "d" : "1756451886405745885",
      "t" : 1756451886405,
      "tn" : 1756451886405745885,
      "q" : "3",
      "p" : "0.7002",
      "s" : "sell",
      "i" : "SNXUSD-PERP",
      "m" : "4611686018430521197"
    }, {
      "d" : "1756451880987950033",
      "t" : 1756451880987,
      "tn" : 1756451880987950033,
      "q" : "3",
      "p" : "0.6992",
      "s" : "sell",
      "i" : "SNXUSD-PERP",
      "m" : "4611686018430521196"
    }, {
      "d" : "1756451875608376773",
      "t" : 1756451875608,
      "tn" : 1756451875608376773,
      "q" : "3",
      "p" : "0.6992",
      "s" : "sell",
      "i" : "SNXUSD-PERP",
      "m" : "4611686018430521195"
    }, {
      "d" : "1756451869386579635",
      "t" : 1756451869386,
      "tn" : 1756451869386579635,
      "q" : "3",
      "p" : "0.6992",
      "s" : "sell",
      "i" : "SNXUSD-PERP",
      "m" : "4611686018430521194"
    }, {
      "d" : "1756451863457704548",
      "t" : 1756451863457,
      "tn" : 1756451863457704548,
      "q" : "3",
      "p" : "0.6992",
      "s" : "sell",
      "i" : "SNXUSD-PERP",
      "m" : "4611686018430521193"
    }, {
      "d" : "1756451858439891863",
      "t" : 1756451858439,
      "tn" : 1756451858439891863,
      "q" : "3",
      "p" : "0.6992",
      "s" : "sell",
      "i" : "SNXUSD-PERP",
      "m" : "4611686018430521192"
    }, {
      "d" : "1756451853467208894",
      "t" : 1756451853467,
      "tn" : 1756451853467208894,
      "q" : "3",
      "p" : "0.6992",
      "s" : "sell",
      "i" : "SNXUSD-PERP",
      "m" : "4611686018430521191"
    }, {
      "d" : "1756451848180054271",
      "t" : 1756451848180,
      "tn" : 1756451848180054271,
      "q" : "3",
      "p" : "0.6992",
      "s" : "sell",
      "i" : "SNXUSD-PERP",
      "m" : "4611686018430521190"
    }, {
      "d" : "1756451842855635219",
      "t" : 1756451842855,
      "tn" : 1756451842855635219,
      "q" : "3",
      "p" : "0.6992",
      "s" : "sell",
      "i" : "SNXUSD-PERP",
      "m" : "4611686018430521189"
    }, {
      "d" : "1756451837807479310",
      "t" : 1756451837807,
      "tn" : 1756451837807479310,
      "q" : "3",
      "p" : "0.6991",
      "s" : "sell",
      "i" : "SNXUSD-PERP",
      "m" : "4611686018430521188"
    }, {
      "d" : "1756451832740958137",
      "t" : 1756451832740,
      "tn" : 1756451832740958137,
      "q" : "3",
      "p" : "0.6992",
      "s" : "buy",
      "i" : "SNXUSD-PERP",
      "m" : "4611686018430521187"
    }, {
      "d" : "1756451820274829970",
      "t" : 1756451820274,
      "tn" : 1756451820274829970,
      "q" : "3",
      "p" : "0.6992",
      "s" : "sell",
      "i" : "SNXUSD-PERP",
      "m" : "4611686018430521186"
    }, {
      "d" : "1756451815364820874",
      "t" : 1756451815364,
      "tn" : 1756451815364820874,
      "q" : "3",
      "p" : "0.7002",
      "s" : "sell",
      "i" : "SNXUSD-PERP",
      "m" : "4611686018430521185"
    }, {
      "d" : "1756451810334981383",
      "t" : 1756451810334,
      "tn" : 1756451810334981383,
      "q" : "3",
      "p" : "0.7002",
      "s" : "sell",
      "i" : "SNXUSD-PERP",
      "m" : "4611686018430521184"
    }, {
      "d" : "1756451805294426924",
      "t" : 1756451805294,
      "tn" : 1756451805294426923,
      "q" : "2",
      "p" : "0.7001",
      "s" : "sell",
      "i" : "SNXUSD-PERP",
      "m" : "4611686018430521183"
    }, {
      "d" : "1756451805294426923",
      "t" : 1756451805294,
      "tn" : 1756451805294426923,
      "q" : "1",
      "p" : "0.7001",
      "s" : "sell",
      "i" : "SNXUSD-PERP",
      "m" : "4611686018430521183"
    }, {
      "d" : "1756451799842597149",
      "t" : 1756451799842,
      "tn" : 1756451799842597149,
      "q" : "3",
      "p" : "0.7002",
      "s" : "sell",
      "i" : "SNXUSD-PERP",
      "m" : "4611686018430521182"
    }, {
      "d" : "1756451794504348931",
      "t" : 1756451794504,
      "tn" : 1756451794504348931,
      "q" : "3",
      "p" : "0.7002",
      "s" : "sell",
      "i" : "SNXUSD-PERP",
      "m" : "4611686018430521181"
    }, {
      "d" : "1756451778236955016",
      "t" : 1756451778236,
      "tn" : 1756451778236955016,
      "q" : "3",
      "p" : "0.6992",
      "s" : "sell",
      "i" : "SNXUSD-PERP",
      "m" : "4611686018430521180"
    }, {
      "d" : "1756451773094467477",
      "t" : 1756451773094,
      "tn" : 1756451773094467477,
      "q" : "3",
      "p" : "0.6992",
      "s" : "sell",
      "i" : "SNXUSD-PERP",
      "m" : "4611686018430521179"
    }, {
      "d" : "1756451767922355534",
      "t" : 1756451767922,
      "tn" : 1756451767922355534,
      "q" : "3",
      "p" : "0.6992",
      "s" : "sell",
      "i" : "SNXUSD-PERP",
      "m" : "4611686018430521178"
    }, {
      "d" : "1756451762721453432",
      "t" : 1756451762721,
      "tn" : 1756451762721453432,
      "q" : "3",
      "p" : "0.6992",
      "s" : "sell",
      "i" : "SNXUSD-PERP",
      "m" : "4611686018430521177"
    }, {
      "d" : "1756451757762313949",
      "t" : 1756451757762,
      "tn" : 1756451757762313949,
      "q" : "3",
      "p" : "0.7002",
      "s" : "sell",
      "i" : "SNXUSD-PERP",
      "m" : "4611686018430521176"
    }, {
      "d" : "1756451752311664252",
      "t" : 1756451752311,
      "tn" : 1756451752311664252,
      "q" : "3",
      "p" : "0.7002",
      "s" : "sell",
      "i" : "SNXUSD-PERP",
      "m" : "4611686018430521175"
    }, {
      "d" : "1756451746309213555",
      "t" : 1756451746309,
      "tn" : 1756451746309213555,
      "q" : "3",
      "p" : "0.7002",
      "s" : "sell",
      "i" : "SNXUSD-PERP",
      "m" : "4611686018430521174"
    }, {
      "d" : "1756451740371017923",
      "t" : 1756451740371,
      "tn" : 1756451740371017923,
      "q" : "3",
      "p" : "0.7002",
      "s" : "sell",
      "i" : "SNXUSD-PERP",
      "m" : "4611686018430521173"
    }, {
      "d" : "1756451734415865435",
      "t" : 1756451734415,
      "tn" : 1756451734415865435,
      "q" : "3",
      "p" : "0.7002",
      "s" : "sell",
      "i" : "SNXUSD-PERP",
      "m" : "4611686018430521172"
    }, {
      "d" : "1756451729422517537",
      "t" : 1756451729422,
      "tn" : 1756451729422517537,
      "q" : "3",
      "p" : "0.7002",
      "s" : "sell",
      "i" : "SNXUSD-PERP",
      "m" : "4611686018430521171"
    }, {
      "d" : "1756451724224111570",
      "t" : 1756451724224,
      "tn" : 1756451724224111570,
      "q" : "3",
      "p" : "0.7002",
      "s" : "sell",
      "i" : "SNXUSD-PERP",
      "m" : "4611686018430521170"
    }, {
      "d" : "1756451703049252329",
      "t" : 1756451703049,
      "tn" : 1756451703049252329,
      "q" : "3",
      "p" : "0.7012",
      "s" : "sell",
      "i" : "SNXUSD-PERP",
      "m" : "4611686018430521169"
    }, {
      "d" : "1756451697938839830",
      "t" : 1756451697938,
      "tn" : 1756451697938839830,
      "q" : "3",
      "p" : "0.7012",
      "s" : "sell",
      "i" : "SNXUSD-PERP",
      "m" : "4611686018430521168"
    }, {
      "d" : "1756451692760325177",
      "t" : 1756451692760,
      "tn" : 1756451692760325177,
      "q" : "3",
      "p" : "0.7012",
      "s" : "sell",
      "i" : "SNXUSD-PERP",
      "m" : "4611686018430521167"
    }, {
      "d" : "1756451687643092811",
      "t" : 1756451687643,
      "tn" : 1756451687643092811,
      "q" : "3",
      "p" : "0.7012",
      "s" : "sell",
      "i" : "SNXUSD-PERP",
      "m" : "4611686018430521166"
    }, {
      "d" : "1756451682543396676",
      "t" : 1756451682543,
      "tn" : 1756451682543396676,
      "q" : "3",
      "p" : "0.7022",
      "s" : "sell",
      "i" : "SNXUSD-PERP",
      "m" : "4611686018430521165"
    }, {
      "d" : "1756451645450409891",
      "t" : 1756451645450,
      "tn" : 1756451645450409891,
      "q" : "3",
      "p" : "0.7032",
      "s" : "sell",
      "i" : "SNXUSD-PERP",
      "m" : "4611686018430521164"
    }, {
      "d" : "1756451639272842967",
      "t" : 1756451639272,
      "tn" : 1756451639272842967,
      "q" : "3",
      "p" : "0.7032",
      "s" : "sell",
      "i" : "SNXUSD-PERP",
      "m" : "4611686018430521163"
    }, {
      "d" : "1756451634423849383",
      "t" : 1756451634423,
      "tn" : 1756451634423849383,
      "q" : "3",
      "p" : "0.7032",
      "s" : "sell",
      "i" : "SNXUSD-PERP",
      "m" : "4611686018430521162"
    }, {
      "d" : "1756451628675592291",
      "t" : 1756451628675,
      "tn" : 1756451628675592291,
      "q" : "3",
      "p" : "0.7022",
      "s" : "sell",
      "i" : "SNXUSD-PERP",
      "m" : "4611686018430521161"
    }, {
      "d" : "1756451622517239112",
      "t" : 1756451622517,
      "tn" : 1756451622517239112,
      "q" : "3",
      "p" : "0.7022",
      "s" : "sell",
      "i" : "SNXUSD-PERP",
      "m" : "4611686018430521160"
    }, {
      "d" : "1756451601426920713",
      "t" : 1756451601426,
      "tn" : 1756451601426920713,
      "q" : "3",
      "p" : "0.7032",
      "s" : "sell",
      "i" : "SNXUSD-PERP",
      "m" : "4611686018430521159"
    }, {
      "d" : "1756451596280795093",
      "t" : 1756451596280,
      "tn" : 1756451596280795093,
      "q" : "3",
      "p" : "0.7032",
      "s" : "sell",
      "i" : "SNXUSD-PERP",
      "m" : "4611686018430521158"
    }, {
      "d" : "1756451591051377337",
      "t" : 1756451591051,
      "tn" : 1756451591051377337,
      "q" : "3",
      "p" : "0.7032",
      "s" : "sell",
      "i" : "SNXUSD-PERP",
      "m" : "4611686018430521157"
    }, {
      "d" : "1756451585742367413",
      "t" : 1756451585742,
      "tn" : 1756451585742367413,
      "q" : "3",
      "p" : "0.7022",
      "s" : "sell",
      "i" : "SNXUSD-PERP",
      "m" : "4611686018430521156"
    }, {
      "d" : "1756451579822797305",
      "t" : 1756451579822,
      "tn" : 1756451579822797305,
      "q" : "3",
      "p" : "0.7022",
      "s" : "sell",
      "i" : "SNXUSD-PERP",
      "m" : "4611686018430521155"
    }, {
      "d" : "1756451557094381744",
      "t" : 1756451557094,
      "tn" : 1756451557094381744,
      "q" : "1",
      "p" : "0.7031",
      "s" : "sell",
      "i" : "SNXUSD-PERP",
      "m" : "4611686018430521154"
    }, {
      "d" : "1756451553332695839",
      "t" : 1756451553332,
      "tn" : 1756451553332695839,
      "q" : "283",
      "p" : "0.7042",
      "s" : "sell",
      "i" : "SNXUSD-PERP",
      "m" : "4611686018430521153"
    }, {
      "d" : "1756451552135417987",
      "t" : 1756451552135,
      "tn" : 1756451552135417987,
      "q" : "3",
      "p" : "0.7042",
      "s" : "sell",
      "i" : "SNXUSD-PERP",
      "m" : "4611686018430521152"
    }, {
      "d" : "1756451546808791988",
      "t" : 1756451546808,
      "tn" : 1756451546808791988,
      "q" : "3",
      "p" : "0.7042",
      "s" : "sell",
      "i" : "SNXUSD-PERP",
      "m" : "4611686018430521151"
    }, {
      "d" : "1756451541607571574",
      "t" : 1756451541607,
      "tn" : 1756451541607571574,
      "q" : "3",
      "p" : "0.7042",
      "s" : "sell",
      "i" : "SNXUSD-PERP",
      "m" : "4611686018430521150"
    }, {
      "d" : "1756451535496068382",
      "t" : 1756451535496,
      "tn" : 1756451535496068382,
      "q" : "3",
      "p" : "0.7042",
      "s" : "sell",
      "i" : "SNXUSD-PERP",
      "m" : "4611686018430521149"
    }, {
      "d" : "1756451530514778780",
      "t" : 1756451530514,
      "tn" : 1756451530514778780,
      "q" : "3",
      "p" : "0.7042",
      "s" : "sell",
      "i" : "SNXUSD-PERP",
      "m" : "4611686018430521148"
    }, {
      "d" : "1756451524634651833",
      "t" : 1756451524634,
      "tn" : 1756451524634651833,
      "q" : "3",
      "p" : "0.7042",
      "s" : "sell",
      "i" : "SNXUSD-PERP",
      "m" : "4611686018430521147"
    }, {
      "d" : "1756451519598255797",
      "t" : 1756451519598,
      "tn" : 1756451519598255797,
      "q" : "3",
      "p" : "0.7042",
      "s" : "sell",
      "i" : "SNXUSD-PERP",
      "m" : "4611686018430521146"
    }, {
      "d" : "1756451513558749430",
      "t" : 1756451513558,
      "tn" : 1756451513558749429,
      "q" : "2",
      "p" : "0.7041",
      "s" : "sell",
      "i" : "SNXUSD-PERP",
      "m" : "4611686018430521145"
    }, {
      "d" : "1756451513558749429",
      "t" : 1756451513558,
      "tn" : 1756451513558749429,
      "q" : "1",
      "p" : "0.7041",
      "s" : "sell",
      "i" : "SNXUSD-PERP",
      "m" : "4611686018430521145"
    }, {
      "d" : "1756451508602218126",
      "t" : 1756451508602,
      "tn" : 1756451508602218125,
      "q" : "2",
      "p" : "0.7041",
      "s" : "sell",
      "i" : "SNXUSD-PERP",
      "m" : "4611686018430521144"
    }, {
      "d" : "1756451508602218125",
      "t" : 1756451508602,
      "tn" : 1756451508602218125,
      "q" : "1",
      "p" : "0.7041",
      "s" : "sell",
      "i" : "SNXUSD-PERP",
      "m" : "4611686018430521144"
    }, {
      "d" : "1756451503489669237",
      "t" : 1756451503489,
      "tn" : 1756451503489669237,
      "q" : "3",
      "p" : "0.7042",
      "s" : "sell",
      "i" : "SNXUSD-PERP",
      "m" : "4611686018430521143"
    }, {
      "d" : "1756451497471166408",
      "t" : 1756451497471,
      "tn" : 1756451497471166408,
      "q" : "3",
      "p" : "0.7042",
      "s" : "sell",
      "i" : "SNXUSD-PERP",
      "m" : "4611686018430521142"
    }, {
      "d" : "1756451491561375437",
      "t" : 1756451491561,
      "tn" : 1756451491561375437,
      "q" : "3",
      "p" : "0.7042",
      "s" : "sell",
      "i" : "SNXUSD-PERP",
      "m" : "4611686018430521141"
    }, {
      "d" : "1756451486596395216",
      "t" : 1756451486596,
      "tn" : 1756451486596395216,
      "q" : "3",
      "p" : "0.7042",
      "s" : "sell",
      "i" : "SNXUSD-PERP",
      "m" : "4611686018430521140"
    }, {
      "d" : "1756451480524397535",
      "t" : 1756451480524,
      "tn" : 1756451480524397535,
      "q" : "3",
      "p" : "0.7042",
      "s" : "sell",
      "i" : "SNXUSD-PERP",
      "m" : "4611686018430521139"
    }, {
      "d" : "1756451475703962680",
      "t" : 1756451475703,
      "tn" : 1756451475703962680,
      "q" : "3",
      "p" : "0.7042",
      "s" : "sell",
      "i" : "SNXUSD-PERP",
      "m" : "4611686018430521138"
    }, {
      "d" : "1756451470601106794",
      "t" : 1756451470601,
      "tn" : 1756451470601106794,
      "q" : "3",
      "p" : "0.7042",
      "s" : "sell",
      "i" : "SNXUSD-PERP",
      "m" : "4611686018430521137"
    }, {
      "d" : "1756451464509593995",
      "t" : 1756451464509,
      "tn" : 1756451464509593995,
      "q" : "3",
      "p" : "0.7042",
      "s" : "sell",
      "i" : "SNXUSD-PERP",
      "m" : "4611686018430521136"
    }, {
      "d" : "1756451459455499208",
      "t" : 1756451459455,
      "tn" : 1756451459455499208,
      "q" : "3",
      "p" : "0.7042",
      "s" : "sell",
      "i" : "SNXUSD-PERP",
      "m" : "4611686018430521135"
    }, {
      "d" : "1756451454384644153",
      "t" : 1756451454384,
      "tn" : 1756451454384644153,
      "q" : "3",
      "p" : "0.7042",
      "s" : "sell",
      "i" : "SNXUSD-PERP",
      "m" : "4611686018430521134"
    }, {
      "d" : "1756451449230115973",
      "t" : 1756451449230,
      "tn" : 1756451449230115973,
      "q" : "3",
      "p" : "0.7042",
      "s" : "sell",
      "i" : "SNXUSD-PERP",
      "m" : "4611686018430521133"
    }, {
      "d" : "1756451444177021998",
      "t" : 1756451444177,
      "tn" : 1756451444177021998,
      "q" : "3",
      "p" : "0.7052",
      "s" : "sell",
      "i" : "SNXUSD-PERP",
      "m" : "4611686018430521132"
    }, {
      "d" : "1756451438992535026",
      "t" : 1756451438992,
      "tn" : 1756451438992535026,
      "q" : "3",
      "p" : "0.7052",
      "s" : "sell",
      "i" : "SNXUSD-PERP",
      "m" : "4611686018430521131"
    }, {
      "d" : "1756451433759592536",
      "t" : 1756451433759,
      "tn" : 1756451433759592536,
      "q" : "3",
      "p" : "0.7052",
      "s" : "sell",
      "i" : "SNXUSD-PERP",
      "m" : "4611686018430521130"
    }, {
      "d" : "1756451428670541347",
      "t" : 1756451428670,
      "tn" : 1756451428670541347,
      "q" : "3",
      "p" : "0.7062",
      "s" : "sell",
      "i" : "SNXUSD-PERP",
      "m" : "4611686018430521129"
    }, {
      "d" : "1756451423353790966",
      "t" : 1756451423353,
      "tn" : 1756451423353790966,
      "q" : "3",
      "p" : "0.7062",
      "s" : "sell",
      "i" : "SNXUSD-PERP",
      "m" : "4611686018430521128"
    }, {
      "d" : "1756451417195454711",
      "t" : 1756451417195,
      "tn" : 1756451417195454711,
      "q" : "3",
      "p" : "0.7072",
      "s" : "sell",
      "i" : "SNXUSD-PERP",
      "m" : "4611686018430521127"
    }, {
      "d" : "1756451412362655225",
      "t" : 1756451412362,
      "tn" : 1756451412362655225,
      "q" : "3",
      "p" : "0.7062",
      "s" : "sell",
      "i" : "SNXUSD-PERP",
      "m" : "4611686018430521126"
    }, {
      "d" : "1756451406187688421",
      "t" : 1756451406187,
      "tn" : 1756451406187688421,
      "q" : "3",
      "p" : "0.7052",
      "s" : "sell",
      "i" : "SNXUSD-PERP",
      "m" : "4611686018430521125"
    }, {
      "d" : "1756451400240143048",
      "t" : 1756451400240,
      "tn" : 1756451400240143048,
      "q" : "3",
      "p" : "0.7052",
      "s" : "sell",
      "i" : "SNXUSD-PERP",
      "m" : "4611686018430521124"
    }, {
      "d" : "1756451394359937985",
      "t" : 1756451394359,
      "tn" : 1756451394359937985,
      "q" : "3",
      "p" : "0.7052",
      "s" : "sell",
      "i" : "SNXUSD-PERP",
      "m" : "4611686018430521123"
    }, {
      "d" : "1756451388458389478",
      "t" : 1756451388458,
      "tn" : 1756451388458389478,
      "q" : "3",
      "p" : "0.7052",
      "s" : "sell",
      "i" : "SNXUSD-PERP",
      "m" : "4611686018430521122"
    }, {
      "d" : "1756451382514185951",
      "t" : 1756451382514,
      "tn" : 1756451382514185951,
      "q" : "3",
      "p" : "0.7052",
      "s" : "sell",
      "i" : "SNXUSD-PERP",
      "m" : "4611686018430521121"
    }, {
      "d" : "1756451377496928460",
      "t" : 1756451377496,
      "tn" : 1756451377496928460,
      "q" : "3",
      "p" : "0.7052",
      "s" : "sell",
      "i" : "SNXUSD-PERP",
      "m" : "4611686018430521120"
    }, {
      "d" : "1756451372391792131",
      "t" : 1756451372391,
      "tn" : 1756451372391792131,
      "q" : "3",
      "p" : "0.7042",
      "s" : "sell",
      "i" : "SNXUSD-PERP",
      "m" : "4611686018430521119"
    } ]
  }
}