{
  "id" : -1,
  "method" : "public/get-trades",
  "code" : 0,
  "result" : {
    "data" : [ {
      "d" : "1756462431980567717",
      "t" : 1756462431980,
      "tn" : 1756462431980567717,
      "q" : "0.006",
      "p" : "0.047896",
      "s" : "sell",
      "i" : "SOL_ETH",
      "m" : "4611686018429383701"
    }, {
      "d" : "1756462431928505839",
      "t" : 1756462431928,
      "tn" : 1756462431928505839,
      "q" : "0.006",
      "p" : "0.047889",
      "s" : "buy",
      "i" : "SOL_ETH",
      "m" : "4611686018429383700"
    }, {
      "d" : "1756462347764639309",
      "t" : 1756462347764,
      "tn" : 1756462347764639309,
      "q" : "0.010",
      "p" : "0.047895",
      "s" : "buy",
      "i" : "SOL_ETH",
      "m" : "4611686018429383699"
    }, {
      "d" : "1756462309853304608",
      "t" : 1756462309853,
      "tn" : 1756462309853304608,
      "q" : "0.010",
      "p" : "0.047892",
      "s" : "sell",
      "i" : "SOL_ETH",
      "m" : "4611686018429383698"
    }, {
      "d" : "1756462143343004061",
      "t" : 1756462143343,
      "tn" : 1756462143343004061,
      "q" : "0.010",
      "p" : "0.047963",
      "s" : "sell",
      "i" : "SOL_ETH",
      "m" : "4611686018429383697"
    }, {
      "d" : "1756462003821362467",
      "t" : 1756462003821,
      "tn" : 1756462003821362467,
      "q" : "0.006",
      "p" : "0.047943",
      "s" : "sell",
      "i" : "SOL_ETH",
      "m" : "4611686018429383696"
    }, {
      "d" : "1756461837874420737",
      "t" : 1756461837874,
      "tn" : 1756461837874420737,
      "q" : "0.009",
      "p" : "0.047972",
      "s" : "sell",
      "i" : "SOL_ETH",
      "m" : "4611686018429383695"
    }, {
      "d" : "1756461730927828371",
      "t" : 1756461730927,
      "tn" : 1756461730927828371,
      "q" : "0.006",
      "p" : "0.047960",
      "s" : "sell",
      "i" : "SOL_ETH",
      "m" : "4611686018429383694"
    }, {
      "d" : "1756461636918513334",
      "t" : 1756461636918,
      "tn" : 1756461636918513334,
      "q" : "0.010",
      "p" : "0.047870",
      "s" : "buy",
      "i" : "SOL_ETH",
      "m" : "4611686018429383693"
    }, {
      "d" : "1756461603576276165",
      "t" : 1756461603576,
      "tn" : 1756461603576276165,
      "q" : "0.958",
      "p" : "0.047896",
      "s" : "buy",
      "i" : "SOL_ETH",
      "m" : "4611686018429383692"
    }, {
      "d" : "1756461603576273839",
      "t" : 1756461603576,
      "tn" : 1756461603576273839,
      "q" : "0.006",
      "p" : "0.047892",
      "s" : "buy",
      "i" : "SOL_ETH",
      "m" : "4611686018429383691"
    }, {
      "d" : "1756461602500380785",
      "t" : 1756461602500,
      "tn" : 1756461602500380785,
      "q" : "0.009",
      "p" : "0.047889",
      "s" : "buy",
      "i" : "SOL_ETH",
      "m" : "4611686018429383690"
    }, {
      "d" : "1756461319094828884",
      "t" : 1756461319094,
      "tn" : 1756461319094828884,
      "q" : "0.006",
      "p" : "0.047821",
      "s" : "buy",
      "i" : "SOL_ETH",
      "m" : "4611686018429383689"
    }, {
      "d" : "1756461281174542883",
      "t" : 1756461281174,
      "tn" : 1756461281174542883,
      "q" : "0.006",
      "p" : "0.047823",
      "s" : "buy",
      "i" : "SOL_ETH",
      "m" : "4611686018429383688"
    }, {
      "d" : "1756461281174540883",
      "t" : 1756461281174,
      "tn" : 1756461281174540883,
      "q" : "0.010",
      "p" : "0.047807",
      "s" : "buy",
      "i" : "SOL_ETH",
      "m" : "4611686018429383687"
    }, {
      "d" : "1756461035020394587",
      "t" : 1756461035020,
      "tn" : 1756461035020394587,
      "q" : "0.014",
      "p" : "0.047837",
      "s" : "sell",
      "i" : "SOL_ETH",
      "m" : "4611686018429383686"
    }, {
      "d" : "1756460974041714111",
      "t" : 1756460974041,
      "tn" : 1756460974041714111,
      "q" : "0.003",
      "p" : "0.047862",
      "s" : "buy",
      "i" : "SOL_ETH",
      "m" : "4611686018429383685"
    }, {
      "d" : "1756460944282007092",
      "t" : 1756460944282,
      "tn" : 1756460944282007092,
      "q" : "0.010",
      "p" : "0.047841",
      "s" : "sell",
      "i" : "SOL_ETH",
      "m" : "4611686018429383684"
    }, {
      "d" : "1756460897929283089",
      "t" : 1756460897929,
      "tn" : 1756460897929283089,
      "q" : "0.010",
      "p" : "0.047881",
      "s" : "sell",
      "i" : "SOL_ETH",
      "m" : "4611686018429383683"
    }, {
      "d" : "1756460890657097918",
      "t" : 1756460890657,
      "tn" : 1756460890657097918,
      "q" : "0.006",
      "p" : "0.047892",
      "s" : "sell",
      "i" : "SOL_ETH",
      "m" : "4611686018429383682"
    }, {
      "d" : "1756460862689303782",
      "t" : 1756460862689,
      "tn" : 1756460862689303782,
      "q" : "0.006",
      "p" : "0.047896",
      "s" : "sell",
      "i" : "SOL_ETH",
      "m" : "4611686018429383681"
    }, {
      "d" : "1756460753810052588",
      "t" : 1756460753810,
      "tn" : 1756460753810052588,
      "q" : "0.010",
      "p" : "0.047764",
      "s" : "buy",
      "i" : "SOL_ETH",
      "m" : "4611686018429383680"
    }, {
      "d" : "1756460713006211749",
      "t" : 1756460713006,
      "tn" : 1756460713006211749,
      "q" : "0.010",
      "p" : "0.047703",
      "s" : "buy",
      "i" : "SOL_ETH",
      "m" : "4611686018429383679"
    }, {
      "d" : "1756460707565236570",
      "t" : 1756460707565,
      "tn" : 1756460707565236570,
      "q" : "0.006",
      "p" : "0.047702",
      "s" : "sell",
      "i" : "SOL_ETH",
      "m" : "4611686018429383678"
    }, {
      "d" : "1756460468452802039",
      "t" : 1756460468452,
      "tn" : 1756460468452802039,
      "q" : "0.010",
      "p" : "0.047738",
      "s" : "buy",
      "i" : "SOL_ETH",
      "m" : "4611686018429383677"
    }, {
      "d" : "1756460339076910718",
      "t" : 1756460339076,
      "tn" : 1756460339076910718,
      "q" : "0.010",
      "p" : "0.047699",
      "s" : "buy",
      "i" : "SOL_ETH",
      "m" : "4611686018429383676"
    }, {
      "d" : "1756460083604698850",
      "t" : 1756460083604,
      "tn" : 1756460083604698850,
      "q" : "0.010",
      "p" : "0.047702",
      "s" : "sell",
      "i" : "SOL_ETH",
      "m" : "4611686018429383675"
    }, {
      "d" : "1756459594743662858",
      "t" : 1756459594743,
      "tn" : 1756459594743662858,
      "q" : "0.006",
      "p" : "0.047763",
      "s" : "sell",
      "i" : "SOL_ETH",
      "m" : "4611686018429383674"
    }, {
      "d" : "1756459475816472637",
      "t" : 1756459475816,
      "tn" : 1756459475816472637,
      "q" : "0.959",
      "p" : "0.047793",
      "s" : "sell",
      "i" : "SOL_ETH",
      "m" : "4611686018429383673"
    }, {
      "d" : "1756459469071108664",
      "t" : 1756459469071,
      "tn" : 1756459469071108664,
      "q" : "0.006",
      "p" : "0.047793",
      "s" : "buy",
      "i" : "SOL_ETH",
      "m" : "4611686018429383672"
    }, {
      "d" : "1756459450967648742",
      "t" : 1756459450967,
      "tn" : 1756459450967648742,
      "q" : "0.010",
      "p" : "0.047780",
      "s" : "sell",
      "i" : "SOL_ETH",
      "m" : "4611686018429383671"
    }, {
      "d" : "1756459384365282875",
      "t" : 1756459384365,
      "tn" : 1756459384365282875,
      "q" : "0.010",
      "p" : "0.047855",
      "s" : "buy",
      "i" : "SOL_ETH",
      "m" : "4611686018429383670"
    }, {
      "d" : "1756459086292264216",
      "t" : 1756459086292,
      "tn" : 1756459086292264216,
      "q" : "0.010",
      "p" : "0.047739",
      "s" : "buy",
      "i" : "SOL_ETH",
      "m" : "4611686018429383669"
    }, {
      "d" : "1756459036760715312",
      "t" : 1756459036760,
      "tn" : 1756459036760715312,
      "q" : "0.010",
      "p" : "0.047693",
      "s" : "sell",
      "i" : "SOL_ETH",
      "m" : "4611686018429383668"
    }, {
      "d" : "1756458725505646627",
      "t" : 1756458725505,
      "tn" : 1756458725505646627,
      "q" : "0.010",
      "p" : "0.047656",
      "s" : "sell",
      "i" : "SOL_ETH",
      "m" : "4611686018429383667"
    }, {
      "d" : "1756458676623269246",
      "t" : 1756458676623,
      "tn" : 1756458676623269246,
      "q" : "0.010",
      "p" : "0.047655",
      "s" : "buy",
      "i" : "SOL_ETH",
      "m" : "4611686018429383666"
    }, {
      "d" : "1756458177863084509",
      "t" : 1756458177863,
      "tn" : 1756458177863084509,
      "q" : "0.010",
      "p" : "0.047579",
      "s" : "sell",
      "i" : "SOL_ETH",
      "m" : "4611686018429383665"
    }, {
      "d" : "1756457845654335923",
      "t" : 1756457845654,
      "tn" : 1756457845654335923,
      "q" : "0.010",
      "p" : "0.047627",
      "s" : "sell",
      "i" : "SOL_ETH",
      "m" : "4611686018429383664"
    }, {
      "d" : "1756457833815398265",
      "t" : 1756457833815,
      "tn" : 1756457833815398265,
      "q" : "0.010",
      "p" : "0.047671",
      "s" : "sell",
      "i" : "SOL_ETH",
      "m" : "4611686018429383663"
    }, {
      "d" : "1756457701511729410",
      "t" : 1756457701511,
      "tn" : 1756457701511729410,
      "q" : "0.010",
      "p" : "0.047644",
      "s" : "buy",
      "i" : "SOL_ETH",
      "m" : "4611686018429383662"
    }, {
      "d" : "1756457505506115364",
      "t" : 1756457505506,
      "tn" : 1756457505506115364,
      "q" : "3.005",
      "p" : "0.047774",
      "s" : "sell",
      "i" : "SOL_ETH",
      "m" : "4611686018429383661"
    }, {
      "d" : "1756457279227954452",
      "t" : 1756457279227,
      "tn" : 1756457279227954452,
      "q" : "0.008",
      "p" : "0.047813",
      "s" : "sell",
      "i" : "SOL_ETH",
      "m" : "4611686018429383660"
    }, {
      "d" : "1756457272984412854",
      "t" : 1756457272984,
      "tn" : 1756457272984412854,
      "q" : "0.010",
      "p" : "0.047814",
      "s" : "sell",
      "i" : "SOL_ETH",
      "m" : "4611686018429383659"
    }, {
      "d" : "1756457262435006489",
      "t" : 1756457262435,
      "tn" : 1756457262435006489,
      "q" : "0.006",
      "p" : "0.047829",
      "s" : "sell",
      "i" : "SOL_ETH",
      "m" : "4611686018429383658"
    }, {
      "d" : "1756457104538457850",
      "t" : 1756457104538,
      "tn" : 1756457104538457850,
      "q" : "0.010",
      "p" : "0.047813",
      "s" : "buy",
      "i" : "SOL_ETH",
      "m" : "4611686018429383657"
    }, {
      "d" : "1756456978478849816",
      "t" : 1756456978478,
      "tn" : 1756456978478849816,
      "q" : "0.010",
      "p" : "0.047791",
      "s" : "buy",
      "i" : "SOL_ETH",
      "m" : "4611686018429383656"
    }, {
      "d" : "1756456925506262741",
      "t" : 1756456925506,
      "tn" : 1756456925506262741,
      "q" : "0.010",
      "p" : "0.047762",
      "s" : "buy",
      "i" : "SOL_ETH",
      "m" : "4611686018429383655"
    }, {
      "d" : "1756456732379773373",
      "t" : 1756456732379,
      "tn" : 1756456732379773373,
      "q" : "0.010",
      "p" : "0.047833",
      "s" : "buy",
      "i" : "SOL_ETH",
      "m" : "4611686018429383654"
    }, {
      "d" : "1756456691775044770",
      "t" : 1756456691775,
      "tn" : 1756456691775044770,
      "q" : "0.008",
      "p" : "0.047776",
      "s" : "buy",
      "i" : "SOL_ETH",
      "m" : "4611686018429383653"
    }, {
      "d" : "1756456667370930300",
      "t" : 1756456667370,
      "tn" : 1756456667370930300,
      "q" : "0.010",
      "p" : "0.047744",
      "s" : "buy",
      "i" : "SOL_ETH",
      "m" : "4611686018429383652"
    }, {
      "d" : "1756456000345482300",
      "t" : 1756456000345,
      "tn" : 1756456000345482300,
      "q" : "0.010",
      "p" : "0.047684",
      "s" : "buy",
      "i" : "SOL_ETH",
      "m" : "4611686018429383651"
    }, {
      "d" : "1756455929062043972",
      "t" : 1756455929062,
      "tn" : 1756455929062043972,
      "q" : "0.010",
      "p" : "0.047622",
      "s" : "buy",
      "i" : "SOL_ETH",
      "m" : "4611686018429383650"
    }, {
      "d" : "1756455907494935651",
      "t" : 1756455907494,
      "tn" : 1756455907494935651,
      "q" : "0.010",
      "p" : "0.047602",
      "s" : "buy",
      "i" : "SOL_ETH",
      "m" : "4611686018429383649"
    }, {
      "d" : "1756455628361053361",
      "t" : 1756455628361,
      "tn" : 1756455628361053361,
      "q" : "0.010",
      "p" : "0.047499",
      "s" : "sell",
      "i" : "SOL_ETH",
      "m" : "4611686018429383648"
    }, {
      "d" : "1756455552347815852",
      "t" : 1756455552347,
      "tn" : 1756455552347815852,
      "q" : "0.018",
      "p" : "0.047546",
      "s" : "sell",
      "i" : "SOL_ETH",
      "m" : "4611686018429383647"
    }, {
      "d" : "1756455552337484254",
      "t" : 1756455552337,
      "tn" : 1756455552337484254,
      "q" : "0.029",
      "p" : "0.047546",
      "s" : "sell",
      "i" : "SOL_ETH",
      "m" : "4611686018429383646"
    }, {
      "d" : "1756455437171773877",
      "t" : 1756455437171,
      "tn" : 1756455437171773877,
      "q" : "0.008",
      "p" : "0.047507",
      "s" : "sell",
      "i" : "SOL_ETH",
      "m" : "4611686018429383645"
    }, {
      "d" : "1756455355907073725",
      "t" : 1756455355907,
      "tn" : 1756455355907073725,
      "q" : "0.010",
      "p" : "0.047557",
      "s" : "buy",
      "i" : "SOL_ETH",
      "m" : "4611686018429383644"
    }, {
      "d" : "1756455055101630066",
      "t" : 1756455055101,
      "tn" : 1756455055101630066,
      "q" : "0.025",
      "p" : "0.047477",
      "s" : "buy",
      "i" : "SOL_ETH",
      "m" : "4611686018429383643"
    }, {
      "d" : "1756455054457594407",
      "t" : 1756455054457,
      "tn" : 1756455054457594407,
      "q" : "0.058",
      "p" : "0.047466",
      "s" : "buy",
      "i" : "SOL_ETH",
      "m" : "4611686018429383642"
    }, {
      "d" : "1756455054041049229",
      "t" : 1756455054041,
      "tn" : 1756455054041049229,
      "q" : "0.006",
      "p" : "0.047514",
      "s" : "sell",
      "i" : "SOL_ETH",
      "m" : "4611686018429383641"
    }, {
      "d" : "1756455032511271219",
      "t" : 1756455032511,
      "tn" : 1756455032511271219,
      "q" : "0.032",
      "p" : "0.047535",
      "s" : "buy",
      "i" : "SOL_ETH",
      "m" : "4611686018429383640"
    }, {
      "d" : "1756455020209439117",
      "t" : 1756455020209,
      "tn" : 1756455020209439117,
      "q" : "0.010",
      "p" : "0.047515",
      "s" : "buy",
      "i" : "SOL_ETH",
      "m" : "4611686018429383639"
    }, {
      "d" : "1756454896707523454",
      "t" : 1756454896707,
      "tn" : 1756454896707523454,
      "q" : "0.010",
      "p" : "0.047554",
      "s" : "buy",
      "i" : "SOL_ETH",
      "m" : "4611686018429383638"
    }, {
      "d" : "1756454719296458201",
      "t" : 1756454719296,
      "tn" : 1756454719296458201,
      "q" : "0.002",
      "p" : "0.047579",
      "s" : "sell",
      "i" : "SOL_ETH",
      "m" : "4611686018429383637"
    }, {
      "d" : "1756454718053627043",
      "t" : 1756454718053,
      "tn" : 1756454718053627043,
      "q" : "0.008",
      "p" : "0.047579",
      "s" : "sell",
      "i" : "SOL_ETH",
      "m" : "4611686018429383636"
    }, {
      "d" : "1756454619341010605",
      "t" : 1756454619341,
      "tn" : 1756454619341010605,
      "q" : "0.008",
      "p" : "0.047656",
      "s" : "sell",
      "i" : "SOL_ETH",
      "m" : "4611686018429383635"
    }, {
      "d" : "1756454460729796436",
      "t" : 1756454460729,
      "tn" : 1756454460729796436,
      "q" : "0.002",
      "p" : "0.047687",
      "s" : "buy",
      "i" : "SOL_ETH",
      "m" : "4611686018429383634"
    }, {
      "d" : "1756454460680605240",
      "t" : 1756454460680,
      "tn" : 1756454460680605240,
      "q" : "0.008",
      "p" : "0.047687",
      "s" : "buy",
      "i" : "SOL_ETH",
      "m" : "4611686018429383633"
    }, {
      "d" : "1756454125792198080",
      "t" : 1756454125792,
      "tn" : 1756454125792198080,
      "q" : "0.010",
      "p" : "0.047610",
      "s" : "sell",
      "i" : "SOL_ETH",
      "m" : "4611686018429383632"
    }, {
      "d" : "1756453815452904637",
      "t" : 1756453815452,
      "tn" : 1756453815452904637,
      "q" : "0.935",
      "p" : "0.047677",
      "s" : "sell",
      "i" : "SOL_ETH",
      "m" : "4611686018429383631"
    }, {
      "d" : "1756453814944690053",
      "t" : 1756453814944,
      "tn" : 1756453814944690053,
      "q" : "0.015",
      "p" : "0.047677",
      "s" : "sell",
      "i" : "SOL_ETH",
      "m" : "4611686018429383630"
    }, {
      "d" : "1756453814939833368",
      "t" : 1756453814939,
      "tn" : 1756453814939833368,
      "q" : "0.077",
      "p" : "0.047678",
      "s" : "sell",
      "i" : "SOL_ETH",
      "m" : "4611686018429383629"
    }, {
      "d" : "1756453814930484914",
      "t" : 1756453814930,
      "tn" : 1756453814930484914,
      "q" : "0.310",
      "p" : "0.047678",
      "s" : "sell",
      "i" : "SOL_ETH",
      "m" : "4611686018429383628"
    }, {
      "d" : "1756453814920282061",
      "t" : 1756453814920,
      "tn" : 1756453814920282061,
      "q" : "0.057",
      "p" : "0.047678",
      "s" : "sell",
      "i" : "SOL_ETH",
      "m" : "4611686018429383627"
    }, {
      "d" : "1756453814913076964",
      "t" : 1756453814913,
      "tn" : 1756453814913076964,
      "q" : "0.057",
      "p" : "0.047678",
      "s" : "sell",
      "i" : "SOL_ETH",
      "m" : "4611686018429383626"
    }, {
      "d" : "1756453814907761015",
      "t" : 1756453814907,
      "tn" : 1756453814907761015,
      "q" : "0.057",
      "p" : "0.047678",
      "s" : "sell",
      "i" : "SOL_ETH",
      "m" : "4611686018429383625"
    }, {
      "d" : "1756453814897755022",
      "t" : 1756453814897,
      "tn" : 1756453814897755022,
      "q" : "0.057",
      "p" : "0.047678",
      "s" : "sell",
      "i" : "SOL_ETH",
      "m" : "4611686018429383624"
    }, {
      "d" : "1756453814894143694",
      "t" : 1756453814894,
      "tn" : 1756453814894143694,
      "q" : "0.015",
      "p" : "0.047678",
      "s" : "sell",
      "i" : "SOL_ETH",
      "m" : "4611686018429383623"
    }, {
      "d" : "1756453814882434831",
      "t" : 1756453814882,
      "tn" : 1756453814882434831,
      "q" : "0.029",
      "p" : "0.047678",
      "s" : "sell",
      "i" : "SOL_ETH",
      "m" : "4611686018429383622"
    }, {
      "d" : "1756453813616566291",
      "t" : 1756453813616,
      "tn" : 1756453813616566291,
      "q" : "0.014",
      "p" : "0.047678",
      "s" : "sell",
      "i" : "SOL_ETH",
      "m" : "4611686018429383621"
    }, {
      "d" : "1756453813065422835",
      "t" : 1756453813065,
      "tn" : 1756453813065422835,
      "q" : "0.019",
      "p" : "0.047678",
      "s" : "sell",
      "i" : "SOL_ETH",
      "m" : "4611686018429383620"
    }, {
      "d" : "1756453812627976778",
      "t" : 1756453812627,
      "tn" : 1756453812627976778,
      "q" : "0.019",
      "p" : "0.047678",
      "s" : "sell",
      "i" : "SOL_ETH",
      "m" : "4611686018429383619"
    }, {
      "d" : "1756453812165005491",
      "t" : 1756453812165,
      "tn" : 1756453812165005491,
      "q" : "0.029",
      "p" : "0.047678",
      "s" : "sell",
      "i" : "SOL_ETH",
      "m" : "4611686018429383618"
    }, {
      "d" : "1756453811294180582",
      "t" : 1756453811294,
      "tn" : 1756453811294180582,
      "q" : "0.057",
      "p" : "0.047678",
      "s" : "sell",
      "i" : "SOL_ETH",
      "m" : "4611686018429383617"
    }, {
      "d" : "1756453793665434733",
      "t" : 1756453793665,
      "tn" : 1756453793665434733,
      "q" : "0.022",
      "p" : "0.047678",
      "s" : "sell",
      "i" : "SOL_ETH",
      "m" : "4611686018429383616"
    }, {
      "d" : "1756453792880169472",
      "t" : 1756453792880,
      "tn" : 1756453792880169472,
      "q" : "0.045",
      "p" : "0.047678",
      "s" : "sell",
      "i" : "SOL_ETH",
      "m" : "4611686018429383615"
    }, {
      "d" : "1756453792404967930",
      "t" : 1756453792404,
      "tn" : 1756453792404967930,
      "q" : "0.086",
      "p" : "0.047678",
      "s" : "sell",
      "i" : "SOL_ETH",
      "m" : "4611686018429383614"
    }, {
      "d" : "1756453729043524753",
      "t" : 1756453729043,
      "tn" : 1756453729043524753,
      "q" : "0.021",
      "p" : "0.047749",
      "s" : "sell",
      "i" : "SOL_ETH",
      "m" : "4611686018429383613"
    }, {
      "d" : "1756453526668817881",
      "t" : 1756453526668,
      "tn" : 1756453526668817881,
      "q" : "0.006",
      "p" : "0.047678",
      "s" : "buy",
      "i" : "SOL_ETH",
      "m" : "4611686018429383612"
    }, {
      "d" : "1756453526080887310",
      "t" : 1756453526080,
      "tn" : 1756453526080887310,
      "q" : "0.006",
      "p" : "0.047677",
      "s" : "buy",
      "i" : "SOL_ETH",
      "m" : "4611686018429383611"
    }, {
      "d" : "1756453297210268176",
      "t" : 1756453297210,
      "tn" : 1756453297210268176,
      "q" : "0.015",
      "p" : "0.047747",
      "s" : "buy",
      "i" : "SOL_ETH",
      "m" : "4611686018429383610"
    }, {
      "d" : "1756453228092144275",
      "t" : 1756453228092,
      "tn" : 1756453228092144275,
      "q" : "0.031",
      "p" : "0.047664",
      "s" : "buy",
      "i" : "SOL_ETH",
      "m" : "4611686018429383609"
    }, {
      "d" : "1756453011238970774",
      "t" : 1756453011238,
      "tn" : 1756453011238970774,
      "q" : "0.008",
      "p" : "0.047651",
      "s" : "sell",
      "i" : "SOL_ETH",
      "m" : "4611686018429383608"
    }, {
      "d" : "1756453004071134125",
      "t" : 1756453004071,
      "tn" : 1756453004071134125,
      "q" : "0.504",
      "p" : "0.047664",
      "s" : "sell",
      "i" : "SOL_ETH",
      "m" : "4611686018429383607"
    }, {
      "d" : "1756453003423887632",
      "t" : 1756453003423,
      "tn" : 1756453003423887632,
      "q" : "0.294",
      "p" : "0.047664",
      "s" : "sell",
      "i" : "SOL_ETH",
      "m" : "4611686018429383606"
    }, {
      "d" : "1756453003355452509",
      "t" : 1756453003355,
      "tn" : 1756453003355452509,
      "q" : "0.031",
      "p" : "0.047664",
      "s" : "sell",
      "i" : "SOL_ETH",
      "m" : "4611686018429383605"
    }, {
      "d" : "1756453003351406756",
      "t" : 1756453003351,
      "tn" : 1756453003351406756,
      "q" : "0.031",
      "p" : "0.047664",
      "s" : "sell",
      "i" : "SOL_ETH",
      "m" : "4611686018429383604"
    }, {
      "d" : "1756453003345166451",
      "t" : 1756453003345,
      "tn" : 1756453003345166451,
      "q" : "0.031",
      "p" : "0.047664",
      "s" : "sell",
      "i" : "SOL_ETH",
      "m" : "4611686018429383603"
    }, {
      "d" : "1756453003341513504",
      "t" : 1756453003341,
      "tn" : 1756453003341513504,
      "q" : "0.031",
      "p" : "0.047664",
      "s" : "sell",
      "i" : "SOL_ETH",
      "m" : "4611686018429383602"
    }, {
      "d" : "1756453003337001548",
      "t" : 1756453003337,
      "tn" : 1756453003337001548,
      "q" : "0.031",
      "p" : "0.047664",
      "s" : "sell",
      "i" : "SOL_ETH",
      "m" : "4611686018429383601"
    }, {
      "d" : "1756452878764094358",
      "t" : 1756452878764,
      "tn" : 1756452878764094358,
      "q" : "0.010",
      "p" : "0.047746",
      "s" : "sell",
      "i" : "SOL_ETH",
      "m" : "4611686018429383600"
    }, {
      "d" : "1756452877951377732",
      "t" : 1756452877951,
      "tn" : 1756452877951377732,
      "q" : "0.040",
      "p" : "0.047747",
      "s" : "sell",
      "i" : "SOL_ETH",
      "m" : "4611686018429383599"
    }, {
      "d" : "1756452877942527564",
      "t" : 1756452877942,
      "tn" : 1756452877942527564,
      "q" : "0.029",
      "p" : "0.047747",
      "s" : "sell",
      "i" : "SOL_ETH",
      "m" : "4611686018429383598"
    }, {
      "d" : "1756452877928703719",
      "t" : 1756452877928,
      "tn" : 1756452877928703719,
      "q" : "0.029",
      "p" : "0.047747",
      "s" : "sell",
      "i" : "SOL_ETH",
      "m" : "4611686018429383597"
    }, {
      "d" : "1756452877903875659",
      "t" : 1756452877903,
      "tn" : 1756452877903875659,
      "q" : "0.029",
      "p" : "0.047747",
      "s" : "sell",
      "i" : "SOL_ETH",
      "m" : "4611686018429383596"
    }, {
      "d" : "1756452877889884797",
      "t" : 1756452877889,
      "tn" : 1756452877889884797,
      "q" : "0.029",
      "p" : "0.047747",
      "s" : "sell",
      "i" : "SOL_ETH",
      "m" : "4611686018429383595"
    }, {
      "d" : "1756452877885605836",
      "t" : 1756452877885,
      "tn" : 1756452877885605836,
      "q" : "0.057",
      "p" : "0.047747",
      "s" : "sell",
      "i" : "SOL_ETH",
      "m" : "4611686018429383594"
    }, {
      "d" : "1756452877161846445",
      "t" : 1756452877161,
      "tn" : 1756452877161846445,
      "q" : "0.251",
      "p" : "0.047747",
      "s" : "sell",
      "i" : "SOL_ETH",
      "m" : "4611686018429383593"
    }, {
      "d" : "1756452876469071378",
      "t" : 1756452876469,
      "tn" : 1756452876469071378,
      "q" : "0.487",
      "p" : "0.047747",
      "s" : "sell",
      "i" : "SOL_ETH",
      "m" : "4611686018429383592"
    }, {
      "d" : "1756452731723806585",
      "t" : 1756452731723,
      "tn" : 1756452731723806585,
      "q" : "0.002",
      "p" : "0.047747",
      "s" : "buy",
      "i" : "SOL_ETH",
      "m" : "4611686018429383591"
    }, {
      "d" : "1756452728108636268",
      "t" : 1756452728108,
      "tn" : 1756452728108636268,
      "q" : "0.008",
      "p" : "0.047747",
      "s" : "buy",
      "i" : "SOL_ETH",
      "m" : "4611686018429383590"
    }, {
      "d" : "1756452666852348668",
      "t" : 1756452666852,
      "tn" : 1756452666852348668,
      "q" : "0.008",
      "p" : "0.047654",
      "s" : "buy",
      "i" : "SOL_ETH",
      "m" : "4611686018429383589"
    }, {
      "d" : "1756452554118242725",
      "t" : 1756452554118,
      "tn" : 1756452554118242725,
      "q" : "0.008",
      "p" : "0.047649",
      "s" : "sell",
      "i" : "SOL_ETH",
      "m" : "4611686018429383588"
    }, {
      "d" : "1756452524371344757",
      "t" : 1756452524371,
      "tn" : 1756452524371344757,
      "q" : "0.001",
      "p" : "0.047603",
      "s" : "buy",
      "i" : "SOL_ETH",
      "m" : "4611686018429383587"
    }, {
      "d" : "1756452429412681559",
      "t" : 1756452429412,
      "tn" : 1756452429412681559,
      "q" : "0.010",
      "p" : "0.047503",
      "s" : "buy",
      "i" : "SOL_ETH",
      "m" : "4611686018429383586"
    }, {
      "d" : "1756452429403355225",
      "t" : 1756452429403,
      "tn" : 1756452429403355225,
      "q" : "0.015",
      "p" : "0.047503",
      "s" : "buy",
      "i" : "SOL_ETH",
      "m" : "4611686018429383585"
    }, {
      "d" : "1756452429313342641",
      "t" : 1756452429313,
      "tn" : 1756452429313342641,
      "q" : "0.058",
      "p" : "0.047501",
      "s" : "buy",
      "i" : "SOL_ETH",
      "m" : "4611686018429383584"
    }, {
      "d" : "1756452418332075856",
      "t" : 1756452418332,
      "tn" : 1756452418332075856,
      "q" : "0.007",
      "p" : "0.047499",
      "s" : "sell",
      "i" : "SOL_ETH",
      "m" : "4611686018429383583"
    }, {
      "d" : "1756452412965898353",
      "t" : 1756452412965,
      "tn" : 1756452412965898353,
      "q" : "0.029",
      "p" : "0.047499",
      "s" : "sell",
      "i" : "SOL_ETH",
      "m" : "4611686018429383582"
    }, {
      "d" : "1756452412960120961",
      "t" : 1756452412960,
      "tn" : 1756452412960120961,
      "q" : "0.147",
      "p" : "0.047499",
      "s" : "sell",
      "i" : "SOL_ETH",
      "m" : "4611686018429383581"
    }, {
      "d" : "1756452412955805961",
      "t" : 1756452412955,
      "tn" : 1756452412955805961,
      "q" : "0.058",
      "p" : "0.047499",
      "s" : "sell",
      "i" : "SOL_ETH",
      "m" : "4611686018429383580"
    }, {
      "d" : "1756452412951075687",
      "t" : 1756452412951,
      "tn" : 1756452412951075687,
      "q" : "0.058",
      "p" : "0.047499",
      "s" : "sell",
      "i" : "SOL_ETH",
      "m" : "4611686018429383579"
    }, {
      "d" : "1756452412945628471",
      "t" : 1756452412945,
      "tn" : 1756452412945628471,
      "q" : "0.058",
      "p" : "0.047499",
      "s" : "sell",
      "i" : "SOL_ETH",
      "m" : "4611686018429383578"
    }, {
      "d" : "1756452412941309423",
      "t" : 1756452412941,
      "tn" : 1756452412941309423,
      "q" : "0.058",
      "p" : "0.047499",
      "s" : "sell",
      "i" : "SOL_ETH",
      "m" : "4611686018429383577"
    }, {
      "d" : "1756452412936477657",
      "t" : 1756452412936,
      "tn" : 1756452412936477657,
      "q" : "0.058",
      "p" : "0.047499",
      "s" : "sell",
      "i" : "SOL_ETH",
      "m" : "4611686018429383576"
    }, {
      "d" : "1756452411098017252",
      "t" : 1756452411098,
      "tn" : 1756452411098017252,
      "q" : "0.019",
      "p" : "0.047499",
      "s" : "sell",
      "i" : "SOL_ETH",
      "m" : "4611686018429383575"
    }, {
      "d" : "1756452410462836687",
      "t" : 1756452410462,
      "tn" : 1756452410462836687,
      "q" : "0.019",
      "p" : "0.047499",
      "s" : "sell",
      "i" : "SOL_ETH",
      "m" : "4611686018429383574"
    }, {
      "d" : "1756452410422095852",
      "t" : 1756452410422,
      "tn" : 1756452410422095852,
      "q" : "0.243",
      "p" : "0.047499",
      "s" : "sell",
      "i" : "SOL_ETH",
      "m" : "4611686018429383573"
    }, {
      "d" : "1756452409257146741",
      "t" : 1756452409257,
      "tn" : 1756452409257146741,
      "q" : "0.033",
      "p" : "0.047499",
      "s" : "sell",
      "i" : "SOL_ETH",
      "m" : "4611686018429383572"
    }, {
      "d" : "1756452408387787927",
      "t" : 1756452408387,
      "tn" : 1756452408387787927,
      "q" : "0.068",
      "p" : "0.047499",
      "s" : "sell",
      "i" : "SOL_ETH",
      "m" : "4611686018429383571"
    }, {
      "d" : "1756452406399358118",
      "t" : 1756452406399,
      "tn" : 1756452406399358118,
      "q" : "0.101",
      "p" : "0.047499",
      "s" : "sell",
      "i" : "SOL_ETH",
      "m" : "4611686018429383570"
    }, {
      "d" : "1756452406399356086",
      "t" : 1756452406399,
      "tn" : 1756452406399356086,
      "q" : "0.006",
      "p" : "0.047500",
      "s" : "sell",
      "i" : "SOL_ETH",
      "m" : "4611686018429383569"
    }, {
      "d" : "1756452405204408648",
      "t" : 1756452405204,
      "tn" : 1756452405204408648,
      "q" : "0.006",
      "p" : "0.047508",
      "s" : "sell",
      "i" : "SOL_ETH",
      "m" : "4611686018429383568"
    }, {
      "d" : "1756452336478955839",
      "t" : 1756452336478,
      "tn" : 1756452336478955839,
      "q" : "0.006",
      "p" : "0.047606",
      "s" : "sell",
      "i" : "SOL_ETH",
      "m" : "4611686018429383567"
    }, {
      "d" : "1756452330811575075",
      "t" : 1756452330811,
      "tn" : 1756452330811575075,
      "q" : "0.022",
      "p" : "0.047606",
      "s" : "sell",
      "i" : "SOL_ETH",
      "m" : "4611686018429383566"
    }, {
      "d" : "1756452330797063338",
      "t" : 1756452330797,
      "tn" : 1756452330797063338,
      "q" : "0.029",
      "p" : "0.047606",
      "s" : "sell",
      "i" : "SOL_ETH",
      "m" : "4611686018429383565"
    }, {
      "d" : "1756452301640127943",
      "t" : 1756452301640,
      "tn" : 1756452301640127943,
      "q" : "0.008",
      "p" : "0.047597",
      "s" : "sell",
      "i" : "SOL_ETH",
      "m" : "4611686018429383564"
    }, {
      "d" : "1756452301075491379",
      "t" : 1756452301075,
      "tn" : 1756452301075491379,
      "q" : "0.150",
      "p" : "0.047597",
      "s" : "sell",
      "i" : "SOL_ETH",
      "m" : "4611686018429383563"
    }, {
      "d" : "1756452297326739558",
      "t" : 1756452297326,
      "tn" : 1756452297326739558,
      "q" : "0.006",
      "p" : "0.047597",
      "s" : "buy",
      "i" : "SOL_ETH",
      "m" : "4611686018429383562"
    }, {
      "d" : "1756452283753983742",
      "t" : 1756452283753,
      "tn" : 1756452283753983742,
      "q" : "0.075",
      "p" : "0.047621",
      "s" : "sell",
      "i" : "SOL_ETH",
      "m" : "4611686018429383561"
    }, {
      "d" : "1756452282489953886",
      "t" : 1756452282489,
      "tn" : 1756452282489953886,
      "q" : "0.010",
      "p" : "0.047620",
      "s" : "sell",
      "i" : "SOL_ETH",
      "m" : "4611686018429383560"
    }, {
      "d" : "1756452260525649540",
      "t" : 1756452260525,
      "tn" : 1756452260525649540,
      "q" : "0.190",
      "p" : "0.047621",
      "s" : "sell",
      "i" : "SOL_ETH",
      "m" : "4611686018429383559"
    }, {
      "d" : "1756452259963367732",
      "t" : 1756452259963,
      "tn" : 1756452259963367732,
      "q" : "0.385",
      "p" : "0.047621",
      "s" : "sell",
      "i" : "SOL_ETH",
      "m" : "4611686018429383558"
    }, {
      "d" : "1756452252587843917",
      "t" : 1756452252587,
      "tn" : 1756452252587843917,
      "q" : "0.488",
      "p" : "0.047798",
      "s" : "buy",
      "i" : "SOL_ETH",
      "m" : "4611686018429383557"
    }, {
      "d" : "1756452252587842400",
      "t" : 1756452252587,
      "tn" : 1756452252587842400,
      "q" : "0.006",
      "p" : "0.047632",
      "s" : "buy",
      "i" : "SOL_ETH",
      "m" : "4611686018429383556"
    }, {
      "d" : "1756452166937550175",
      "t" : 1756452166937,
      "tn" : 1756452166937550175,
      "q" : "0.010",
      "p" : "0.047674",
      "s" : "sell",
      "i" : "SOL_ETH",
      "m" : "4611686018429383555"
    }, {
      "d" : "1756452135211254929",
      "t" : 1756452135211,
      "tn" : 1756452135211254929,
      "q" : "0.379",
      "p" : "0.047621",
      "s" : "sell",
      "i" : "SOL_ETH",
      "m" : "4611686018429383554"
    }, {
      "d" : "1756452134242683062",
      "t" : 1756452134242,
      "tn" : 1756452134242683062,
      "q" : "0.010",
      "p" : "0.047660",
      "s" : "sell",
      "i" : "SOL_ETH",
      "m" : "4611686018429383553"
    }, {
      "d" : "1756452028055264099",
      "t" : 1756452028055,
      "tn" : 1756452028055264099,
      "q" : "0.006",
      "p" : "0.047725",
      "s" : "sell",
      "i" : "SOL_ETH",
      "m" : "4611686018429383552"
    } ]
  }
}