{
  "id" : -1,
  "method" : "public/get-trades",
  "code" : 0,
  "result" : {
    "data" : [ {
      "d" : "1756462496210870129",
      "t" : 1756462496210,
      "tn" : 1756462496210870129,
      "q" : "1.408",
      "p" : "208.21",
      "s" : "sell",
      "i" : "SOL_USDT",
      "m" : "4611686018486817127"
    }, {
      "d" : "1756462496210868656",
      "t" : 1756462496210,
      "tn" : 1756462496210868656,
      "q" : "1.590",
      "p" : "208.22",
      "s" : "sell",
      "i" : "SOL_USDT",
      "m" : "4611686018486817126"
    }, {
      "d" : "1756462495181848738",
      "t" : 1756462495181,
      "tn" : 1756462495181848738,
      "q" : "0.470",
      "p" : "208.26",
      "s" : "sell",
      "i" : "SOL_USDT",
      "m" : "4611686018486817125"
    }, {
      "d" : "1756462494790584715",
      "t" : 1756462494790,
      "tn" : 1756462494790584715,
      "q" : "0.052",
      "p" : "208.23",
      "s" : "buy",
      "i" : "SOL_USDT",
      "m" : "4611686018486817124"
    }, {
      "d" : "1756462494785377698",
      "t" : 1756462494785,
      "tn" : 1756462494785377698,
      "q" : "2.941",
      "p" : "208.24",
      "s" : "buy",
      "i" : "SOL_USDT",
      "m" : "4611686018486817123"
    }, {
      "d" : "1756462494785375964",
      "t" : 1756462494785,
      "tn" : 1756462494785375963,
      "q" : "0.006",
      "p" : "208.22",
      "s" : "buy",
      "i" : "SOL_USDT",
      "m" : "4611686018486817122"
    }, {
      "d" : "1756462494785375963",
      "t" : 1756462494785,
      "tn" : 1756462494785375963,
      "q" : "0.052",
      "p" : "208.22",
      "s" : "buy",
      "i" : "SOL_USDT",
      "m" : "4611686018486817122"
    }, {
      "d" : "1756462494779068079",
      "t" : 1756462494779,
      "tn" : 1756462494779068079,
      "q" : "0.530",
      "p" : "208.20",
      "s" : "buy",
      "i" : "SOL_USDT",
      "m" : "4611686018486817121"
    }, {
      "d" : "1756462492521023446",
      "t" : 1756462492521,
      "tn" : 1756462492521023446,
      "q" : "2.940",
      "p" : "208.21",
      "s" : "sell",
      "i" : "SOL_USDT",
      "m" : "4611686018486817120"
    }, {
      "d" : "1756462491795485808",
      "t" : 1756462491795,
      "tn" : 1756462491795485807,
      "q" : "0.596",
      "p" : "208.20",
      "s" : "buy",
      "i" : "SOL_USDT",
      "m" : "4611686018486817119"
    }, {
      "d" : "1756462491795485807",
      "t" : 1756462491795,
      "tn" : 1756462491795485807,
      "q" : "8.000",
      "p" : "208.20",
      "s" : "buy",
      "i" : "SOL_USDT",
      "m" : "4611686018486817119"
    }, {
      "d" : "1756462488095302065",
      "t" : 1756462488095,
      "tn" : 1756462488095302065,
      "q" : "0.019",
      "p" : "208.23",
      "s" : "sell",
      "i" : "SOL_USDT",
      "m" : "4611686018486817118"
    }, {
      "d" : "1756462485332831088",
      "t" : 1756462485332,
      "tn" : 1756462485332831088,
      "q" : "3.000",
      "p" : "208.26",
      "s" : "sell",
      "i" : "SOL_USDT",
      "m" : "4611686018486817117"
    }, {
      "d" : "1756462485332829180",
      "t" : 1756462485332,
      "tn" : 1756462485332829180,
      "q" : "0.020",
      "p" : "208.27",
      "s" : "sell",
      "i" : "SOL_USDT",
      "m" : "4611686018486817116"
    }, {
      "d" : "1756462479651584636",
      "t" : 1756462479651,
      "tn" : 1756462479651584636,
      "q" : "5.000",
      "p" : "208.29",
      "s" : "buy",
      "i" : "SOL_USDT",
      "m" : "4611686018486817115"
    }, {
      "d" : "1756462478779193440",
      "t" : 1756462478779,
      "tn" : 1756462478779193440,
      "q" : "3.267",
      "p" : "208.33",
      "s" : "sell",
      "i" : "SOL_USDT",
      "m" : "4611686018486817114"
    }, {
      "d" : "1756462478778961772",
      "t" : 1756462478778,
      "tn" : 1756462478778961772,
      "q" : "4.733",
      "p" : "208.33",
      "s" : "sell",
      "i" : "SOL_USDT",
      "m" : "4611686018486817113"
    }, {
      "d" : "1756462478546003568",
      "t" : 1756462478546,
      "tn" : 1756462478546003568,
      "q" : "0.050",
      "p" : "208.32",
      "s" : "buy",
      "i" : "SOL_USDT",
      "m" : "4611686018486817112"
    }, {
      "d" : "1756462476103236395",
      "t" : 1756462476103,
      "tn" : 1756462476103236394,
      "q" : "0.052",
      "p" : "208.31",
      "s" : "buy",
      "i" : "SOL_USDT",
      "m" : "4611686018486817111"
    }, {
      "d" : "1756462476103236394",
      "t" : 1756462476103,
      "tn" : 1756462476103236394,
      "q" : "0.006",
      "p" : "208.31",
      "s" : "buy",
      "i" : "SOL_USDT",
      "m" : "4611686018486817111"
    }, {
      "d" : "1756462476043326778",
      "t" : 1756462476043,
      "tn" : 1756462476043326777,
      "q" : "0.052",
      "p" : "208.30",
      "s" : "buy",
      "i" : "SOL_USDT",
      "m" : "4611686018486817110"
    }, {
      "d" : "1756462476043326777",
      "t" : 1756462476043,
      "tn" : 1756462476043326777,
      "q" : "1.144",
      "p" : "208.30",
      "s" : "buy",
      "i" : "SOL_USDT",
      "m" : "4611686018486817110"
    }, {
      "d" : "1756462476030562217",
      "t" : 1756462476030,
      "tn" : 1756462476030562216,
      "q" : "2.011",
      "p" : "208.30",
      "s" : "buy",
      "i" : "SOL_USDT",
      "m" : "4611686018486817109"
    }, {
      "d" : "1756462476030562216",
      "t" : 1756462476030,
      "tn" : 1756462476030562216,
      "q" : "0.052",
      "p" : "208.30",
      "s" : "buy",
      "i" : "SOL_USDT",
      "m" : "4611686018486817109"
    }, {
      "d" : "1756462471788479942",
      "t" : 1756462471788,
      "tn" : 1756462471788479941,
      "q" : "1.366",
      "p" : "208.29",
      "s" : "buy",
      "i" : "SOL_USDT",
      "m" : "4611686018486817108"
    }, {
      "d" : "1756462471788479941",
      "t" : 1756462471788,
      "tn" : 1756462471788479941,
      "q" : "0.052",
      "p" : "208.29",
      "s" : "buy",
      "i" : "SOL_USDT",
      "m" : "4611686018486817108"
    }, {
      "d" : "1756462469376567691",
      "t" : 1756462469376,
      "tn" : 1756462469376567691,
      "q" : "4.160",
      "p" : "208.30",
      "s" : "buy",
      "i" : "SOL_USDT",
      "m" : "4611686018486817107"
    }, {
      "d" : "1756462469376168191",
      "t" : 1756462469376,
      "tn" : 1756462469376168191,
      "q" : "2.386",
      "p" : "208.30",
      "s" : "buy",
      "i" : "SOL_USDT",
      "m" : "4611686018486817106"
    }, {
      "d" : "1756462469376166733",
      "t" : 1756462469376,
      "tn" : 1756462469376166733,
      "q" : "0.050",
      "p" : "208.29",
      "s" : "buy",
      "i" : "SOL_USDT",
      "m" : "4611686018486817105"
    }, {
      "d" : "1756462469376164864",
      "t" : 1756462469376,
      "tn" : 1756462469376164864,
      "q" : "0.874",
      "p" : "208.28",
      "s" : "buy",
      "i" : "SOL_USDT",
      "m" : "4611686018486817104"
    }, {
      "d" : "1756462469376113144",
      "t" : 1756462469376,
      "tn" : 1756462469376113144,
      "q" : "0.087",
      "p" : "208.28",
      "s" : "buy",
      "i" : "SOL_USDT",
      "m" : "4611686018486817103"
    }, {
      "d" : "1756462469376111739",
      "t" : 1756462469376,
      "tn" : 1756462469376111739,
      "q" : "0.500",
      "p" : "208.27",
      "s" : "buy",
      "i" : "SOL_USDT",
      "m" : "4611686018486817102"
    }, {
      "d" : "1756462469376110035",
      "t" : 1756462469376,
      "tn" : 1756462469376110035,
      "q" : "1.922",
      "p" : "208.26",
      "s" : "buy",
      "i" : "SOL_USDT",
      "m" : "4611686018486817101"
    }, {
      "d" : "1756462469375183937",
      "t" : 1756462469375,
      "tn" : 1756462469375183936,
      "q" : "0.006",
      "p" : "208.24",
      "s" : "buy",
      "i" : "SOL_USDT",
      "m" : "4611686018486817100"
    }, {
      "d" : "1756462469375183936",
      "t" : 1756462469375,
      "tn" : 1756462469375183936,
      "q" : "3.000",
      "p" : "208.24",
      "s" : "buy",
      "i" : "SOL_USDT",
      "m" : "4611686018486817100"
    }, {
      "d" : "1756462469375101488",
      "t" : 1756462469375,
      "tn" : 1756462469375101488,
      "q" : "0.384",
      "p" : "208.23",
      "s" : "buy",
      "i" : "SOL_USDT",
      "m" : "4611686018486817099"
    }, {
      "d" : "1756462466456515825",
      "t" : 1756462466456,
      "tn" : 1756462466456515825,
      "q" : "0.235",
      "p" : "208.20",
      "s" : "buy",
      "i" : "SOL_USDT",
      "m" : "4611686018486817098"
    }, {
      "d" : "1756462463240728786",
      "t" : 1756462463240,
      "tn" : 1756462463240728786,
      "q" : "0.536",
      "p" : "208.20",
      "s" : "buy",
      "i" : "SOL_USDT",
      "m" : "4611686018486817097"
    }, {
      "d" : "1756462459705452399",
      "t" : 1756462459705,
      "tn" : 1756462459705452399,
      "q" : "0.966",
      "p" : "208.17",
      "s" : "buy",
      "i" : "SOL_USDT",
      "m" : "4611686018486817096"
    }, {
      "d" : "1756462456475777746",
      "t" : 1756462456475,
      "tn" : 1756462456475777746,
      "q" : "0.010",
      "p" : "208.20",
      "s" : "sell",
      "i" : "SOL_USDT",
      "m" : "4611686018486817095"
    }, {
      "d" : "1756462455718896745",
      "t" : 1756462455718,
      "tn" : 1756462455718896744,
      "q" : "0.052",
      "p" : "208.23",
      "s" : "sell",
      "i" : "SOL_USDT",
      "m" : "4611686018486817094"
    }, {
      "d" : "1756462455718896744",
      "t" : 1756462455718,
      "tn" : 1756462455718896744,
      "q" : "0.010",
      "p" : "208.23",
      "s" : "sell",
      "i" : "SOL_USDT",
      "m" : "4611686018486817094"
    }, {
      "d" : "1756462454255718652",
      "t" : 1756462454255,
      "tn" : 1756462454255718652,
      "q" : "5.261",
      "p" : "208.29",
      "s" : "sell",
      "i" : "SOL_USDT",
      "m" : "4611686018486817093"
    }, {
      "d" : "1756462449313552064",
      "t" : 1756462449313,
      "tn" : 1756462449313552064,
      "q" : "1.729",
      "p" : "208.29",
      "s" : "sell",
      "i" : "SOL_USDT",
      "m" : "4611686018486817092"
    }, {
      "d" : "1756462447273018212",
      "t" : 1756462447273,
      "tn" : 1756462447273018212,
      "q" : "1.260",
      "p" : "208.33",
      "s" : "buy",
      "i" : "SOL_USDT",
      "m" : "4611686018486817091"
    }, {
      "d" : "1756462447273016047",
      "t" : 1756462447273,
      "tn" : 1756462447273016047,
      "q" : "0.200",
      "p" : "208.32",
      "s" : "buy",
      "i" : "SOL_USDT",
      "m" : "4611686018486817090"
    }, {
      "d" : "1756462447273013770",
      "t" : 1756462447273,
      "tn" : 1756462447273013769,
      "q" : "0.052",
      "p" : "208.29",
      "s" : "buy",
      "i" : "SOL_USDT",
      "m" : "4611686018486817089"
    }, {
      "d" : "1756462447273013769",
      "t" : 1756462447273,
      "tn" : 1756462447273013769,
      "q" : "0.006",
      "p" : "208.29",
      "s" : "buy",
      "i" : "SOL_USDT",
      "m" : "4611686018486817089"
    }, {
      "d" : "1756462446785764478",
      "t" : 1756462446785,
      "tn" : 1756462446785764478,
      "q" : "0.001",
      "p" : "208.26",
      "s" : "buy",
      "i" : "SOL_USDT",
      "m" : "4611686018486817088"
    }, {
      "d" : "1756462446785761017",
      "t" : 1756462446785,
      "tn" : 1756462446785761016,
      "q" : "0.005",
      "p" : "208.26",
      "s" : "buy",
      "i" : "SOL_USDT",
      "m" : "4611686018486817087"
    }, {
      "d" : "1756462446785758706",
      "t" : 1756462446785,
      "tn" : 1756462446785758706,
      "q" : "0.001",
      "p" : "208.24",
      "s" : "buy",
      "i" : "SOL_USDT",
      "m" : "4611686018486817086"
    }, {
      "d" : "1756462446784888194",
      "t" : 1756462446784,
      "tn" : 1756462446784888194,
      "q" : "0.960",
      "p" : "208.24",
      "s" : "buy",
      "i" : "SOL_USDT",
      "m" : "4611686018486817085"
    }, {
      "d" : "1756462444629193392",
      "t" : 1756462444629,
      "tn" : 1756462444629193392,
      "q" : "1.318",
      "p" : "208.24",
      "s" : "buy",
      "i" : "SOL_USDT",
      "m" : "4611686018486817084"
    }, {
      "d" : "1756462444625111366",
      "t" : 1756462444625,
      "tn" : 1756462444625111366,
      "q" : "2.000",
      "p" : "208.24",
      "s" : "buy",
      "i" : "SOL_USDT",
      "m" : "4611686018486817083"
    }, {
      "d" : "1756462442706774888",
      "t" : 1756462442706,
      "tn" : 1756462442706774888,
      "q" : "2.441",
      "p" : "208.27",
      "s" : "sell",
      "i" : "SOL_USDT",
      "m" : "4611686018486817082"
    }, {
      "d" : "1756462441130579545",
      "t" : 1756462441130,
      "tn" : 1756462441130579545,
      "q" : "0.052",
      "p" : "208.32",
      "s" : "sell",
      "i" : "SOL_USDT",
      "m" : "4611686018486817081"
    }, {
      "d" : "1756462441109961799",
      "t" : 1756462441109,
      "tn" : 1756462441109961799,
      "q" : "0.052",
      "p" : "208.32",
      "s" : "sell",
      "i" : "SOL_USDT",
      "m" : "4611686018486817080"
    }, {
      "d" : "1756462441081020600",
      "t" : 1756462441081,
      "tn" : 1756462441081020599,
      "q" : "0.767",
      "p" : "208.32",
      "s" : "sell",
      "i" : "SOL_USDT",
      "m" : "4611686018486817079"
    }, {
      "d" : "1756462441081020599",
      "t" : 1756462441081,
      "tn" : 1756462441081020599,
      "q" : "0.010",
      "p" : "208.32",
      "s" : "sell",
      "i" : "SOL_USDT",
      "m" : "4611686018486817079"
    }, {
      "d" : "1756462441081018104",
      "t" : 1756462441081,
      "tn" : 1756462441081018104,
      "q" : "9.151",
      "p" : "208.33",
      "s" : "sell",
      "i" : "SOL_USDT",
      "m" : "4611686018486817078"
    }, {
      "d" : "1756462441081015408",
      "t" : 1756462441081,
      "tn" : 1756462441081015408,
      "q" : "0.052",
      "p" : "208.34",
      "s" : "sell",
      "i" : "SOL_USDT",
      "m" : "4611686018486817077"
    }, {
      "d" : "1756462441078358691",
      "t" : 1756462441078,
      "tn" : 1756462441078358690,
      "q" : "8.000",
      "p" : "208.35",
      "s" : "sell",
      "i" : "SOL_USDT",
      "m" : "4611686018486817076"
    }, {
      "d" : "1756462441078358690",
      "t" : 1756462441078,
      "tn" : 1756462441078358690,
      "q" : "1.199",
      "p" : "208.35",
      "s" : "sell",
      "i" : "SOL_USDT",
      "m" : "4611686018486817076"
    }, {
      "d" : "1756462439495340854",
      "t" : 1756462439495,
      "tn" : 1756462439495340853,
      "q" : "1.300",
      "p" : "208.36",
      "s" : "buy",
      "i" : "SOL_USDT",
      "m" : "4611686018486817075"
    }, {
      "d" : "1756462439495340853",
      "t" : 1756462439495,
      "tn" : 1756462439495340853,
      "q" : "8.000",
      "p" : "208.36",
      "s" : "buy",
      "i" : "SOL_USDT",
      "m" : "4611686018486817075"
    }, {
      "d" : "1756462432114738986",
      "t" : 1756462432114,
      "tn" : 1756462432114738986,
      "q" : "0.052",
      "p" : "208.37",
      "s" : "sell",
      "i" : "SOL_USDT",
      "m" : "4611686018486817074"
    }, {
      "d" : "1756462432075379550",
      "t" : 1756462432075,
      "tn" : 1756462432075379550,
      "q" : "0.052",
      "p" : "208.38",
      "s" : "sell",
      "i" : "SOL_USDT",
      "m" : "4611686018486817073"
    }, {
      "d" : "1756462431923615817",
      "t" : 1756462431923,
      "tn" : 1756462431923615817,
      "q" : "0.200",
      "p" : "208.36",
      "s" : "sell",
      "i" : "SOL_USDT",
      "m" : "4611686018486817072"
    }, {
      "d" : "1756462431923612848",
      "t" : 1756462431923,
      "tn" : 1756462431923612848,
      "q" : "0.270",
      "p" : "208.37",
      "s" : "sell",
      "i" : "SOL_USDT",
      "m" : "4611686018486817071"
    }, {
      "d" : "1756462431917070651",
      "t" : 1756462431917,
      "tn" : 1756462431917070649,
      "q" : "0.397",
      "p" : "208.38",
      "s" : "sell",
      "i" : "SOL_USDT",
      "m" : "4611686018486817070"
    }, {
      "d" : "1756462431917070650",
      "t" : 1756462431917,
      "tn" : 1756462431917070649,
      "q" : "0.010",
      "p" : "208.38",
      "s" : "sell",
      "i" : "SOL_USDT",
      "m" : "4611686018486817070"
    }, {
      "d" : "1756462431917070649",
      "t" : 1756462431917,
      "tn" : 1756462431917070649,
      "q" : "9.593",
      "p" : "208.38",
      "s" : "sell",
      "i" : "SOL_USDT",
      "m" : "4611686018486817070"
    }, {
      "d" : "1756462431915742373",
      "t" : 1756462431915,
      "tn" : 1756462431915742373,
      "q" : "9.148",
      "p" : "208.41",
      "s" : "sell",
      "i" : "SOL_USDT",
      "m" : "4611686018486817069"
    }, {
      "d" : "1756462430541297930",
      "t" : 1756462430541,
      "tn" : 1756462430541297930,
      "q" : "1.199",
      "p" : "208.45",
      "s" : "sell",
      "i" : "SOL_USDT",
      "m" : "4611686018486817068"
    }, {
      "d" : "1756462430186545494",
      "t" : 1756462430186,
      "tn" : 1756462430186545493,
      "q" : "0.052",
      "p" : "208.47",
      "s" : "sell",
      "i" : "SOL_USDT",
      "m" : "4611686018486817067"
    }, {
      "d" : "1756462430186545493",
      "t" : 1756462430186,
      "tn" : 1756462430186545493,
      "q" : "0.052",
      "p" : "208.47",
      "s" : "sell",
      "i" : "SOL_USDT",
      "m" : "4611686018486817067"
    }, {
      "d" : "1756462430177525114",
      "t" : 1756462430177,
      "tn" : 1756462430177525113,
      "q" : "0.052",
      "p" : "208.49",
      "s" : "sell",
      "i" : "SOL_USDT",
      "m" : "4611686018486817066"
    }, {
      "d" : "1756462430177525113",
      "t" : 1756462430177,
      "tn" : 1756462430177525113,
      "q" : "0.010",
      "p" : "208.49",
      "s" : "sell",
      "i" : "SOL_USDT",
      "m" : "4611686018486817066"
    }, {
      "d" : "1756462425734654725",
      "t" : 1756462425734,
      "tn" : 1756462425734654724,
      "q" : "3.495",
      "p" : "208.53",
      "s" : "sell",
      "i" : "SOL_USDT",
      "m" : "4611686018486817065"
    }, {
      "d" : "1756462425734654724",
      "t" : 1756462425734,
      "tn" : 1756462425734654724,
      "q" : "6.485",
      "p" : "208.53",
      "s" : "sell",
      "i" : "SOL_USDT",
      "m" : "4611686018486817065"
    }, {
      "d" : "1756462425734651564",
      "t" : 1756462425734,
      "tn" : 1756462425734651564,
      "q" : "0.010",
      "p" : "208.54",
      "s" : "sell",
      "i" : "SOL_USDT",
      "m" : "4611686018486817064"
    }, {
      "d" : "1756462425734649953",
      "t" : 1756462425734,
      "tn" : 1756462425734649953,
      "q" : "0.010",
      "p" : "208.56",
      "s" : "sell",
      "i" : "SOL_USDT",
      "m" : "4611686018486817063"
    }, {
      "d" : "1756462425733627753",
      "t" : 1756462425733,
      "tn" : 1756462425733627752,
      "q" : "9.147",
      "p" : "208.57",
      "s" : "sell",
      "i" : "SOL_USDT",
      "m" : "4611686018486817062"
    }, {
      "d" : "1756462425733627752",
      "t" : 1756462425733,
      "tn" : 1756462425733627752,
      "q" : "0.052",
      "p" : "208.57",
      "s" : "sell",
      "i" : "SOL_USDT",
      "m" : "4611686018486817062"
    }, {
      "d" : "1756462416879524781",
      "t" : 1756462416879,
      "tn" : 1756462416879524780,
      "q" : "6.998",
      "p" : "208.60",
      "s" : "sell",
      "i" : "SOL_USDT",
      "m" : "4611686018486817061"
    }, {
      "d" : "1756462416879524780",
      "t" : 1756462416879,
      "tn" : 1756462416879524780,
      "q" : "3.000",
      "p" : "208.60",
      "s" : "sell",
      "i" : "SOL_USDT",
      "m" : "4611686018486817061"
    }, {
      "d" : "1756462416878108801",
      "t" : 1756462416878,
      "tn" : 1756462416878108801,
      "q" : "82.950",
      "p" : "208.61",
      "s" : "sell",
      "i" : "SOL_USDT",
      "m" : "4611686018486817060"
    }, {
      "d" : "1756462416867434806",
      "t" : 1756462416867,
      "tn" : 1756462416867434806,
      "q" : "2.333",
      "p" : "208.61",
      "s" : "sell",
      "i" : "SOL_USDT",
      "m" : "4611686018486817059"
    }, {
      "d" : "1756462416864362856",
      "t" : 1756462416864,
      "tn" : 1756462416864362856,
      "q" : "0.260",
      "p" : "208.61",
      "s" : "sell",
      "i" : "SOL_USDT",
      "m" : "4611686018486817058"
    }, {
      "d" : "1756462416862054113",
      "t" : 1756462416862,
      "tn" : 1756462416862054113,
      "q" : "12.221",
      "p" : "208.61",
      "s" : "sell",
      "i" : "SOL_USDT",
      "m" : "4611686018486817057"
    }, {
      "d" : "1756462416859408113",
      "t" : 1756462416859,
      "tn" : 1756462416859408113,
      "q" : "13.910",
      "p" : "208.61",
      "s" : "sell",
      "i" : "SOL_USDT",
      "m" : "4611686018486817056"
    }, {
      "d" : "1756462416859322780",
      "t" : 1756462416859,
      "tn" : 1756462416859322780,
      "q" : "14.460",
      "p" : "208.61",
      "s" : "sell",
      "i" : "SOL_USDT",
      "m" : "4611686018486817055"
    }, {
      "d" : "1756462415587850296",
      "t" : 1756462415587,
      "tn" : 1756462415587850296,
      "q" : "0.006",
      "p" : "208.64",
      "s" : "sell",
      "i" : "SOL_USDT",
      "m" : "4611686018486817054"
    }, {
      "d" : "1756462414106953710",
      "t" : 1756462414106,
      "tn" : 1756462414106953710,
      "q" : "0.006",
      "p" : "208.68",
      "s" : "sell",
      "i" : "SOL_USDT",
      "m" : "4611686018486817053"
    }, {
      "d" : "1756462410511636079",
      "t" : 1756462410511,
      "tn" : 1756462410511636079,
      "q" : "0.601",
      "p" : "208.70",
      "s" : "sell",
      "i" : "SOL_USDT",
      "m" : "4611686018486817052"
    }, {
      "d" : "1756462408388297640",
      "t" : 1756462408388,
      "tn" : 1756462408388297640,
      "q" : "0.006",
      "p" : "208.71",
      "s" : "sell",
      "i" : "SOL_USDT",
      "m" : "4611686018486817051"
    }, {
      "d" : "1756462405889716236",
      "t" : 1756462405889,
      "tn" : 1756462405889716236,
      "q" : "0.049",
      "p" : "208.71",
      "s" : "buy",
      "i" : "SOL_USDT",
      "m" : "4611686018486817050"
    }, {
      "d" : "1756462405694807266",
      "t" : 1756462405694,
      "tn" : 1756462405694807266,
      "q" : "0.050",
      "p" : "208.68",
      "s" : "buy",
      "i" : "SOL_USDT",
      "m" : "4611686018486817049"
    }, {
      "d" : "1756462405654678897",
      "t" : 1756462405654,
      "tn" : 1756462405654678895,
      "q" : "0.001",
      "p" : "208.68",
      "s" : "buy",
      "i" : "SOL_USDT",
      "m" : "4611686018486817048"
    }, {
      "d" : "1756462405654678896",
      "t" : 1756462405654,
      "tn" : 1756462405654678895,
      "q" : "0.010",
      "p" : "208.68",
      "s" : "buy",
      "i" : "SOL_USDT",
      "m" : "4611686018486817048"
    }, {
      "d" : "1756462405654678895",
      "t" : 1756462405654,
      "tn" : 1756462405654678895,
      "q" : "0.039",
      "p" : "208.68",
      "s" : "buy",
      "i" : "SOL_USDT",
      "m" : "4611686018486817048"
    }, {
      "d" : "1756462405654604555",
      "t" : 1756462405654,
      "tn" : 1756462405654604555,
      "q" : "1.638",
      "p" : "208.68",
      "s" : "buy",
      "i" : "SOL_USDT",
      "m" : "4611686018486817047"
    }, {
      "d" : "1756462405654603964",
      "t" : 1756462405654,
      "tn" : 1756462405654603964,
      "q" : "0.002",
      "p" : "208.67",
      "s" : "buy",
      "i" : "SOL_USDT",
      "m" : "4611686018486817046"
    }, {
      "d" : "1756462405653774382",
      "t" : 1756462405653,
      "tn" : 1756462405653774382,
      "q" : "0.050",
      "p" : "208.67",
      "s" : "buy",
      "i" : "SOL_USDT",
      "m" : "4611686018486817045"
    }, {
      "d" : "1756462405586624059",
      "t" : 1756462405586,
      "tn" : 1756462405586624059,
      "q" : "4.249",
      "p" : "208.65",
      "s" : "buy",
      "i" : "SOL_USDT",
      "m" : "4611686018486817044"
    }, {
      "d" : "1756462405586428558",
      "t" : 1756462405586,
      "tn" : 1756462405586428558,
      "q" : "2.450",
      "p" : "208.65",
      "s" : "buy",
      "i" : "SOL_USDT",
      "m" : "4611686018486817043"
    }, {
      "d" : "1756462404627122751",
      "t" : 1756462404627,
      "tn" : 1756462404627122751,
      "q" : "8.000",
      "p" : "208.63",
      "s" : "buy",
      "i" : "SOL_USDT",
      "m" : "4611686018486817042"
    }, {
      "d" : "1756462401577257926",
      "t" : 1756462401577,
      "tn" : 1756462401577257926,
      "q" : "0.470",
      "p" : "208.64",
      "s" : "sell",
      "i" : "SOL_USDT",
      "m" : "4611686018486817041"
    }, {
      "d" : "1756462401575840149",
      "t" : 1756462401575,
      "tn" : 1756462401575840149,
      "q" : "0.050",
      "p" : "208.65",
      "s" : "sell",
      "i" : "SOL_USDT",
      "m" : "4611686018486817040"
    }, {
      "d" : "1756462401575787255",
      "t" : 1756462401575,
      "tn" : 1756462401575787255,
      "q" : "8.000",
      "p" : "208.66",
      "s" : "sell",
      "i" : "SOL_USDT",
      "m" : "4611686018486817039"
    }, {
      "d" : "1756462401575784852",
      "t" : 1756462401575,
      "tn" : 1756462401575784852,
      "q" : "0.006",
      "p" : "208.67",
      "s" : "sell",
      "i" : "SOL_USDT",
      "m" : "4611686018486817038"
    }, {
      "d" : "1756462397440151172",
      "t" : 1756462397440,
      "tn" : 1756462397440151172,
      "q" : "0.006",
      "p" : "208.72",
      "s" : "sell",
      "i" : "SOL_USDT",
      "m" : "4611686018486817037"
    }, {
      "d" : "1756462396404323399",
      "t" : 1756462396404,
      "tn" : 1756462396404323399,
      "q" : "0.050",
      "p" : "208.69",
      "s" : "buy",
      "i" : "SOL_USDT",
      "m" : "4611686018486817036"
    }, {
      "d" : "1756462393331394984",
      "t" : 1756462393331,
      "tn" : 1756462393331394984,
      "q" : "0.052",
      "p" : "208.65",
      "s" : "buy",
      "i" : "SOL_USDT",
      "m" : "4611686018486817035"
    }, {
      "d" : "1756462393329939417",
      "t" : 1756462393329,
      "tn" : 1756462393329939417,
      "q" : "0.052",
      "p" : "208.64",
      "s" : "buy",
      "i" : "SOL_USDT",
      "m" : "4611686018486817034"
    }, {
      "d" : "1756462393088613462",
      "t" : 1756462393088,
      "tn" : 1756462393088613461,
      "q" : "0.006",
      "p" : "208.66",
      "s" : "sell",
      "i" : "SOL_USDT",
      "m" : "4611686018486817033"
    }, {
      "d" : "1756462393088613461",
      "t" : 1756462393088,
      "tn" : 1756462393088613461,
      "q" : "0.584",
      "p" : "208.66",
      "s" : "sell",
      "i" : "SOL_USDT",
      "m" : "4611686018486817033"
    }, {
      "d" : "1756462393087159909",
      "t" : 1756462393087,
      "tn" : 1756462393087159909,
      "q" : "0.470",
      "p" : "208.66",
      "s" : "sell",
      "i" : "SOL_USDT",
      "m" : "4611686018486817032"
    }, {
      "d" : "1756462391613027481",
      "t" : 1756462391613,
      "tn" : 1756462391613027481,
      "q" : "0.052",
      "p" : "208.70",
      "s" : "sell",
      "i" : "SOL_USDT",
      "m" : "4611686018486817031"
    }, {
      "d" : "1756462391613025576",
      "t" : 1756462391613,
      "tn" : 1756462391613025576,
      "q" : "0.006",
      "p" : "208.71",
      "s" : "sell",
      "i" : "SOL_USDT",
      "m" : "4611686018486817030"
    }, {
      "d" : "1756462391192478304",
      "t" : 1756462391192,
      "tn" : 1756462391192478304,
      "q" : "2.032",
      "p" : "208.74",
      "s" : "sell",
      "i" : "SOL_USDT",
      "m" : "4611686018486817029"
    }, {
      "d" : "1756462389377532578",
      "t" : 1756462389377,
      "tn" : 1756462389377532578,
      "q" : "0.006",
      "p" : "208.75",
      "s" : "sell",
      "i" : "SOL_USDT",
      "m" : "4611686018486817028"
    }, {
      "d" : "1756462389354247435",
      "t" : 1756462389354,
      "tn" : 1756462389354247434,
      "q" : "0.533",
      "p" : "208.76",
      "s" : "buy",
      "i" : "SOL_USDT",
      "m" : "4611686018486817027"
    }, {
      "d" : "1756462389354247434",
      "t" : 1756462389354,
      "tn" : 1756462389354247434,
      "q" : "0.601",
      "p" : "208.76",
      "s" : "buy",
      "i" : "SOL_USDT",
      "m" : "4611686018486817027"
    }, {
      "d" : "1756462389348863566",
      "t" : 1756462389348,
      "tn" : 1756462389348863566,
      "q" : "0.006",
      "p" : "208.76",
      "s" : "sell",
      "i" : "SOL_USDT",
      "m" : "4611686018486817026"
    }, {
      "d" : "1756462389332065574",
      "t" : 1756462389332,
      "tn" : 1756462389332065574,
      "q" : "0.010",
      "p" : "208.77",
      "s" : "sell",
      "i" : "SOL_USDT",
      "m" : "4611686018486817025"
    }, {
      "d" : "1756462373220298184",
      "t" : 1756462373220,
      "tn" : 1756462373220298184,
      "q" : "0.515",
      "p" : "208.79",
      "s" : "buy",
      "i" : "SOL_USDT",
      "m" : "4611686018486817024"
    }, {
      "d" : "1756462373220296398",
      "t" : 1756462373220,
      "tn" : 1756462373220296398,
      "q" : "0.006",
      "p" : "208.78",
      "s" : "buy",
      "i" : "SOL_USDT",
      "m" : "4611686018486817023"
    }, {
      "d" : "1756462373219760268",
      "t" : 1756462373219,
      "tn" : 1756462373219760268,
      "q" : "0.010",
      "p" : "208.77",
      "s" : "buy",
      "i" : "SOL_USDT",
      "m" : "4611686018486817022"
    }, {
      "d" : "1756462373219758292",
      "t" : 1756462373219,
      "tn" : 1756462373219758292,
      "q" : "0.010",
      "p" : "208.76",
      "s" : "buy",
      "i" : "SOL_USDT",
      "m" : "4611686018486817021"
    }, {
      "d" : "1756462371692047768",
      "t" : 1756462371692,
      "tn" : 1756462371692047768,
      "q" : "0.048",
      "p" : "208.72",
      "s" : "buy",
      "i" : "SOL_USDT",
      "m" : "4611686018486817020"
    }, {
      "d" : "1756462366780136557",
      "t" : 1756462366780,
      "tn" : 1756462366780136556,
      "q" : "9.174",
      "p" : "208.71",
      "s" : "sell",
      "i" : "SOL_USDT",
      "m" : "4611686018486817019"
    }, {
      "d" : "1756462366780136556",
      "t" : 1756462366780,
      "tn" : 1756462366780136556,
      "q" : "0.006",
      "p" : "208.71",
      "s" : "sell",
      "i" : "SOL_USDT",
      "m" : "4611686018486817019"
    }, {
      "d" : "1756462359295701847",
      "t" : 1756462359295,
      "tn" : 1756462359295701847,
      "q" : "2.783",
      "p" : "208.72",
      "s" : "sell",
      "i" : "SOL_USDT",
      "m" : "4611686018486817018"
    }, {
      "d" : "1756462359209736945",
      "t" : 1756462359209,
      "tn" : 1756462359209736945,
      "q" : "0.540",
      "p" : "208.72",
      "s" : "sell",
      "i" : "SOL_USDT",
      "m" : "4611686018486817017"
    }, {
      "d" : "1756462359185880755",
      "t" : 1756462359185,
      "tn" : 1756462359185880755,
      "q" : "0.576",
      "p" : "208.72",
      "s" : "sell",
      "i" : "SOL_USDT",
      "m" : "4611686018486817016"
    }, {
      "d" : "1756462359185879160",
      "t" : 1756462359185,
      "tn" : 1756462359185879160,
      "q" : "0.006",
      "p" : "208.73",
      "s" : "sell",
      "i" : "SOL_USDT",
      "m" : "4611686018486817015"
    }, {
      "d" : "1756462359018025987",
      "t" : 1756462359018,
      "tn" : 1756462359018025986,
      "q" : "5.086",
      "p" : "208.73",
      "s" : "sell",
      "i" : "SOL_USDT",
      "m" : "4611686018486817014"
    }, {
      "d" : "1756462359018025986",
      "t" : 1756462359018,
      "tn" : 1756462359018025986,
      "q" : "0.006",
      "p" : "208.73",
      "s" : "sell",
      "i" : "SOL_USDT",
      "m" : "4611686018486817014"
    }, {
      "d" : "1756462358984450322",
      "t" : 1756462358984,
      "tn" : 1756462358984450322,
      "q" : "6.890",
      "p" : "208.75",
      "s" : "buy",
      "i" : "SOL_USDT",
      "m" : "4611686018486817013"
    }, {
      "d" : "1756462358984064638",
      "t" : 1756462358984,
      "tn" : 1756462358984064638,
      "q" : "0.515",
      "p" : "208.74",
      "s" : "buy",
      "i" : "SOL_USDT",
      "m" : "4611686018486817012"
    }, {
      "d" : "1756462358984061196",
      "t" : 1756462358984,
      "tn" : 1756462358984061196,
      "q" : "0.006",
      "p" : "208.73",
      "s" : "buy",
      "i" : "SOL_USDT",
      "m" : "4611686018486817011"
    }, {
      "d" : "1756462348527477224",
      "t" : 1756462348527,
      "tn" : 1756462348527477224,
      "q" : "0.008",
      "p" : "208.69",
      "s" : "sell",
      "i" : "SOL_USDT",
      "m" : "4611686018486817010"
    }, {
      "d" : "1756462347729630616",
      "t" : 1756462347729,
      "tn" : 1756462347729630614,
      "q" : "0.006",
      "p" : "208.65",
      "s" : "buy",
      "i" : "SOL_USDT",
      "m" : "4611686018486817009"
    }, {
      "d" : "1756462347729630615",
      "t" : 1756462347729,
      "tn" : 1756462347729630614,
      "q" : "1.678",
      "p" : "208.65",
      "s" : "buy",
      "i" : "SOL_USDT",
      "m" : "4611686018486817009"
    }, {
      "d" : "1756462347729630614",
      "t" : 1756462347729,
      "tn" : 1756462347729630614,
      "q" : "0.191",
      "p" : "208.65",
      "s" : "buy",
      "i" : "SOL_USDT",
      "m" : "4611686018486817009"
    }, {
      "d" : "1756462343617356813",
      "t" : 1756462343617,
      "tn" : 1756462343617356812,
      "q" : "0.006",
      "p" : "208.55",
      "s" : "buy",
      "i" : "SOL_USDT",
      "m" : "4611686018486817008"
    }, {
      "d" : "1756462343617356812",
      "t" : 1756462343617,
      "tn" : 1756462343617356812,
      "q" : "0.051",
      "p" : "208.55",
      "s" : "buy",
      "i" : "SOL_USDT",
      "m" : "4611686018486817008"
    }, {
      "d" : "1756462339996324265",
      "t" : 1756462339996,
      "tn" : 1756462339996324265,
      "q" : "1.199",
      "p" : "208.48",
      "s" : "buy",
      "i" : "SOL_USDT",
      "m" : "4611686018486817007"
    }, {
      "d" : "1756462339992016017",
      "t" : 1756462339992,
      "tn" : 1756462339992016017,
      "q" : "0.050",
      "p" : "208.47",
      "s" : "buy",
      "i" : "SOL_USDT",
      "m" : "4611686018486817006"
    } ]
  }
}