{
  "id" : -1,
  "method" : "public/get-trades",
  "code" : 0,
  "result" : {
    "data" : [ {
      "d" : "1756462444643395118",
      "t" : 1756462444643,
      "tn" : 1756462444643395118,
      "q" : "0.019",
      "p" : "208.34",
      "s" : "sell",
      "i" : "SOL_PYUSD",
      "m" : "4611686018427746635"
    }, {
      "d" : "1756462444219878072",
      "t" : 1756462444219,
      "tn" : 1756462444219878072,
      "q" : "0.019",
      "p" : "208.34",
      "s" : "sell",
      "i" : "SOL_PYUSD",
      "m" : "4611686018427746634"
    }, {
      "d" : "1756462443546570067",
      "t" : 1756462443546,
      "tn" : 1756462443546570067,
      "q" : "0.020",
      "p" : "208.34",
      "s" : "sell",
      "i" : "SOL_PYUSD",
      "m" : "4611686018427746633"
    }, {
      "d" : "1756462443021355673",
      "t" : 1756462443021,
      "tn" : 1756462443021355673,
      "q" : "0.042",
      "p" : "208.34",
      "s" : "sell",
      "i" : "SOL_PYUSD",
      "m" : "4611686018427746632"
    }, {
      "d" : "1756462442045376108",
      "t" : 1756462442045,
      "tn" : 1756462442045376108,
      "q" : "0.084",
      "p" : "208.34",
      "s" : "sell",
      "i" : "SOL_PYUSD",
      "m" : "4611686018427746631"
    }, {
      "d" : "1756462348527463866",
      "t" : 1756462348527,
      "tn" : 1756462348527463866,
      "q" : "0.008",
      "p" : "208.48",
      "s" : "buy",
      "i" : "SOL_PYUSD",
      "m" : "4611686018427746630"
    }, {
      "d" : "1756462059142533614",
      "t" : 1756462059142,
      "tn" : 1756462059142533614,
      "q" : "0.007",
      "p" : "208.56",
      "s" : "buy",
      "i" : "SOL_PYUSD",
      "m" : "4611686018427746629"
    }, {
      "d" : "1756462010527413292",
      "t" : 1756462010527,
      "tn" : 1756462010527413292,
      "q" : "0.004",
      "p" : "208.25",
      "s" : "buy",
      "i" : "SOL_PYUSD",
      "m" : "4611686018427746628"
    }, {
      "d" : "1756462010188445160",
      "t" : 1756462010188,
      "tn" : 1756462010188445160,
      "q" : "0.006",
      "p" : "208.25",
      "s" : "buy",
      "i" : "SOL_PYUSD",
      "m" : "4611686018427746627"
    }, {
      "d" : "1756462010188443387",
      "t" : 1756462010188,
      "tn" : 1756462010188443387,
      "q" : "0.010",
      "p" : "208.24",
      "s" : "buy",
      "i" : "SOL_PYUSD",
      "m" : "4611686018427746626"
    }, {
      "d" : "1756460455483921702",
      "t" : 1756460455483,
      "tn" : 1756460455483921702,
      "q" : "0.010",
      "p" : "206.67",
      "s" : "buy",
      "i" : "SOL_PYUSD",
      "m" : "4611686018427746625"
    }, {
      "d" : "1756459620064824589",
      "t" : 1756459620064,
      "tn" : 1756459620064824589,
      "q" : "0.015",
      "p" : "207.20",
      "s" : "sell",
      "i" : "SOL_PYUSD",
      "m" : "4611686018427746624"
    }, {
      "d" : "1756459600037151215",
      "t" : 1756459600037,
      "tn" : 1756459600037151215,
      "q" : "0.004",
      "p" : "207.38",
      "s" : "sell",
      "i" : "SOL_PYUSD",
      "m" : "4611686018427746623"
    }, {
      "d" : "1756459549684813798",
      "t" : 1756459549684,
      "tn" : 1756459549684813798,
      "q" : "0.010",
      "p" : "207.38",
      "s" : "buy",
      "i" : "SOL_PYUSD",
      "m" : "4611686018427746622"
    }, {
      "d" : "1756459549684812066",
      "t" : 1756459549684,
      "tn" : 1756459549684812066,
      "q" : "0.002",
      "p" : "207.37",
      "s" : "buy",
      "i" : "SOL_PYUSD",
      "m" : "4611686018427746621"
    }, {
      "d" : "1756459549680346357",
      "t" : 1756459549680,
      "tn" : 1756459549680346357,
      "q" : "0.008",
      "p" : "207.37",
      "s" : "buy",
      "i" : "SOL_PYUSD",
      "m" : "4611686018427746620"
    }, {
      "d" : "1756459087125519180",
      "t" : 1756459087125,
      "tn" : 1756459087125519180,
      "q" : "0.006",
      "p" : "206.69",
      "s" : "buy",
      "i" : "SOL_PYUSD",
      "m" : "4611686018427746619"
    }, {
      "d" : "1756459087125517371",
      "t" : 1756459087125,
      "tn" : 1756459087125517371,
      "q" : "0.010",
      "p" : "206.68",
      "s" : "buy",
      "i" : "SOL_PYUSD",
      "m" : "4611686018427746618"
    }, {
      "d" : "1756458831360148262",
      "t" : 1756458831360,
      "tn" : 1756458831360148262,
      "q" : "0.004",
      "p" : "206.40",
      "s" : "sell",
      "i" : "SOL_PYUSD",
      "m" : "4611686018427746617"
    }, {
      "d" : "1756458780345393950",
      "t" : 1756458780345,
      "tn" : 1756458780345393950,
      "q" : "0.010",
      "p" : "206.40",
      "s" : "buy",
      "i" : "SOL_PYUSD",
      "m" : "4611686018427746616"
    }, {
      "d" : "1756458780345391647",
      "t" : 1756458780345,
      "tn" : 1756458780345391647,
      "q" : "0.002",
      "p" : "206.39",
      "s" : "buy",
      "i" : "SOL_PYUSD",
      "m" : "4611686018427746615"
    }, {
      "d" : "1756458780324231477",
      "t" : 1756458780324,
      "tn" : 1756458780324231477,
      "q" : "0.008",
      "p" : "206.39",
      "s" : "buy",
      "i" : "SOL_PYUSD",
      "m" : "4611686018427746614"
    }, {
      "d" : "1756458774301410250",
      "t" : 1756458774301,
      "tn" : 1756458774301410250,
      "q" : "0.019",
      "p" : "206.38",
      "s" : "buy",
      "i" : "SOL_PYUSD",
      "m" : "4611686018427746613"
    }, {
      "d" : "1756458773861153355",
      "t" : 1756458773861,
      "tn" : 1756458773861153355,
      "q" : "0.019",
      "p" : "206.38",
      "s" : "buy",
      "i" : "SOL_PYUSD",
      "m" : "4611686018427746612"
    }, {
      "d" : "1756458773268399173",
      "t" : 1756458773268,
      "tn" : 1756458773268399173,
      "q" : "0.037",
      "p" : "206.38",
      "s" : "buy",
      "i" : "SOL_PYUSD",
      "m" : "4611686018427746611"
    }, {
      "d" : "1756458772144922728",
      "t" : 1756458772144,
      "tn" : 1756458772144922728,
      "q" : "0.080",
      "p" : "206.38",
      "s" : "buy",
      "i" : "SOL_PYUSD",
      "m" : "4611686018427746610"
    }, {
      "d" : "1756458177685501017",
      "t" : 1756458177685,
      "tn" : 1756458177685501017,
      "q" : "0.010",
      "p" : "205.82",
      "s" : "sell",
      "i" : "SOL_PYUSD",
      "m" : "4611686018427746609"
    }, {
      "d" : "1756458103656441220",
      "t" : 1756458103656,
      "tn" : 1756458103656441220,
      "q" : "0.008",
      "p" : "206.38",
      "s" : "sell",
      "i" : "SOL_PYUSD",
      "m" : "4611686018427746608"
    }, {
      "d" : "1756457845346448682",
      "t" : 1756457845346,
      "tn" : 1756457845346448682,
      "q" : "0.008",
      "p" : "206.63",
      "s" : "sell",
      "i" : "SOL_PYUSD",
      "m" : "4611686018427746607"
    }, {
      "d" : "1756457291862346174",
      "t" : 1756457291862,
      "tn" : 1756457291862346174,
      "q" : "0.008",
      "p" : "208.16",
      "s" : "sell",
      "i" : "SOL_PYUSD",
      "m" : "4611686018427746606"
    }, {
      "d" : "1756456974754744206",
      "t" : 1756456974754,
      "tn" : 1756456974754744206,
      "q" : "0.007",
      "p" : "208.04",
      "s" : "buy",
      "i" : "SOL_PYUSD",
      "m" : "4611686018427746605"
    }, {
      "d" : "1756456889441940713",
      "t" : 1756456889441,
      "tn" : 1756456889441940713,
      "q" : "0.008",
      "p" : "208.07",
      "s" : "sell",
      "i" : "SOL_PYUSD",
      "m" : "4611686018427746604"
    }, {
      "d" : "1756456781508010418",
      "t" : 1756456781508,
      "tn" : 1756456781508010418,
      "q" : "0.008",
      "p" : "208.28",
      "s" : "sell",
      "i" : "SOL_PYUSD",
      "m" : "4611686018427746603"
    }, {
      "d" : "1756456775445450396",
      "t" : 1756456775445,
      "tn" : 1756456775445450396,
      "q" : "0.002",
      "p" : "208.32",
      "s" : "sell",
      "i" : "SOL_PYUSD",
      "m" : "4611686018427746602"
    }, {
      "d" : "1756456775074911106",
      "t" : 1756456775074,
      "tn" : 1756456775074911106,
      "q" : "0.008",
      "p" : "208.32",
      "s" : "sell",
      "i" : "SOL_PYUSD",
      "m" : "4611686018427746601"
    }, {
      "d" : "1756456702594949340",
      "t" : 1756456702594,
      "tn" : 1756456702594949340,
      "q" : "0.008",
      "p" : "208.38",
      "s" : "buy",
      "i" : "SOL_PYUSD",
      "m" : "4611686018427746600"
    }, {
      "d" : "1756456682156027058",
      "t" : 1756456682156,
      "tn" : 1756456682156027058,
      "q" : "0.010",
      "p" : "208.28",
      "s" : "buy",
      "i" : "SOL_PYUSD",
      "m" : "4611686018427746599"
    }, {
      "d" : "1756456592173011783",
      "t" : 1756456592173,
      "tn" : 1756456592173011783,
      "q" : "0.008",
      "p" : "208.02",
      "s" : "sell",
      "i" : "SOL_PYUSD",
      "m" : "4611686018427746598"
    }, {
      "d" : "1756456577305847901",
      "t" : 1756456577305,
      "tn" : 1756456577305847901,
      "q" : "0.013",
      "p" : "208.28",
      "s" : "sell",
      "i" : "SOL_PYUSD",
      "m" : "4611686018427746597"
    }, {
      "d" : "1756456565045688639",
      "t" : 1756456565045,
      "tn" : 1756456565045688639,
      "q" : "0.010",
      "p" : "208.38",
      "s" : "sell",
      "i" : "SOL_PYUSD",
      "m" : "4611686018427746596"
    }, {
      "d" : "1756456500210537972",
      "t" : 1756456500210,
      "tn" : 1756456500210537972,
      "q" : "0.010",
      "p" : "208.91",
      "s" : "sell",
      "i" : "SOL_PYUSD",
      "m" : "4611686018427746595"
    }, {
      "d" : "1756456028002989170",
      "t" : 1756456028002,
      "tn" : 1756456028002989170,
      "q" : "0.005",
      "p" : "208.05",
      "s" : "sell",
      "i" : "SOL_PYUSD",
      "m" : "4611686018427746594"
    }, {
      "d" : "1756455965375522929",
      "t" : 1756455965375,
      "tn" : 1756455965375522929,
      "q" : "0.010",
      "p" : "208.06",
      "s" : "buy",
      "i" : "SOL_PYUSD",
      "m" : "4611686018427746593"
    }, {
      "d" : "1756455965319336636",
      "t" : 1756455965319,
      "tn" : 1756455965319336636,
      "q" : "0.010",
      "p" : "208.05",
      "s" : "buy",
      "i" : "SOL_PYUSD",
      "m" : "4611686018427746592"
    }, {
      "d" : "1756455627439253208",
      "t" : 1756455627439,
      "tn" : 1756455627439253208,
      "q" : "0.017",
      "p" : "207.25",
      "s" : "sell",
      "i" : "SOL_PYUSD",
      "m" : "4611686018427746591"
    }, {
      "d" : "1756455611365420628",
      "t" : 1756455611365,
      "tn" : 1756455611365420628,
      "q" : "0.008",
      "p" : "207.48",
      "s" : "sell",
      "i" : "SOL_PYUSD",
      "m" : "4611686018427746590"
    }, {
      "d" : "1756455100579322251",
      "t" : 1756455100579,
      "tn" : 1756455100579322251,
      "q" : "0.004",
      "p" : "208.01",
      "s" : "sell",
      "i" : "SOL_PYUSD",
      "m" : "4611686018427746589"
    }, {
      "d" : "1756455078236194195",
      "t" : 1756455078236,
      "tn" : 1756455078236194195,
      "q" : "0.012",
      "p" : "208.01",
      "s" : "buy",
      "i" : "SOL_PYUSD",
      "m" : "4611686018427746588"
    }, {
      "d" : "1756455078236191768",
      "t" : 1756455078236,
      "tn" : 1756455078236191768,
      "q" : "0.002",
      "p" : "208.00",
      "s" : "buy",
      "i" : "SOL_PYUSD",
      "m" : "4611686018427746587"
    }, {
      "d" : "1756455078232798068",
      "t" : 1756455078232,
      "tn" : 1756455078232798068,
      "q" : "0.008",
      "p" : "208.00",
      "s" : "buy",
      "i" : "SOL_PYUSD",
      "m" : "4611686018427746586"
    }, {
      "d" : "1756455055735981957",
      "t" : 1756455055735,
      "tn" : 1756455055735981956,
      "q" : "0.058",
      "p" : "207.72",
      "s" : "buy",
      "i" : "SOL_PYUSD",
      "m" : "4611686018427746585"
    }, {
      "d" : "1756455055735981956",
      "t" : 1756455055735,
      "tn" : 1756455055735981956,
      "q" : "0.021",
      "p" : "207.72",
      "s" : "buy",
      "i" : "SOL_PYUSD",
      "m" : "4611686018427746585"
    }, {
      "d" : "1756455054089376337",
      "t" : 1756455054089,
      "tn" : 1756455054089376337,
      "q" : "0.010",
      "p" : "207.73",
      "s" : "sell",
      "i" : "SOL_PYUSD",
      "m" : "4611686018427746584"
    }, {
      "d" : "1756454708109689066",
      "t" : 1756454708109,
      "tn" : 1756454708109689066,
      "q" : "0.008",
      "p" : "208.89",
      "s" : "sell",
      "i" : "SOL_PYUSD",
      "m" : "4611686018427746583"
    }, {
      "d" : "1756454673947634165",
      "t" : 1756454673947,
      "tn" : 1756454673947634165,
      "q" : "0.008",
      "p" : "209.03",
      "s" : "sell",
      "i" : "SOL_PYUSD",
      "m" : "4611686018427746582"
    }, {
      "d" : "1756454446583685055",
      "t" : 1756454446583,
      "tn" : 1756454446583685055,
      "q" : "0.010",
      "p" : "209.00",
      "s" : "buy",
      "i" : "SOL_PYUSD",
      "m" : "4611686018427746581"
    }, {
      "d" : "1756454293634567699",
      "t" : 1756454293634,
      "tn" : 1756454293634567699,
      "q" : "0.007",
      "p" : "208.13",
      "s" : "sell",
      "i" : "SOL_PYUSD",
      "m" : "4611686018427746580"
    }, {
      "d" : "1756454258315406251",
      "t" : 1756454258315,
      "tn" : 1756454258315406251,
      "q" : "0.008",
      "p" : "208.52",
      "s" : "sell",
      "i" : "SOL_PYUSD",
      "m" : "4611686018427746579"
    }, {
      "d" : "1756454125708680284",
      "t" : 1756454125708,
      "tn" : 1756454125708680284,
      "q" : "0.008",
      "p" : "208.95",
      "s" : "sell",
      "i" : "SOL_PYUSD",
      "m" : "4611686018427746578"
    }, {
      "d" : "1756453811250943240",
      "t" : 1756453811250,
      "tn" : 1756453811250943240,
      "q" : "0.006",
      "p" : "209.22",
      "s" : "sell",
      "i" : "SOL_PYUSD",
      "m" : "4611686018427746577"
    }, {
      "d" : "1756453811250941323",
      "t" : 1756453811250,
      "tn" : 1756453811250941323,
      "q" : "0.010",
      "p" : "209.23",
      "s" : "sell",
      "i" : "SOL_PYUSD",
      "m" : "4611686018427746576"
    }, {
      "d" : "1756453786802624942",
      "t" : 1756453786802,
      "tn" : 1756453786802624942,
      "q" : "0.008",
      "p" : "209.43",
      "s" : "sell",
      "i" : "SOL_PYUSD",
      "m" : "4611686018427746575"
    }, {
      "d" : "1756453752551356320",
      "t" : 1756453752551,
      "tn" : 1756453752551356320,
      "q" : "0.008",
      "p" : "209.53",
      "s" : "sell",
      "i" : "SOL_PYUSD",
      "m" : "4611686018427746574"
    }, {
      "d" : "1756453729507047000",
      "t" : 1756453729507,
      "tn" : 1756453729507047000,
      "q" : "0.008",
      "p" : "209.51",
      "s" : "sell",
      "i" : "SOL_PYUSD",
      "m" : "4611686018427746573"
    }, {
      "d" : "1756453729031432465",
      "t" : 1756453729031,
      "tn" : 1756453729031432465,
      "q" : "0.010",
      "p" : "209.63",
      "s" : "sell",
      "i" : "SOL_PYUSD",
      "m" : "4611686018427746572"
    }, {
      "d" : "1756453494184839848",
      "t" : 1756453494184,
      "tn" : 1756453494184839848,
      "q" : "0.010",
      "p" : "209.25",
      "s" : "sell",
      "i" : "SOL_PYUSD",
      "m" : "4611686018427746571"
    }, {
      "d" : "1756453477209468293",
      "t" : 1756453477209,
      "tn" : 1756453477209468293,
      "q" : "0.016",
      "p" : "209.38",
      "s" : "sell",
      "i" : "SOL_PYUSD",
      "m" : "4611686018427746570"
    }, {
      "d" : "1756453356444025744",
      "t" : 1756453356444,
      "tn" : 1756453356444025744,
      "q" : "0.008",
      "p" : "209.53",
      "s" : "sell",
      "i" : "SOL_PYUSD",
      "m" : "4611686018427746569"
    }, {
      "d" : "1756453333604266690",
      "t" : 1756453333604,
      "tn" : 1756453333604266690,
      "q" : "0.007",
      "p" : "209.79",
      "s" : "sell",
      "i" : "SOL_PYUSD",
      "m" : "4611686018427746568"
    }, {
      "d" : "1756453282640863699",
      "t" : 1756453282640,
      "tn" : 1756453282640863698,
      "q" : "0.016",
      "p" : "209.09",
      "s" : "buy",
      "i" : "SOL_PYUSD",
      "m" : "4611686018427746567"
    }, {
      "d" : "1756453282640863698",
      "t" : 1756453282640,
      "tn" : 1756453282640863698,
      "q" : "0.005",
      "p" : "209.09",
      "s" : "buy",
      "i" : "SOL_PYUSD",
      "m" : "4611686018427746567"
    }, {
      "d" : "1756453163744403141",
      "t" : 1756453163744,
      "tn" : 1756453163744403141,
      "q" : "0.005",
      "p" : "209.03",
      "s" : "sell",
      "i" : "SOL_PYUSD",
      "m" : "4611686018427746566"
    }, {
      "d" : "1756453163744401349",
      "t" : 1756453163744,
      "tn" : 1756453163744401349,
      "q" : "0.009",
      "p" : "209.04",
      "s" : "sell",
      "i" : "SOL_PYUSD",
      "m" : "4611686018427746565"
    }, {
      "d" : "1756453094269434572",
      "t" : 1756453094269,
      "tn" : 1756453094269434572,
      "q" : "0.005",
      "p" : "208.66",
      "s" : "buy",
      "i" : "SOL_PYUSD",
      "m" : "4611686018427746564"
    }, {
      "d" : "1756453090713095599",
      "t" : 1756453090713,
      "tn" : 1756453090713095599,
      "q" : "0.002",
      "p" : "208.65",
      "s" : "buy",
      "i" : "SOL_PYUSD",
      "m" : "4611686018427746563"
    }, {
      "d" : "1756453063227569669",
      "t" : 1756453063227,
      "tn" : 1756453063227569669,
      "q" : "0.027",
      "p" : "208.65",
      "s" : "sell",
      "i" : "SOL_PYUSD",
      "m" : "4611686018427746562"
    }, {
      "d" : "1756453063223557494",
      "t" : 1756453063223,
      "tn" : 1756453063223557494,
      "q" : "0.010",
      "p" : "208.66",
      "s" : "sell",
      "i" : "SOL_PYUSD",
      "m" : "4611686018427746561"
    }, {
      "d" : "1756453011608930207",
      "t" : 1756453011608,
      "tn" : 1756453011608930207,
      "q" : "0.010",
      "p" : "209.08",
      "s" : "sell",
      "i" : "SOL_PYUSD",
      "m" : "4611686018427746560"
    }, {
      "d" : "1756453011227610815",
      "t" : 1756453011227,
      "tn" : 1756453011227610815,
      "q" : "0.010",
      "p" : "209.09",
      "s" : "sell",
      "i" : "SOL_PYUSD",
      "m" : "4611686018427746559"
    }, {
      "d" : "1756452995355849234",
      "t" : 1756452995355,
      "tn" : 1756452995355849234,
      "q" : "0.005",
      "p" : "209.08",
      "s" : "buy",
      "i" : "SOL_PYUSD",
      "m" : "4611686018427746558"
    }, {
      "d" : "1756452995349945236",
      "t" : 1756452995349,
      "tn" : 1756452995349945235,
      "q" : "0.007",
      "p" : "209.08",
      "s" : "buy",
      "i" : "SOL_PYUSD",
      "m" : "4611686018427746557"
    }, {
      "d" : "1756452995349945235",
      "t" : 1756452995349,
      "tn" : 1756452995349945235,
      "q" : "0.011",
      "p" : "209.08",
      "s" : "buy",
      "i" : "SOL_PYUSD",
      "m" : "4611686018427746557"
    }, {
      "d" : "1756452988214271186",
      "t" : 1756452988214,
      "tn" : 1756452988214271186,
      "q" : "0.004",
      "p" : "209.08",
      "s" : "sell",
      "i" : "SOL_PYUSD",
      "m" : "4611686018427746556"
    }, {
      "d" : "1756452988204280493",
      "t" : 1756452988204,
      "tn" : 1756452988204280493,
      "q" : "0.018",
      "p" : "209.08",
      "s" : "sell",
      "i" : "SOL_PYUSD",
      "m" : "4611686018427746555"
    }, {
      "d" : "1756452967297306178",
      "t" : 1756452967297,
      "tn" : 1756452967297306178,
      "q" : "0.022",
      "p" : "209.30",
      "s" : "sell",
      "i" : "SOL_PYUSD",
      "m" : "4611686018427746554"
    }, {
      "d" : "1756452872276896410",
      "t" : 1756452872276,
      "tn" : 1756452872276896410,
      "q" : "0.006",
      "p" : "209.69",
      "s" : "sell",
      "i" : "SOL_PYUSD",
      "m" : "4611686018427746553"
    }, {
      "d" : "1756452872276894255",
      "t" : 1756452872276,
      "tn" : 1756452872276894255,
      "q" : "0.009",
      "p" : "209.70",
      "s" : "sell",
      "i" : "SOL_PYUSD",
      "m" : "4611686018427746552"
    }, {
      "d" : "1756452720617322789",
      "t" : 1756452720617,
      "tn" : 1756452720617322789,
      "q" : "0.008",
      "p" : "209.70",
      "s" : "buy",
      "i" : "SOL_PYUSD",
      "m" : "4611686018427746551"
    }, {
      "d" : "1756452717277462670",
      "t" : 1756452717277,
      "tn" : 1756452717277462670,
      "q" : "0.010",
      "p" : "209.69",
      "s" : "buy",
      "i" : "SOL_PYUSD",
      "m" : "4611686018427746550"
    }, {
      "d" : "1756452684426018666",
      "t" : 1756452684426,
      "tn" : 1756452684426018666,
      "q" : "0.010",
      "p" : "209.26",
      "s" : "buy",
      "i" : "SOL_PYUSD",
      "m" : "4611686018427746549"
    }, {
      "d" : "1756452349550958624",
      "t" : 1756452349550,
      "tn" : 1756452349550958624,
      "q" : "0.010",
      "p" : "208.45",
      "s" : "sell",
      "i" : "SOL_PYUSD",
      "m" : "4611686018427746548"
    }, {
      "d" : "1756452250443661085",
      "t" : 1756452250443,
      "tn" : 1756452250443661085,
      "q" : "0.010",
      "p" : "209.07",
      "s" : "sell",
      "i" : "SOL_PYUSD",
      "m" : "4611686018427746547"
    }, {
      "d" : "1756452135188034339",
      "t" : 1756452135188,
      "tn" : 1756452135188034339,
      "q" : "0.010",
      "p" : "208.90",
      "s" : "sell",
      "i" : "SOL_PYUSD",
      "m" : "4611686018427746546"
    }, {
      "d" : "1756451892813547408",
      "t" : 1756451892813,
      "tn" : 1756451892813547408,
      "q" : "0.008",
      "p" : "209.70",
      "s" : "buy",
      "i" : "SOL_PYUSD",
      "m" : "4611686018427746545"
    }, {
      "d" : "1756451763004917065",
      "t" : 1756451763004,
      "tn" : 1756451763004917065,
      "q" : "0.013",
      "p" : "209.27",
      "s" : "buy",
      "i" : "SOL_PYUSD",
      "m" : "4611686018427746544"
    }, {
      "d" : "1756451763004914427",
      "t" : 1756451763004,
      "tn" : 1756451763004914427,
      "q" : "0.002",
      "p" : "209.17",
      "s" : "buy",
      "i" : "SOL_PYUSD",
      "m" : "4611686018427746543"
    }, {
      "d" : "1756451751777816565",
      "t" : 1756451751777,
      "tn" : 1756451751777816565,
      "q" : "0.008",
      "p" : "209.17",
      "s" : "buy",
      "i" : "SOL_PYUSD",
      "m" : "4611686018427746542"
    }, {
      "d" : "1756451670962793501",
      "t" : 1756451670962,
      "tn" : 1756451670962793501,
      "q" : "0.009",
      "p" : "208.97",
      "s" : "sell",
      "i" : "SOL_PYUSD",
      "m" : "4611686018427746541"
    }, {
      "d" : "1756451406075324430",
      "t" : 1756451406075,
      "tn" : 1756451406075324430,
      "q" : "0.009",
      "p" : "210.29",
      "s" : "buy",
      "i" : "SOL_PYUSD",
      "m" : "4611686018427746540"
    }, {
      "d" : "1756451249843468883",
      "t" : 1756451249843,
      "tn" : 1756451249843468883,
      "q" : "0.009",
      "p" : "210.84",
      "s" : "sell",
      "i" : "SOL_PYUSD",
      "m" : "4611686018427746539"
    }, {
      "d" : "1756451222312508922",
      "t" : 1756451222312,
      "tn" : 1756451222312508922,
      "q" : "0.009",
      "p" : "211.29",
      "s" : "sell",
      "i" : "SOL_PYUSD",
      "m" : "4611686018427746538"
    }, {
      "d" : "1756451196679629599",
      "t" : 1756451196679,
      "tn" : 1756451196679629599,
      "q" : "0.009",
      "p" : "211.76",
      "s" : "sell",
      "i" : "SOL_PYUSD",
      "m" : "4611686018427746537"
    }, {
      "d" : "1756451137761204813",
      "t" : 1756451137761,
      "tn" : 1756451137761204813,
      "q" : "0.009",
      "p" : "211.84",
      "s" : "sell",
      "i" : "SOL_PYUSD",
      "m" : "4611686018427746536"
    }, {
      "d" : "1756451110038264253",
      "t" : 1756451110038,
      "tn" : 1756451110038264253,
      "q" : "0.009",
      "p" : "212.30",
      "s" : "sell",
      "i" : "SOL_PYUSD",
      "m" : "4611686018427746535"
    }, {
      "d" : "1756451046676736344",
      "t" : 1756451046676,
      "tn" : 1756451046676736344,
      "q" : "0.009",
      "p" : "212.26",
      "s" : "buy",
      "i" : "SOL_PYUSD",
      "m" : "4611686018427746534"
    }, {
      "d" : "1756451020308864923",
      "t" : 1756451020308,
      "tn" : 1756451020308864923,
      "q" : "0.009",
      "p" : "211.79",
      "s" : "buy",
      "i" : "SOL_PYUSD",
      "m" : "4611686018427746533"
    }, {
      "d" : "1756450898108965269",
      "t" : 1756450898108,
      "tn" : 1756450898108965269,
      "q" : "0.009",
      "p" : "211.86",
      "s" : "sell",
      "i" : "SOL_PYUSD",
      "m" : "4611686018427746532"
    }, {
      "d" : "1756450338110654624",
      "t" : 1756450338110,
      "tn" : 1756450338110654624,
      "q" : "0.014",
      "p" : "214.03",
      "s" : "sell",
      "i" : "SOL_PYUSD",
      "m" : "4611686018427746531"
    }, {
      "d" : "1756450165397487028",
      "t" : 1756450165397,
      "tn" : 1756450165397487028,
      "q" : "0.005",
      "p" : "214.70",
      "s" : "sell",
      "i" : "SOL_PYUSD",
      "m" : "4611686018427746530"
    }, {
      "d" : "1756450149894408783",
      "t" : 1756450149894,
      "tn" : 1756450149894408783,
      "q" : "0.009",
      "p" : "214.70",
      "s" : "buy",
      "i" : "SOL_PYUSD",
      "m" : "4611686018427746529"
    }, {
      "d" : "1756450054147417677",
      "t" : 1756450054147,
      "tn" : 1756450054147417677,
      "q" : "0.006",
      "p" : "214.91",
      "s" : "buy",
      "i" : "SOL_PYUSD",
      "m" : "4611686018427746528"
    }, {
      "d" : "1756449972644636121",
      "t" : 1756449972644,
      "tn" : 1756449972644636121,
      "q" : "0.009",
      "p" : "214.81",
      "s" : "buy",
      "i" : "SOL_PYUSD",
      "m" : "4611686018427746527"
    }, {
      "d" : "1756449926373909934",
      "t" : 1756449926373,
      "tn" : 1756449926373909933,
      "q" : "0.014",
      "p" : "214.59",
      "s" : "sell",
      "i" : "SOL_PYUSD",
      "m" : "4611686018427746526"
    }, {
      "d" : "1756449926373909933",
      "t" : 1756449926373,
      "tn" : 1756449926373909933,
      "q" : "0.005",
      "p" : "214.59",
      "s" : "sell",
      "i" : "SOL_PYUSD",
      "m" : "4611686018427746526"
    }, {
      "d" : "1756449920338338651",
      "t" : 1756449920338,
      "tn" : 1756449920338338651,
      "q" : "0.007",
      "p" : "214.69",
      "s" : "sell",
      "i" : "SOL_PYUSD",
      "m" : "4611686018427746525"
    }, {
      "d" : "1756449883518393877",
      "t" : 1756449883518,
      "tn" : 1756449883518393877,
      "q" : "0.009",
      "p" : "214.59",
      "s" : "buy",
      "i" : "SOL_PYUSD",
      "m" : "4611686018427746524"
    }, {
      "d" : "1756449794958590945",
      "t" : 1756449794958,
      "tn" : 1756449794958590945,
      "q" : "0.009",
      "p" : "214.34",
      "s" : "buy",
      "i" : "SOL_PYUSD",
      "m" : "4611686018427746523"
    }, {
      "d" : "1756449745810172609",
      "t" : 1756449745810,
      "tn" : 1756449745810172609,
      "q" : "0.009",
      "p" : "214.04",
      "s" : "buy",
      "i" : "SOL_PYUSD",
      "m" : "4611686018427746522"
    }, {
      "d" : "1756449742734472877",
      "t" : 1756449742734,
      "tn" : 1756449742734472877,
      "q" : "0.009",
      "p" : "214.03",
      "s" : "buy",
      "i" : "SOL_PYUSD",
      "m" : "4611686018427746521"
    }, {
      "d" : "1756449670681550342",
      "t" : 1756449670681,
      "tn" : 1756449670681550342,
      "q" : "0.013",
      "p" : "214.09",
      "s" : "buy",
      "i" : "SOL_PYUSD",
      "m" : "4611686018427746520"
    }, {
      "d" : "1756449670637419024",
      "t" : 1756449670637,
      "tn" : 1756449670637419024,
      "q" : "0.019",
      "p" : "214.09",
      "s" : "buy",
      "i" : "SOL_PYUSD",
      "m" : "4611686018427746519"
    }, {
      "d" : "1756449670637417328",
      "t" : 1756449670637,
      "tn" : 1756449670637417328,
      "q" : "0.009",
      "p" : "214.08",
      "s" : "buy",
      "i" : "SOL_PYUSD",
      "m" : "4611686018427746518"
    }, {
      "d" : "1756449654213392991",
      "t" : 1756449654213,
      "tn" : 1756449654213392991,
      "q" : "0.009",
      "p" : "213.63",
      "s" : "buy",
      "i" : "SOL_PYUSD",
      "m" : "4611686018427746517"
    }, {
      "d" : "1756449577972762809",
      "t" : 1756449577972,
      "tn" : 1756449577972762809,
      "q" : "0.009",
      "p" : "213.76",
      "s" : "buy",
      "i" : "SOL_PYUSD",
      "m" : "4611686018427746516"
    }, {
      "d" : "1756449492553062906",
      "t" : 1756449492553,
      "tn" : 1756449492553062906,
      "q" : "0.005",
      "p" : "213.63",
      "s" : "buy",
      "i" : "SOL_PYUSD",
      "m" : "4611686018427746515"
    }, {
      "d" : "1756449492553061134",
      "t" : 1756449492553,
      "tn" : 1756449492553061134,
      "q" : "0.009",
      "p" : "213.62",
      "s" : "buy",
      "i" : "SOL_PYUSD",
      "m" : "4611686018427746514"
    }, {
      "d" : "1756449468341466176",
      "t" : 1756449468341,
      "tn" : 1756449468341466176,
      "q" : "0.099",
      "p" : "213.26",
      "s" : "buy",
      "i" : "SOL_PYUSD",
      "m" : "4611686018427746513"
    }, {
      "d" : "1756449468341464340",
      "t" : 1756449468341,
      "tn" : 1756449468341464340,
      "q" : "0.009",
      "p" : "213.25",
      "s" : "buy",
      "i" : "SOL_PYUSD",
      "m" : "4611686018427746512"
    }, {
      "d" : "1756447642440516173",
      "t" : 1756447642440,
      "tn" : 1756447642440516173,
      "q" : "0.009",
      "p" : "215.21",
      "s" : "buy",
      "i" : "SOL_PYUSD",
      "m" : "4611686018427746511"
    }, {
      "d" : "1756447287594855050",
      "t" : 1756447287594,
      "tn" : 1756447287594855050,
      "q" : "0.007",
      "p" : "216.05",
      "s" : "sell",
      "i" : "SOL_PYUSD",
      "m" : "4611686018427746510"
    }, {
      "d" : "1756447269451253121",
      "t" : 1756447269451,
      "tn" : 1756447269451253121,
      "q" : "0.009",
      "p" : "215.85",
      "s" : "buy",
      "i" : "SOL_PYUSD",
      "m" : "4611686018427746509"
    }, {
      "d" : "1756446655270701246",
      "t" : 1756446655270,
      "tn" : 1756446655270701246,
      "q" : "0.014",
      "p" : "215.81",
      "s" : "sell",
      "i" : "SOL_PYUSD",
      "m" : "4611686018427746508"
    }, {
      "d" : "1756446451899370857",
      "t" : 1756446451899,
      "tn" : 1756446451899370857,
      "q" : "0.009",
      "p" : "215.82",
      "s" : "buy",
      "i" : "SOL_PYUSD",
      "m" : "4611686018427746507"
    }, {
      "d" : "1756446451895664903",
      "t" : 1756446451895,
      "tn" : 1756446451895664903,
      "q" : "0.009",
      "p" : "215.81",
      "s" : "buy",
      "i" : "SOL_PYUSD",
      "m" : "4611686018427746506"
    }, {
      "d" : "1756446102363657955",
      "t" : 1756446102363,
      "tn" : 1756446102363657955,
      "q" : "0.005",
      "p" : "215.20",
      "s" : "sell",
      "i" : "SOL_PYUSD",
      "m" : "4611686018427746505"
    }, {
      "d" : "1756446099845931562",
      "t" : 1756446099845,
      "tn" : 1756446099845931562,
      "q" : "0.005",
      "p" : "215.21",
      "s" : "sell",
      "i" : "SOL_PYUSD",
      "m" : "4611686018427746504"
    }, {
      "d" : "1756445964545710043",
      "t" : 1756445964545,
      "tn" : 1756445964545710043,
      "q" : "0.009",
      "p" : "215.53",
      "s" : "buy",
      "i" : "SOL_PYUSD",
      "m" : "4611686018427746503"
    }, {
      "d" : "1756445964500880946",
      "t" : 1756445964500,
      "tn" : 1756445964500880946,
      "q" : "0.009",
      "p" : "215.50",
      "s" : "buy",
      "i" : "SOL_PYUSD",
      "m" : "4611686018427746502"
    }, {
      "d" : "1756445961658727993",
      "t" : 1756445961658,
      "tn" : 1756445961658727993,
      "q" : "0.009",
      "p" : "215.49",
      "s" : "buy",
      "i" : "SOL_PYUSD",
      "m" : "4611686018427746501"
    }, {
      "d" : "1756445925442150618",
      "t" : 1756445925442,
      "tn" : 1756445925442150618,
      "q" : "0.009",
      "p" : "215.21",
      "s" : "buy",
      "i" : "SOL_PYUSD",
      "m" : "4611686018427746500"
    }, {
      "d" : "1756445925435547355",
      "t" : 1756445925435,
      "tn" : 1756445925435547355,
      "q" : "0.009",
      "p" : "215.20",
      "s" : "buy",
      "i" : "SOL_PYUSD",
      "m" : "4611686018427746499"
    }, {
      "d" : "1756445819133223012",
      "t" : 1756445819133,
      "tn" : 1756445819133223012,
      "q" : "0.009",
      "p" : "214.74",
      "s" : "buy",
      "i" : "SOL_PYUSD",
      "m" : "4611686018427746498"
    }, {
      "d" : "1756444776209468460",
      "t" : 1756444776209,
      "tn" : 1756444776209468460,
      "q" : "0.139",
      "p" : "215.52",
      "s" : "buy",
      "i" : "SOL_PYUSD",
      "m" : "4611686018427746497"
    }, {
      "d" : "1756444776152235729",
      "t" : 1756444776152,
      "tn" : 1756444776152235729,
      "q" : "0.030",
      "p" : "215.52",
      "s" : "buy",
      "i" : "SOL_PYUSD",
      "m" : "4611686018427746496"
    }, {
      "d" : "1756444776150301173",
      "t" : 1756444776150,
      "tn" : 1756444776150301173,
      "q" : "0.030",
      "p" : "215.52",
      "s" : "buy",
      "i" : "SOL_PYUSD",
      "m" : "4611686018427746495"
    }, {
      "d" : "1756444776103228438",
      "t" : 1756444776103,
      "tn" : 1756444776103228438,
      "q" : "0.056",
      "p" : "215.52",
      "s" : "buy",
      "i" : "SOL_PYUSD",
      "m" : "4611686018427746494"
    }, {
      "d" : "1756444776058488073",
      "t" : 1756444776058,
      "tn" : 1756444776058488073,
      "q" : "0.019",
      "p" : "215.52",
      "s" : "buy",
      "i" : "SOL_PYUSD",
      "m" : "4611686018427746493"
    }, {
      "d" : "1756444776058485580",
      "t" : 1756444776058,
      "tn" : 1756444776058485580,
      "q" : "0.009",
      "p" : "215.51",
      "s" : "buy",
      "i" : "SOL_PYUSD",
      "m" : "4611686018427746492"
    }, {
      "d" : "1756444400993953260",
      "t" : 1756444400993,
      "tn" : 1756444400993953260,
      "q" : "0.007",
      "p" : "216.31",
      "s" : "sell",
      "i" : "SOL_PYUSD",
      "m" : "4611686018427746491"
    }, {
      "d" : "1756444117464831744",
      "t" : 1756444117464,
      "tn" : 1756444117464831744,
      "q" : "0.009",
      "p" : "216.61",
      "s" : "sell",
      "i" : "SOL_PYUSD",
      "m" : "4611686018427746490"
    } ]
  }
}