{
  "id" : -1,
  "method" : "public/get-trades",
  "code" : 0,
  "result" : {
    "data" : [ {
      "d" : "1756462457725541490",
      "t" : 1756462457725,
      "tn" : 1756462457725541490,
      "q" : "0.010",
      "p" : "0.0018953",
      "s" : "sell",
      "i" : "SOL_BTC",
      "m" : "4611686018430393628"
    }, {
      "d" : "1756462430179096274",
      "t" : 1756462430179,
      "tn" : 1756462430179096274,
      "q" : "0.006",
      "p" : "0.0018969",
      "s" : "sell",
      "i" : "SOL_BTC",
      "m" : "4611686018430393627"
    }, {
      "d" : "1756462380344682609",
      "t" : 1756462380344,
      "tn" : 1756462380344682608,
      "q" : "0.006",
      "p" : "0.0018991",
      "s" : "buy",
      "i" : "SOL_BTC",
      "m" : "4611686018430393626"
    }, {
      "d" : "1756462380344682608",
      "t" : 1756462380344,
      "tn" : 1756462380344682608,
      "q" : "0.010",
      "p" : "0.0018991",
      "s" : "buy",
      "i" : "SOL_BTC",
      "m" : "4611686018430393626"
    }, {
      "d" : "1756462368792559344",
      "t" : 1756462368792,
      "tn" : 1756462368792559344,
      "q" : "0.006",
      "p" : "0.0018981",
      "s" : "sell",
      "i" : "SOL_BTC",
      "m" : "4611686018430393625"
    }, {
      "d" : "1756462347760814797",
      "t" : 1756462347760,
      "tn" : 1756462347760814797,
      "q" : "0.010",
      "p" : "0.0018973",
      "s" : "buy",
      "i" : "SOL_BTC",
      "m" : "4611686018430393624"
    }, {
      "d" : "1756462332330633412",
      "t" : 1756462332330,
      "tn" : 1756462332330633412,
      "q" : "0.010",
      "p" : "0.0018961",
      "s" : "buy",
      "i" : "SOL_BTC",
      "m" : "4611686018430393623"
    }, {
      "d" : "1756462329039812858",
      "t" : 1756462329039,
      "tn" : 1756462329039812858,
      "q" : "0.010",
      "p" : "0.0018955",
      "s" : "buy",
      "i" : "SOL_BTC",
      "m" : "4611686018430393622"
    }, {
      "d" : "1756462296897065741",
      "t" : 1756462296897,
      "tn" : 1756462296897065741,
      "q" : "0.010",
      "p" : "0.0018956",
      "s" : "buy",
      "i" : "SOL_BTC",
      "m" : "4611686018430393621"
    }, {
      "d" : "1756461781613895434",
      "t" : 1756461781613,
      "tn" : 1756461781613895434,
      "q" : "0.009",
      "p" : "0.0018980",
      "s" : "buy",
      "i" : "SOL_BTC",
      "m" : "4611686018430393620"
    }, {
      "d" : "1756461754268332433",
      "t" : 1756461754268,
      "tn" : 1756461754268332433,
      "q" : "0.100",
      "p" : "0.0018967",
      "s" : "buy",
      "i" : "SOL_BTC",
      "m" : "4611686018430393619"
    }, {
      "d" : "1756461754261525994",
      "t" : 1756461754261,
      "tn" : 1756461754261525994,
      "q" : "0.011",
      "p" : "0.0018966",
      "s" : "buy",
      "i" : "SOL_BTC",
      "m" : "4611686018430393618"
    }, {
      "d" : "1756461751270881764",
      "t" : 1756461751270,
      "tn" : 1756461751270881764,
      "q" : "0.010",
      "p" : "0.0018958",
      "s" : "buy",
      "i" : "SOL_BTC",
      "m" : "4611686018430393617"
    }, {
      "d" : "1756461725860182050",
      "t" : 1756461725860,
      "tn" : 1756461725860182050,
      "q" : "0.031",
      "p" : "0.0018954",
      "s" : "buy",
      "i" : "SOL_BTC",
      "m" : "4611686018430393616"
    }, {
      "d" : "1756461724724225816",
      "t" : 1756461724724,
      "tn" : 1756461724724225816,
      "q" : "0.009",
      "p" : "0.0018946",
      "s" : "buy",
      "i" : "SOL_BTC",
      "m" : "4611686018430393615"
    }, {
      "d" : "1756461685182066802",
      "t" : 1756461685182,
      "tn" : 1756461685182066802,
      "q" : "0.035",
      "p" : "0.0018936",
      "s" : "buy",
      "i" : "SOL_BTC",
      "m" : "4611686018430393614"
    }, {
      "d" : "1756461668412900381",
      "t" : 1756461668412,
      "tn" : 1756461668412900381,
      "q" : "0.010",
      "p" : "0.0018929",
      "s" : "buy",
      "i" : "SOL_BTC",
      "m" : "4611686018430393613"
    }, {
      "d" : "1756461635309939043",
      "t" : 1756461635309,
      "tn" : 1756461635309939043,
      "q" : "0.010",
      "p" : "0.0018905",
      "s" : "buy",
      "i" : "SOL_BTC",
      "m" : "4611686018430393612"
    }, {
      "d" : "1756461347667150084",
      "t" : 1756461347667,
      "tn" : 1756461347667150084,
      "q" : "0.010",
      "p" : "0.0018884",
      "s" : "buy",
      "i" : "SOL_BTC",
      "m" : "4611686018430393611"
    }, {
      "d" : "1756461077494646495",
      "t" : 1756461077494,
      "tn" : 1756461077494646495,
      "q" : "0.016",
      "p" : "0.0018872",
      "s" : "sell",
      "i" : "SOL_BTC",
      "m" : "4611686018430393610"
    }, {
      "d" : "1756461069498851595",
      "t" : 1756461069498,
      "tn" : 1756461069498851595,
      "q" : "0.010",
      "p" : "0.0018875",
      "s" : "sell",
      "i" : "SOL_BTC",
      "m" : "4611686018430393609"
    }, {
      "d" : "1756461024925030748",
      "t" : 1756461024925,
      "tn" : 1756461024925030748,
      "q" : "0.010",
      "p" : "0.0018890",
      "s" : "sell",
      "i" : "SOL_BTC",
      "m" : "4611686018430393608"
    }, {
      "d" : "1756460981780222918",
      "t" : 1756460981780,
      "tn" : 1756460981780222918,
      "q" : "0.010",
      "p" : "0.0018899",
      "s" : "sell",
      "i" : "SOL_BTC",
      "m" : "4611686018430393607"
    }, {
      "d" : "1756460908207044091",
      "t" : 1756460908207,
      "tn" : 1756460908207044091,
      "q" : "0.010",
      "p" : "0.0018892",
      "s" : "buy",
      "i" : "SOL_BTC",
      "m" : "4611686018430393606"
    }, {
      "d" : "1756460863462977944",
      "t" : 1756460863462,
      "tn" : 1756460863462977944,
      "q" : "0.010",
      "p" : "0.0018885",
      "s" : "buy",
      "i" : "SOL_BTC",
      "m" : "4611686018430393605"
    }, {
      "d" : "1756460840370322179",
      "t" : 1756460840370,
      "tn" : 1756460840370322179,
      "q" : "0.006",
      "p" : "0.0018884",
      "s" : "buy",
      "i" : "SOL_BTC",
      "m" : "4611686018430393604"
    }, {
      "d" : "1756460840115554902",
      "t" : 1756460840115,
      "tn" : 1756460840115554902,
      "q" : "0.010",
      "p" : "0.0018873",
      "s" : "buy",
      "i" : "SOL_BTC",
      "m" : "4611686018430393603"
    }, {
      "d" : "1756460840115552958",
      "t" : 1756460840115,
      "tn" : 1756460840115552958,
      "q" : "0.010",
      "p" : "0.0018871",
      "s" : "buy",
      "i" : "SOL_BTC",
      "m" : "4611686018430393602"
    }, {
      "d" : "1756460777881484001",
      "t" : 1756460777881,
      "tn" : 1756460777881484001,
      "q" : "0.208",
      "p" : "0.0018841",
      "s" : "buy",
      "i" : "SOL_BTC",
      "m" : "4611686018430393601"
    }, {
      "d" : "1756460777868032199",
      "t" : 1756460777868,
      "tn" : 1756460777868032199,
      "q" : "0.011",
      "p" : "0.0018841",
      "s" : "buy",
      "i" : "SOL_BTC",
      "m" : "4611686018430393600"
    }, {
      "d" : "1756460777864065304",
      "t" : 1756460777864,
      "tn" : 1756460777864065304,
      "q" : "2.350",
      "p" : "0.0018841",
      "s" : "buy",
      "i" : "SOL_BTC",
      "m" : "4611686018430393599"
    }, {
      "d" : "1756460777863648177",
      "t" : 1756460777863,
      "tn" : 1756460777863648177,
      "q" : "2.420",
      "p" : "0.0018841",
      "s" : "buy",
      "i" : "SOL_BTC",
      "m" : "4611686018430393598"
    }, {
      "d" : "1756460777863574958",
      "t" : 1756460777863,
      "tn" : 1756460777863574958,
      "q" : "2.250",
      "p" : "0.0018841",
      "s" : "buy",
      "i" : "SOL_BTC",
      "m" : "4611686018430393597"
    }, {
      "d" : "1756460777863121271",
      "t" : 1756460777863,
      "tn" : 1756460777863121271,
      "q" : "0.385",
      "p" : "0.0018841",
      "s" : "buy",
      "i" : "SOL_BTC",
      "m" : "4611686018430393596"
    }, {
      "d" : "1756460746934913391",
      "t" : 1756460746934,
      "tn" : 1756460746934913391,
      "q" : "0.029",
      "p" : "0.0018831",
      "s" : "buy",
      "i" : "SOL_BTC",
      "m" : "4611686018430393595"
    }, {
      "d" : "1756460730622425654",
      "t" : 1756460730622,
      "tn" : 1756460730622425654,
      "q" : "0.010",
      "p" : "0.0018817",
      "s" : "buy",
      "i" : "SOL_BTC",
      "m" : "4611686018430393594"
    }, {
      "d" : "1756460712914279795",
      "t" : 1756460712914,
      "tn" : 1756460712914279795,
      "q" : "0.006",
      "p" : "0.0018805",
      "s" : "buy",
      "i" : "SOL_BTC",
      "m" : "4611686018430393593"
    }, {
      "d" : "1756460642802963663",
      "t" : 1756460642802,
      "tn" : 1756460642802963663,
      "q" : "0.010",
      "p" : "0.0018819",
      "s" : "buy",
      "i" : "SOL_BTC",
      "m" : "4611686018430393592"
    }, {
      "d" : "1756460531581110794",
      "t" : 1756460531581,
      "tn" : 1756460531581110794,
      "q" : "0.010",
      "p" : "0.0018832",
      "s" : "buy",
      "i" : "SOL_BTC",
      "m" : "4611686018430393591"
    }, {
      "d" : "1756460468522752307",
      "t" : 1756460468522,
      "tn" : 1756460468522752307,
      "q" : "0.027",
      "p" : "0.0018838",
      "s" : "buy",
      "i" : "SOL_BTC",
      "m" : "4611686018430393590"
    }, {
      "d" : "1756460454029847997",
      "t" : 1756460454029,
      "tn" : 1756460454029847997,
      "q" : "0.010",
      "p" : "0.0018829",
      "s" : "buy",
      "i" : "SOL_BTC",
      "m" : "4611686018430393589"
    }, {
      "d" : "1756460411309717225",
      "t" : 1756460411309,
      "tn" : 1756460411309717225,
      "q" : "21.210",
      "p" : "0.0018837",
      "s" : "buy",
      "i" : "SOL_BTC",
      "m" : "4611686018430393588"
    }, {
      "d" : "1756460411302386928",
      "t" : 1756460411302,
      "tn" : 1756460411302386928,
      "q" : "2.571",
      "p" : "0.0018837",
      "s" : "buy",
      "i" : "SOL_BTC",
      "m" : "4611686018430393587"
    }, {
      "d" : "1756460411217204790",
      "t" : 1756460411217,
      "tn" : 1756460411217204790,
      "q" : "0.010",
      "p" : "0.0018835",
      "s" : "buy",
      "i" : "SOL_BTC",
      "m" : "4611686018430393586"
    }, {
      "d" : "1756460403340489300",
      "t" : 1756460403340,
      "tn" : 1756460403340489300,
      "q" : "0.005",
      "p" : "0.0018829",
      "s" : "buy",
      "i" : "SOL_BTC",
      "m" : "4611686018430393585"
    }, {
      "d" : "1756460363237088979",
      "t" : 1756460363237,
      "tn" : 1756460363237088979,
      "q" : "0.010",
      "p" : "0.0018819",
      "s" : "buy",
      "i" : "SOL_BTC",
      "m" : "4611686018430393584"
    }, {
      "d" : "1756460341698856940",
      "t" : 1756460341698,
      "tn" : 1756460341698856940,
      "q" : "0.010",
      "p" : "0.0018831",
      "s" : "buy",
      "i" : "SOL_BTC",
      "m" : "4611686018430393583"
    }, {
      "d" : "1756460321898914611",
      "t" : 1756460321898,
      "tn" : 1756460321898914611,
      "q" : "0.010",
      "p" : "0.0018828",
      "s" : "buy",
      "i" : "SOL_BTC",
      "m" : "4611686018430393582"
    }, {
      "d" : "1756460282484672143",
      "t" : 1756460282484,
      "tn" : 1756460282484672143,
      "q" : "0.010",
      "p" : "0.0018851",
      "s" : "buy",
      "i" : "SOL_BTC",
      "m" : "4611686018430393581"
    }, {
      "d" : "1756460282466978073",
      "t" : 1756460282466,
      "tn" : 1756460282466978073,
      "q" : "0.010",
      "p" : "0.0018846",
      "s" : "buy",
      "i" : "SOL_BTC",
      "m" : "4611686018430393580"
    }, {
      "d" : "1756460234158861491",
      "t" : 1756460234158,
      "tn" : 1756460234158861491,
      "q" : "0.010",
      "p" : "0.0018849",
      "s" : "buy",
      "i" : "SOL_BTC",
      "m" : "4611686018430393579"
    }, {
      "d" : "1756460221680291760",
      "t" : 1756460221680,
      "tn" : 1756460221680291760,
      "q" : "0.010",
      "p" : "0.0018843",
      "s" : "buy",
      "i" : "SOL_BTC",
      "m" : "4611686018430393578"
    }, {
      "d" : "1756460182398153624",
      "t" : 1756460182398,
      "tn" : 1756460182398153624,
      "q" : "0.006",
      "p" : "0.0018842",
      "s" : "buy",
      "i" : "SOL_BTC",
      "m" : "4611686018430393577"
    }, {
      "d" : "1756460166967923008",
      "t" : 1756460166967,
      "tn" : 1756460166967923008,
      "q" : "0.010",
      "p" : "0.0018850",
      "s" : "sell",
      "i" : "SOL_BTC",
      "m" : "4611686018430393576"
    }, {
      "d" : "1756460073091409639",
      "t" : 1756460073091,
      "tn" : 1756460073091409639,
      "q" : "0.006",
      "p" : "0.0018858",
      "s" : "sell",
      "i" : "SOL_BTC",
      "m" : "4611686018430393575"
    }, {
      "d" : "1756459863408660108",
      "t" : 1756459863408,
      "tn" : 1756459863408660108,
      "q" : "0.010",
      "p" : "0.0018909",
      "s" : "buy",
      "i" : "SOL_BTC",
      "m" : "4611686018430393574"
    }, {
      "d" : "1756459863408657543",
      "t" : 1756459863408,
      "tn" : 1756459863408657543,
      "q" : "0.006",
      "p" : "0.0018904",
      "s" : "buy",
      "i" : "SOL_BTC",
      "m" : "4611686018430393573"
    }, {
      "d" : "1756459814559825945",
      "t" : 1756459814559,
      "tn" : 1756459814559825945,
      "q" : "0.010",
      "p" : "0.0018888",
      "s" : "sell",
      "i" : "SOL_BTC",
      "m" : "4611686018430393572"
    }, {
      "d" : "1756459645077064483",
      "t" : 1756459645077,
      "tn" : 1756459645077064483,
      "q" : "0.010",
      "p" : "0.0018878",
      "s" : "sell",
      "i" : "SOL_BTC",
      "m" : "4611686018430393571"
    }, {
      "d" : "1756459571033496483",
      "t" : 1756459571033,
      "tn" : 1756459571033496483,
      "q" : "2.810",
      "p" : "0.0018907",
      "s" : "sell",
      "i" : "SOL_BTC",
      "m" : "4611686018430393570"
    }, {
      "d" : "1756459568502640234",
      "t" : 1756459568502,
      "tn" : 1756459568502640234,
      "q" : "0.028",
      "p" : "0.0018907",
      "s" : "sell",
      "i" : "SOL_BTC",
      "m" : "4611686018430393569"
    }, {
      "d" : "1756459549775630977",
      "t" : 1756459549775,
      "tn" : 1756459549775630977,
      "q" : "0.010",
      "p" : "0.0018912",
      "s" : "buy",
      "i" : "SOL_BTC",
      "m" : "4611686018430393568"
    }, {
      "d" : "1756459545365661822",
      "t" : 1756459545365,
      "tn" : 1756459545365661822,
      "q" : "0.006",
      "p" : "0.0018899",
      "s" : "buy",
      "i" : "SOL_BTC",
      "m" : "4611686018430393567"
    }, {
      "d" : "1756459545355947745",
      "t" : 1756459545355,
      "tn" : 1756459545355947745,
      "q" : "0.006",
      "p" : "0.0018897",
      "s" : "buy",
      "i" : "SOL_BTC",
      "m" : "4611686018430393566"
    }, {
      "d" : "1756459545348059352",
      "t" : 1756459545348,
      "tn" : 1756459545348059352,
      "q" : "0.006",
      "p" : "0.0018895",
      "s" : "buy",
      "i" : "SOL_BTC",
      "m" : "4611686018430393565"
    }, {
      "d" : "1756459425818710407",
      "t" : 1756459425818,
      "tn" : 1756459425818710407,
      "q" : "2.406",
      "p" : "0.0018907",
      "s" : "sell",
      "i" : "SOL_BTC",
      "m" : "4611686018430393564"
    }, {
      "d" : "1756459425813440124",
      "t" : 1756459425813,
      "tn" : 1756459425813440124,
      "q" : "6.010",
      "p" : "0.0018907",
      "s" : "sell",
      "i" : "SOL_BTC",
      "m" : "4611686018430393563"
    }, {
      "d" : "1756459425799266335",
      "t" : 1756459425799,
      "tn" : 1756459425799266335,
      "q" : "2.679",
      "p" : "0.0018907",
      "s" : "sell",
      "i" : "SOL_BTC",
      "m" : "4611686018430393562"
    }, {
      "d" : "1756459421810043363",
      "t" : 1756459421810,
      "tn" : 1756459421810043363,
      "q" : "7.171",
      "p" : "0.0018907",
      "s" : "sell",
      "i" : "SOL_BTC",
      "m" : "4611686018430393561"
    }, {
      "d" : "1756459419377851907",
      "t" : 1756459419377,
      "tn" : 1756459419377851907,
      "q" : "0.010",
      "p" : "0.0018913",
      "s" : "sell",
      "i" : "SOL_BTC",
      "m" : "4611686018430393560"
    }, {
      "d" : "1756459355798996532",
      "t" : 1756459355798,
      "tn" : 1756459355798996532,
      "q" : "0.010",
      "p" : "0.0018922",
      "s" : "buy",
      "i" : "SOL_BTC",
      "m" : "4611686018430393559"
    }, {
      "d" : "1756459207689958218",
      "t" : 1756459207689,
      "tn" : 1756459207689958218,
      "q" : "0.013",
      "p" : "0.0018908",
      "s" : "buy",
      "i" : "SOL_BTC",
      "m" : "4611686018430393558"
    }, {
      "d" : "1756459181954603937",
      "t" : 1756459181954,
      "tn" : 1756459181954603937,
      "q" : "0.015",
      "p" : "0.0018896",
      "s" : "buy",
      "i" : "SOL_BTC",
      "m" : "4611686018430393557"
    }, {
      "d" : "1756459106714862478",
      "t" : 1756459106714,
      "tn" : 1756459106714862478,
      "q" : "0.016",
      "p" : "0.0018878",
      "s" : "buy",
      "i" : "SOL_BTC",
      "m" : "4611686018430393556"
    }, {
      "d" : "1756459103510335768",
      "t" : 1756459103510,
      "tn" : 1756459103510335768,
      "q" : "0.010",
      "p" : "0.0018875",
      "s" : "buy",
      "i" : "SOL_BTC",
      "m" : "4611686018430393555"
    }, {
      "d" : "1756459087107780436",
      "t" : 1756459087107,
      "tn" : 1756459087107780436,
      "q" : "0.010",
      "p" : "0.0018863",
      "s" : "buy",
      "i" : "SOL_BTC",
      "m" : "4611686018430393554"
    }, {
      "d" : "1756459073907716610",
      "t" : 1756459073907,
      "tn" : 1756459073907716610,
      "q" : "0.006",
      "p" : "0.0018853",
      "s" : "buy",
      "i" : "SOL_BTC",
      "m" : "4611686018430393553"
    }, {
      "d" : "1756459073861833457",
      "t" : 1756459073861,
      "tn" : 1756459073861833457,
      "q" : "0.006",
      "p" : "0.0018853",
      "s" : "buy",
      "i" : "SOL_BTC",
      "m" : "4611686018430393552"
    }, {
      "d" : "1756459073715778115",
      "t" : 1756459073715,
      "tn" : 1756459073715778115,
      "q" : "0.006",
      "p" : "0.0018846",
      "s" : "buy",
      "i" : "SOL_BTC",
      "m" : "4611686018430393551"
    }, {
      "d" : "1756459073704121911",
      "t" : 1756459073704,
      "tn" : 1756459073704121911,
      "q" : "0.006",
      "p" : "0.0018844",
      "s" : "buy",
      "i" : "SOL_BTC",
      "m" : "4611686018430393550"
    }, {
      "d" : "1756459063760762474",
      "t" : 1756459063760,
      "tn" : 1756459063760762474,
      "q" : "0.010",
      "p" : "0.0018841",
      "s" : "buy",
      "i" : "SOL_BTC",
      "m" : "4611686018430393549"
    }, {
      "d" : "1756458975633006515",
      "t" : 1756458975633,
      "tn" : 1756458975633006515,
      "q" : "0.024",
      "p" : "0.0018838",
      "s" : "buy",
      "i" : "SOL_BTC",
      "m" : "4611686018430393548"
    }, {
      "d" : "1756458947829015992",
      "t" : 1756458947829,
      "tn" : 1756458947829015992,
      "q" : "7.070",
      "p" : "0.0018822",
      "s" : "buy",
      "i" : "SOL_BTC",
      "m" : "4611686018430393547"
    }, {
      "d" : "1756458873001793680",
      "t" : 1756458873001,
      "tn" : 1756458873001793680,
      "q" : "0.005",
      "p" : "0.0018816",
      "s" : "buy",
      "i" : "SOL_BTC",
      "m" : "4611686018430393546"
    }, {
      "d" : "1756458795774824507",
      "t" : 1756458795774,
      "tn" : 1756458795774824507,
      "q" : "0.005",
      "p" : "0.0018844",
      "s" : "buy",
      "i" : "SOL_BTC",
      "m" : "4611686018430393545"
    }, {
      "d" : "1756458780177883581",
      "t" : 1756458780177,
      "tn" : 1756458780177883581,
      "q" : "0.010",
      "p" : "0.0018839",
      "s" : "buy",
      "i" : "SOL_BTC",
      "m" : "4611686018430393544"
    }, {
      "d" : "1756458725908413131",
      "t" : 1756458725908,
      "tn" : 1756458725908413131,
      "q" : "0.010",
      "p" : "0.0018821",
      "s" : "sell",
      "i" : "SOL_BTC",
      "m" : "4611686018430393543"
    }, {
      "d" : "1756458702568096458",
      "t" : 1756458702568,
      "tn" : 1756458702568096458,
      "q" : "0.006",
      "p" : "0.0018824",
      "s" : "buy",
      "i" : "SOL_BTC",
      "m" : "4611686018430393542"
    }, {
      "d" : "1756458616712923380",
      "t" : 1756458616712,
      "tn" : 1756458616712923380,
      "q" : "0.010",
      "p" : "0.0018798",
      "s" : "sell",
      "i" : "SOL_BTC",
      "m" : "4611686018430393541"
    }, {
      "d" : "1756458607427339833",
      "t" : 1756458607427,
      "tn" : 1756458607427339833,
      "q" : "0.010",
      "p" : "0.0018798",
      "s" : "sell",
      "i" : "SOL_BTC",
      "m" : "4611686018430393540"
    }, {
      "d" : "1756458548127378078",
      "t" : 1756458548127,
      "tn" : 1756458548127378078,
      "q" : "0.010",
      "p" : "0.0018811",
      "s" : "buy",
      "i" : "SOL_BTC",
      "m" : "4611686018430393539"
    }, {
      "d" : "1756458451593699426",
      "t" : 1756458451593,
      "tn" : 1756458451593699426,
      "q" : "0.010",
      "p" : "0.0018781",
      "s" : "sell",
      "i" : "SOL_BTC",
      "m" : "4611686018430393538"
    }, {
      "d" : "1756458439009492392",
      "t" : 1756458439009,
      "tn" : 1756458439009492392,
      "q" : "0.010",
      "p" : "0.0018785",
      "s" : "sell",
      "i" : "SOL_BTC",
      "m" : "4611686018430393537"
    }, {
      "d" : "1756458318905230876",
      "t" : 1756458318905,
      "tn" : 1756458318905230876,
      "q" : "0.010",
      "p" : "0.0018828",
      "s" : "buy",
      "i" : "SOL_BTC",
      "m" : "4611686018430393536"
    }, {
      "d" : "1756458314030018774",
      "t" : 1756458314030,
      "tn" : 1756458314030018774,
      "q" : "0.391",
      "p" : "0.0018815",
      "s" : "sell",
      "i" : "SOL_BTC",
      "m" : "4611686018430393535"
    }, {
      "d" : "1756458306438350827",
      "t" : 1756458306438,
      "tn" : 1756458306438350827,
      "q" : "0.006",
      "p" : "0.0018822",
      "s" : "sell",
      "i" : "SOL_BTC",
      "m" : "4611686018430393534"
    }, {
      "d" : "1756458266667933826",
      "t" : 1756458266667,
      "tn" : 1756458266667933826,
      "q" : "0.377",
      "p" : "0.0018796",
      "s" : "buy",
      "i" : "SOL_BTC",
      "m" : "4611686018430393533"
    }, {
      "d" : "1756458266661473577",
      "t" : 1756458266661,
      "tn" : 1756458266661473577,
      "q" : "0.006",
      "p" : "0.0018816",
      "s" : "sell",
      "i" : "SOL_BTC",
      "m" : "4611686018430393532"
    }, {
      "d" : "1756458261856492679",
      "t" : 1756458261856,
      "tn" : 1756458261856492679,
      "q" : "0.010",
      "p" : "0.0018819",
      "s" : "buy",
      "i" : "SOL_BTC",
      "m" : "4611686018430393531"
    }, {
      "d" : "1756458177693009206",
      "t" : 1756458177693,
      "tn" : 1756458177693009206,
      "q" : "0.341",
      "p" : "0.0018794",
      "s" : "sell",
      "i" : "SOL_BTC",
      "m" : "4611686018430393530"
    }, {
      "d" : "1756458177690736995",
      "t" : 1756458177690,
      "tn" : 1756458177690736995,
      "q" : "0.324",
      "p" : "0.0018794",
      "s" : "sell",
      "i" : "SOL_BTC",
      "m" : "4611686018430393529"
    }, {
      "d" : "1756458177681669565",
      "t" : 1756458177681,
      "tn" : 1756458177681669565,
      "q" : "1.235",
      "p" : "0.0018794",
      "s" : "sell",
      "i" : "SOL_BTC",
      "m" : "4611686018430393528"
    }, {
      "d" : "1756458177331166550",
      "t" : 1756458177331,
      "tn" : 1756458177331166550,
      "q" : "0.399",
      "p" : "0.0018795",
      "s" : "sell",
      "i" : "SOL_BTC",
      "m" : "4611686018430393527"
    }, {
      "d" : "1756458176989347833",
      "t" : 1756458176989,
      "tn" : 1756458176989347833,
      "q" : "0.010",
      "p" : "0.0018796",
      "s" : "sell",
      "i" : "SOL_BTC",
      "m" : "4611686018430393526"
    }, {
      "d" : "1756458121779608552",
      "t" : 1756458121779,
      "tn" : 1756458121779608552,
      "q" : "0.005",
      "p" : "0.0018821",
      "s" : "buy",
      "i" : "SOL_BTC",
      "m" : "4611686018430393525"
    }, {
      "d" : "1756458092598494680",
      "t" : 1756458092598,
      "tn" : 1756458092598494680,
      "q" : "0.409",
      "p" : "0.0018852",
      "s" : "buy",
      "i" : "SOL_BTC",
      "m" : "4611686018430393524"
    }, {
      "d" : "1756458092598491320",
      "t" : 1756458092598,
      "tn" : 1756458092598491320,
      "q" : "0.006",
      "p" : "0.0018833",
      "s" : "buy",
      "i" : "SOL_BTC",
      "m" : "4611686018430393523"
    }, {
      "d" : "1756458065492851941",
      "t" : 1756458065492,
      "tn" : 1756458065492851941,
      "q" : "0.010",
      "p" : "0.0018832",
      "s" : "buy",
      "i" : "SOL_BTC",
      "m" : "4611686018430393522"
    }, {
      "d" : "1756458061330520898",
      "t" : 1756458061330,
      "tn" : 1756458061330520898,
      "q" : "0.006",
      "p" : "0.0018813",
      "s" : "buy",
      "i" : "SOL_BTC",
      "m" : "4611686018430393521"
    }, {
      "d" : "1756458059339788739",
      "t" : 1756458059339,
      "tn" : 1756458059339788739,
      "q" : "0.010",
      "p" : "0.0018825",
      "s" : "sell",
      "i" : "SOL_BTC",
      "m" : "4611686018430393520"
    }, {
      "d" : "1756458050565323943",
      "t" : 1756458050565,
      "tn" : 1756458050565323943,
      "q" : "0.005",
      "p" : "0.0018834",
      "s" : "buy",
      "i" : "SOL_BTC",
      "m" : "4611686018430393519"
    }, {
      "d" : "1756458050268857322",
      "t" : 1756458050268,
      "tn" : 1756458050268857322,
      "q" : "0.005",
      "p" : "0.0018834",
      "s" : "buy",
      "i" : "SOL_BTC",
      "m" : "4611686018430393518"
    }, {
      "d" : "1756458047827004271",
      "t" : 1756458047827,
      "tn" : 1756458047827004271,
      "q" : "0.005",
      "p" : "0.0018838",
      "s" : "buy",
      "i" : "SOL_BTC",
      "m" : "4611686018430393517"
    }, {
      "d" : "1756458045373211632",
      "t" : 1756458045373,
      "tn" : 1756458045373211632,
      "q" : "0.005",
      "p" : "0.0018842",
      "s" : "buy",
      "i" : "SOL_BTC",
      "m" : "4611686018430393516"
    }, {
      "d" : "1756458041002835648",
      "t" : 1756458041002,
      "tn" : 1756458041002835648,
      "q" : "0.005",
      "p" : "0.0018840",
      "s" : "buy",
      "i" : "SOL_BTC",
      "m" : "4611686018430393515"
    }, {
      "d" : "1756458038795206651",
      "t" : 1756458038795,
      "tn" : 1756458038795206651,
      "q" : "0.005",
      "p" : "0.0018840",
      "s" : "buy",
      "i" : "SOL_BTC",
      "m" : "4611686018430393514"
    }, {
      "d" : "1756458034250263469",
      "t" : 1756458034250,
      "tn" : 1756458034250263469,
      "q" : "0.005",
      "p" : "0.0018850",
      "s" : "buy",
      "i" : "SOL_BTC",
      "m" : "4611686018430393513"
    }, {
      "d" : "1756458032255231241",
      "t" : 1756458032255,
      "tn" : 1756458032255231241,
      "q" : "0.006",
      "p" : "0.0018862",
      "s" : "buy",
      "i" : "SOL_BTC",
      "m" : "4611686018430393512"
    }, {
      "d" : "1756458029812968344",
      "t" : 1756458029812,
      "tn" : 1756458029812968344,
      "q" : "0.009",
      "p" : "0.0018863",
      "s" : "buy",
      "i" : "SOL_BTC",
      "m" : "4611686018430393511"
    }, {
      "d" : "1756458029812966318",
      "t" : 1756458029812,
      "tn" : 1756458029812966318,
      "q" : "0.006",
      "p" : "0.0018860",
      "s" : "buy",
      "i" : "SOL_BTC",
      "m" : "4611686018430393510"
    }, {
      "d" : "1756458026270851401",
      "t" : 1756458026270,
      "tn" : 1756458026270851401,
      "q" : "0.010",
      "p" : "0.0018855",
      "s" : "buy",
      "i" : "SOL_BTC",
      "m" : "4611686018430393509"
    }, {
      "d" : "1756458026270848777",
      "t" : 1756458026270,
      "tn" : 1756458026270848777,
      "q" : "0.006",
      "p" : "0.0018852",
      "s" : "buy",
      "i" : "SOL_BTC",
      "m" : "4611686018430393508"
    }, {
      "d" : "1756458010167879223",
      "t" : 1756458010167,
      "tn" : 1756458010167879223,
      "q" : "0.354",
      "p" : "0.0018855",
      "s" : "sell",
      "i" : "SOL_BTC",
      "m" : "4611686018430393507"
    }, {
      "d" : "1756457980826431713",
      "t" : 1756457980826,
      "tn" : 1756457980826431713,
      "q" : "1.919",
      "p" : "0.0018856",
      "s" : "sell",
      "i" : "SOL_BTC",
      "m" : "4611686018430393506"
    }, {
      "d" : "1756457966062366842",
      "t" : 1756457966062,
      "tn" : 1756457966062366842,
      "q" : "10.000",
      "p" : "0.0018856",
      "s" : "sell",
      "i" : "SOL_BTC",
      "m" : "4611686018430393505"
    }, {
      "d" : "1756457966000900647",
      "t" : 1756457966000,
      "tn" : 1756457966000900647,
      "q" : "1.316",
      "p" : "0.0018856",
      "s" : "sell",
      "i" : "SOL_BTC",
      "m" : "4611686018430393504"
    }, {
      "d" : "1756457965928307089",
      "t" : 1756457965928,
      "tn" : 1756457965928307089,
      "q" : "0.267",
      "p" : "0.0018856",
      "s" : "sell",
      "i" : "SOL_BTC",
      "m" : "4611686018430393503"
    }, {
      "d" : "1756457955373514799",
      "t" : 1756457955373,
      "tn" : 1756457955373514799,
      "q" : "0.006",
      "p" : "0.0018852",
      "s" : "buy",
      "i" : "SOL_BTC",
      "m" : "4611686018430393502"
    }, {
      "d" : "1756457893325436526",
      "t" : 1756457893325,
      "tn" : 1756457893325436526,
      "q" : "0.006",
      "p" : "0.0018852",
      "s" : "sell",
      "i" : "SOL_BTC",
      "m" : "4611686018430393501"
    }, {
      "d" : "1756457884280613876",
      "t" : 1756457884280,
      "tn" : 1756457884280613876,
      "q" : "0.010",
      "p" : "0.0018846",
      "s" : "buy",
      "i" : "SOL_BTC",
      "m" : "4611686018430393500"
    }, {
      "d" : "1756457839059956274",
      "t" : 1756457839059,
      "tn" : 1756457839059956274,
      "q" : "0.006",
      "p" : "0.0018849",
      "s" : "sell",
      "i" : "SOL_BTC",
      "m" : "4611686018430393499"
    }, {
      "d" : "1756457833755792557",
      "t" : 1756457833755,
      "tn" : 1756457833755792557,
      "q" : "0.010",
      "p" : "0.0018846",
      "s" : "sell",
      "i" : "SOL_BTC",
      "m" : "4611686018430393498"
    }, {
      "d" : "1756457747517946007",
      "t" : 1756457747517,
      "tn" : 1756457747517946007,
      "q" : "0.006",
      "p" : "0.0018884",
      "s" : "sell",
      "i" : "SOL_BTC",
      "m" : "4611686018430393497"
    }, {
      "d" : "1756457741533330336",
      "t" : 1756457741533,
      "tn" : 1756457741533330336,
      "q" : "0.006",
      "p" : "0.0018876",
      "s" : "sell",
      "i" : "SOL_BTC",
      "m" : "4611686018430393496"
    }, {
      "d" : "1756457708602708489",
      "t" : 1756457708602,
      "tn" : 1756457708602708489,
      "q" : "0.041",
      "p" : "0.0018890",
      "s" : "buy",
      "i" : "SOL_BTC",
      "m" : "4611686018430393495"
    }, {
      "d" : "1756457674146007947",
      "t" : 1756457674146,
      "tn" : 1756457674146007947,
      "q" : "0.010",
      "p" : "0.0018891",
      "s" : "buy",
      "i" : "SOL_BTC",
      "m" : "4611686018430393494"
    }, {
      "d" : "1756457661065816173",
      "t" : 1756457661065,
      "tn" : 1756457661065816173,
      "q" : "0.010",
      "p" : "0.0018903",
      "s" : "buy",
      "i" : "SOL_BTC",
      "m" : "4611686018430393493"
    }, {
      "d" : "1756457653520711621",
      "t" : 1756457653520,
      "tn" : 1756457653520711621,
      "q" : "0.006",
      "p" : "0.0018906",
      "s" : "sell",
      "i" : "SOL_BTC",
      "m" : "4611686018430393492"
    }, {
      "d" : "1756457596045065502",
      "t" : 1756457596045,
      "tn" : 1756457596045065502,
      "q" : "0.010",
      "p" : "0.0018923",
      "s" : "buy",
      "i" : "SOL_BTC",
      "m" : "4611686018430393491"
    }, {
      "d" : "1756457573044316794",
      "t" : 1756457573044,
      "tn" : 1756457573044316794,
      "q" : "0.010",
      "p" : "0.0018922",
      "s" : "sell",
      "i" : "SOL_BTC",
      "m" : "4611686018430393490"
    }, {
      "d" : "1756457505506966199",
      "t" : 1756457505506,
      "tn" : 1756457505506966199,
      "q" : "0.010",
      "p" : "0.0018934",
      "s" : "sell",
      "i" : "SOL_BTC",
      "m" : "4611686018430393489"
    }, {
      "d" : "1756457432398899398",
      "t" : 1756457432398,
      "tn" : 1756457432398899398,
      "q" : "0.010",
      "p" : "0.0018978",
      "s" : "buy",
      "i" : "SOL_BTC",
      "m" : "4611686018430393488"
    }, {
      "d" : "1756457388354545423",
      "t" : 1756457388354,
      "tn" : 1756457388354545423,
      "q" : "0.010",
      "p" : "0.0018966",
      "s" : "buy",
      "i" : "SOL_BTC",
      "m" : "4611686018430393487"
    }, {
      "d" : "1756457388354543114",
      "t" : 1756457388354,
      "tn" : 1756457388354543114,
      "q" : "0.006",
      "p" : "0.0018963",
      "s" : "buy",
      "i" : "SOL_BTC",
      "m" : "4611686018430393486"
    }, {
      "d" : "1756457386631980411",
      "t" : 1756457386631,
      "tn" : 1756457386631980411,
      "q" : "0.010",
      "p" : "0.0018968",
      "s" : "buy",
      "i" : "SOL_BTC",
      "m" : "4611686018430393485"
    }, {
      "d" : "1756457386631977692",
      "t" : 1756457386631,
      "tn" : 1756457386631977692,
      "q" : "0.006",
      "p" : "0.0018967",
      "s" : "buy",
      "i" : "SOL_BTC",
      "m" : "4611686018430393484"
    }, {
      "d" : "1756457385771667750",
      "t" : 1756457385771,
      "tn" : 1756457385771667749,
      "q" : "0.006",
      "p" : "0.0018967",
      "s" : "buy",
      "i" : "SOL_BTC",
      "m" : "4611686018430393483"
    }, {
      "d" : "1756457385771667749",
      "t" : 1756457385771,
      "tn" : 1756457385771667749,
      "q" : "0.010",
      "p" : "0.0018967",
      "s" : "buy",
      "i" : "SOL_BTC",
      "m" : "4611686018430393483"
    }, {
      "d" : "1756457370056051869",
      "t" : 1756457370056,
      "tn" : 1756457370056051869,
      "q" : "0.006",
      "p" : "0.0018965",
      "s" : "buy",
      "i" : "SOL_BTC",
      "m" : "4611686018430393482"
    }, {
      "d" : "1756457323084261992",
      "t" : 1756457323084,
      "tn" : 1756457323084261992,
      "q" : "0.010",
      "p" : "0.0018979",
      "s" : "buy",
      "i" : "SOL_BTC",
      "m" : "4611686018430393481"
    } ]
  }
}