{
  "id" : -1,
  "method" : "public/get-trades",
  "code" : 0,
  "result" : {
    "data" : [ {
      "d" : "1756462488188311952",
      "t" : 1756462488188,
      "tn" : 1756462488188311952,
      "q" : "0.715",
      "p" : "208.22",
      "s" : "buy",
      "i" : "SOL_USD",
      "m" : "4611686018498992598"
    }, {
      "d" : "1756462487023581221",
      "t" : 1756462487023,
      "tn" : 1756462487023581221,
      "q" : "1.080",
      "p" : "208.24",
      "s" : "sell",
      "i" : "SOL_USD",
      "m" : "4611686018498992597"
    }, {
      "d" : "1756462487023156922",
      "t" : 1756462487023,
      "tn" : 1756462487023156922,
      "q" : "1.540",
      "p" : "208.24",
      "s" : "sell",
      "i" : "SOL_USD",
      "m" : "4611686018498992596"
    }, {
      "d" : "1756462487023096316",
      "t" : 1756462487023,
      "tn" : 1756462487023096316,
      "q" : "0.678",
      "p" : "208.24",
      "s" : "sell",
      "i" : "SOL_USD",
      "m" : "4611686018498992595"
    }, {
      "d" : "1756462487023094846",
      "t" : 1756462487023,
      "tn" : 1756462487023094845,
      "q" : "0.010",
      "p" : "208.25",
      "s" : "sell",
      "i" : "SOL_USD",
      "m" : "4611686018498992594"
    }, {
      "d" : "1756462487023094845",
      "t" : 1756462487023,
      "tn" : 1756462487023094845,
      "q" : "1.692",
      "p" : "208.25",
      "s" : "sell",
      "i" : "SOL_USD",
      "m" : "4611686018498992594"
    }, {
      "d" : "1756462487010717116",
      "t" : 1756462487010,
      "tn" : 1756462487010717116,
      "q" : "13.890",
      "p" : "208.26",
      "s" : "buy",
      "i" : "SOL_USD",
      "m" : "4611686018498992593"
    }, {
      "d" : "1756462485924198125",
      "t" : 1756462485924,
      "tn" : 1756462485924198125,
      "q" : "13.916",
      "p" : "208.26",
      "s" : "buy",
      "i" : "SOL_USD",
      "m" : "4611686018498992592"
    }, {
      "d" : "1756462485618633863",
      "t" : 1756462485618,
      "tn" : 1756462485618633861,
      "q" : "0.320",
      "p" : "208.26",
      "s" : "buy",
      "i" : "SOL_USD",
      "m" : "4611686018498992591"
    }, {
      "d" : "1756462485618633862",
      "t" : 1756462485618,
      "tn" : 1756462485618633861,
      "q" : "3.922",
      "p" : "208.26",
      "s" : "buy",
      "i" : "SOL_USD",
      "m" : "4611686018498992591"
    }, {
      "d" : "1756462485618633861",
      "t" : 1756462485618,
      "tn" : 1756462485618633861,
      "q" : "5.262",
      "p" : "208.26",
      "s" : "buy",
      "i" : "SOL_USD",
      "m" : "4611686018498992591"
    }, {
      "d" : "1756462485521027230",
      "t" : 1756462485521,
      "tn" : 1756462485521027229,
      "q" : "3.000",
      "p" : "208.26",
      "s" : "buy",
      "i" : "SOL_USD",
      "m" : "4611686018498992590"
    }, {
      "d" : "1756462485521027229",
      "t" : 1756462485521,
      "tn" : 1756462485521027229,
      "q" : "4.712",
      "p" : "208.26",
      "s" : "buy",
      "i" : "SOL_USD",
      "m" : "4611686018498992590"
    }, {
      "d" : "1756462485363136388",
      "t" : 1756462485363,
      "tn" : 1756462485363136388,
      "q" : "9.200",
      "p" : "208.26",
      "s" : "buy",
      "i" : "SOL_USD",
      "m" : "4611686018498992589"
    }, {
      "d" : "1756462485265874328",
      "t" : 1756462485265,
      "tn" : 1756462485265874328,
      "q" : "0.110",
      "p" : "208.27",
      "s" : "sell",
      "i" : "SOL_USD",
      "m" : "4611686018498992588"
    }, {
      "d" : "1756462485265871497",
      "t" : 1756462485265,
      "tn" : 1756462485265871497,
      "q" : "1.889",
      "p" : "208.27",
      "s" : "sell",
      "i" : "SOL_USD",
      "m" : "4611686018498992587"
    }, {
      "d" : "1756462485265802741",
      "t" : 1756462485265,
      "tn" : 1756462485265802741,
      "q" : "1.740",
      "p" : "208.27",
      "s" : "sell",
      "i" : "SOL_USD",
      "m" : "4611686018498992586"
    }, {
      "d" : "1756462485265683317",
      "t" : 1756462485265,
      "tn" : 1756462485265683317,
      "q" : "0.258",
      "p" : "208.27",
      "s" : "sell",
      "i" : "SOL_USD",
      "m" : "4611686018498992585"
    }, {
      "d" : "1756462485265682060",
      "t" : 1756462485265,
      "tn" : 1756462485265682060,
      "q" : "1.542",
      "p" : "208.28",
      "s" : "sell",
      "i" : "SOL_USD",
      "m" : "4611686018498992584"
    }, {
      "d" : "1756462485265595792",
      "t" : 1756462485265,
      "tn" : 1756462485265595792,
      "q" : "1.458",
      "p" : "208.28",
      "s" : "sell",
      "i" : "SOL_USD",
      "m" : "4611686018498992583"
    }, {
      "d" : "1756462485265310819",
      "t" : 1756462485265,
      "tn" : 1756462485265310819,
      "q" : "0.025",
      "p" : "208.29",
      "s" : "sell",
      "i" : "SOL_USD",
      "m" : "4611686018498992582"
    }, {
      "d" : "1756462481506841983",
      "t" : 1756462481506,
      "tn" : 1756462481506841983,
      "q" : "1.650",
      "p" : "208.30",
      "s" : "buy",
      "i" : "SOL_USD",
      "m" : "4611686018498992581"
    }, {
      "d" : "1756462481506615138",
      "t" : 1756462481506,
      "tn" : 1756462481506615138,
      "q" : "0.350",
      "p" : "208.30",
      "s" : "buy",
      "i" : "SOL_USD",
      "m" : "4611686018498992580"
    }, {
      "d" : "1756462481506560019",
      "t" : 1756462481506,
      "tn" : 1756462481506560019,
      "q" : "5.000",
      "p" : "208.30",
      "s" : "buy",
      "i" : "SOL_USD",
      "m" : "4611686018498992579"
    }, {
      "d" : "1756462480691824836",
      "t" : 1756462480691,
      "tn" : 1756462480691824836,
      "q" : "1.999",
      "p" : "208.28",
      "s" : "buy",
      "i" : "SOL_USD",
      "m" : "4611686018498992578"
    }, {
      "d" : "1756462480691819364",
      "t" : 1756462480691,
      "tn" : 1756462480691819364,
      "q" : "4.999",
      "p" : "208.28",
      "s" : "buy",
      "i" : "SOL_USD",
      "m" : "4611686018498992577"
    }, {
      "d" : "1756462480420754639",
      "t" : 1756462480420,
      "tn" : 1756462480420754639,
      "q" : "1.780",
      "p" : "208.28",
      "s" : "sell",
      "i" : "SOL_USD",
      "m" : "4611686018498992576"
    }, {
      "d" : "1756462480420638869",
      "t" : 1756462480420,
      "tn" : 1756462480420638869,
      "q" : "0.220",
      "p" : "208.28",
      "s" : "sell",
      "i" : "SOL_USD",
      "m" : "4611686018498992575"
    }, {
      "d" : "1756462480420537724",
      "t" : 1756462480420,
      "tn" : 1756462480420537724,
      "q" : "1.490",
      "p" : "208.28",
      "s" : "sell",
      "i" : "SOL_USD",
      "m" : "4611686018498992574"
    }, {
      "d" : "1756462480420263783",
      "t" : 1756462480420,
      "tn" : 1756462480420263783,
      "q" : "2.020",
      "p" : "208.30",
      "s" : "sell",
      "i" : "SOL_USD",
      "m" : "4611686018498992573"
    }, {
      "d" : "1756462480420207717",
      "t" : 1756462480420,
      "tn" : 1756462480420207717,
      "q" : "1.490",
      "p" : "208.30",
      "s" : "sell",
      "i" : "SOL_USD",
      "m" : "4611686018498992572"
    }, {
      "d" : "1756462479653186792",
      "t" : 1756462479653,
      "tn" : 1756462479653186792,
      "q" : "3.538",
      "p" : "208.30",
      "s" : "buy",
      "i" : "SOL_USD",
      "m" : "4611686018498992571"
    }, {
      "d" : "1756462479651741130",
      "t" : 1756462479651,
      "tn" : 1756462479651741129,
      "q" : "4.452",
      "p" : "208.30",
      "s" : "buy",
      "i" : "SOL_USD",
      "m" : "4611686018498992570"
    }, {
      "d" : "1756462479651741129",
      "t" : 1756462479651,
      "tn" : 1756462479651741129,
      "q" : "13.748",
      "p" : "208.30",
      "s" : "buy",
      "i" : "SOL_USD",
      "m" : "4611686018498992570"
    }, {
      "d" : "1756462478847593288",
      "t" : 1756462478847,
      "tn" : 1756462478847593288,
      "q" : "2.000",
      "p" : "208.30",
      "s" : "sell",
      "i" : "SOL_USD",
      "m" : "4611686018498992569"
    }, {
      "d" : "1756462478786554640",
      "t" : 1756462478786,
      "tn" : 1756462478786554640,
      "q" : "0.048",
      "p" : "208.33",
      "s" : "sell",
      "i" : "SOL_USD",
      "m" : "4611686018498992568"
    }, {
      "d" : "1756462478780229682",
      "t" : 1756462478780,
      "tn" : 1756462478780229682,
      "q" : "2.000",
      "p" : "208.32",
      "s" : "sell",
      "i" : "SOL_USD",
      "m" : "4611686018498992567"
    }, {
      "d" : "1756462478780133107",
      "t" : 1756462478780,
      "tn" : 1756462478780133107,
      "q" : "3.000",
      "p" : "208.32",
      "s" : "sell",
      "i" : "SOL_USD",
      "m" : "4611686018498992566"
    }, {
      "d" : "1756462478779622800",
      "t" : 1756462478779,
      "tn" : 1756462478779622800,
      "q" : "1.842",
      "p" : "208.32",
      "s" : "sell",
      "i" : "SOL_USD",
      "m" : "4611686018498992565"
    }, {
      "d" : "1756462478779621446",
      "t" : 1756462478779,
      "tn" : 1756462478779621446,
      "q" : "0.110",
      "p" : "208.33",
      "s" : "sell",
      "i" : "SOL_USD",
      "m" : "4611686018498992564"
    }, {
      "d" : "1756462478779619581",
      "t" : 1756462478779,
      "tn" : 1756462478779619581,
      "q" : "0.048",
      "p" : "208.34",
      "s" : "sell",
      "i" : "SOL_USD",
      "m" : "4611686018498992563"
    }, {
      "d" : "1756462478779370217",
      "t" : 1756462478779,
      "tn" : 1756462478779370217,
      "q" : "8.000",
      "p" : "208.34",
      "s" : "sell",
      "i" : "SOL_USD",
      "m" : "4611686018498992562"
    }, {
      "d" : "1756462478776007514",
      "t" : 1756462478776,
      "tn" : 1756462478776007514,
      "q" : "0.048",
      "p" : "208.35",
      "s" : "sell",
      "i" : "SOL_USD",
      "m" : "4611686018498992561"
    }, {
      "d" : "1756462478773662770",
      "t" : 1756462478773,
      "tn" : 1756462478773662770,
      "q" : "1.340",
      "p" : "208.35",
      "s" : "sell",
      "i" : "SOL_USD",
      "m" : "4611686018498992560"
    }, {
      "d" : "1756462478773643606",
      "t" : 1756462478773,
      "tn" : 1756462478773643606,
      "q" : "1.998",
      "p" : "208.35",
      "s" : "sell",
      "i" : "SOL_USD",
      "m" : "4611686018498992559"
    }, {
      "d" : "1756462478773637240",
      "t" : 1756462478773,
      "tn" : 1756462478773637240,
      "q" : "3.658",
      "p" : "208.35",
      "s" : "sell",
      "i" : "SOL_USD",
      "m" : "4611686018498992558"
    }, {
      "d" : "1756462478571225987",
      "t" : 1756462478571,
      "tn" : 1756462478571225986,
      "q" : "12.432",
      "p" : "208.35",
      "s" : "buy",
      "i" : "SOL_USD",
      "m" : "4611686018498992557"
    }, {
      "d" : "1756462478571225986",
      "t" : 1756462478571,
      "tn" : 1756462478571225986,
      "q" : "0.960",
      "p" : "208.35",
      "s" : "buy",
      "i" : "SOL_USD",
      "m" : "4611686018498992557"
    }, {
      "d" : "1756462478558776557",
      "t" : 1756462478558,
      "tn" : 1756462478558776557,
      "q" : "8.742",
      "p" : "208.35",
      "s" : "buy",
      "i" : "SOL_USD",
      "m" : "4611686018498992556"
    }, {
      "d" : "1756462478548792615",
      "t" : 1756462478548,
      "tn" : 1756462478548792615,
      "q" : "8.008",
      "p" : "208.35",
      "s" : "buy",
      "i" : "SOL_USD",
      "m" : "4611686018498992555"
    }, {
      "d" : "1756462476104964264",
      "t" : 1756462476104,
      "tn" : 1756462476104964264,
      "q" : "2.000",
      "p" : "208.33",
      "s" : "buy",
      "i" : "SOL_USD",
      "m" : "4611686018498992554"
    }, {
      "d" : "1756462476104920570",
      "t" : 1756462476104,
      "tn" : 1756462476104920570,
      "q" : "4.289",
      "p" : "208.33",
      "s" : "buy",
      "i" : "SOL_USD",
      "m" : "4611686018498992553"
    }, {
      "d" : "1756462476104846526",
      "t" : 1756462476104,
      "tn" : 1756462476104846526,
      "q" : "2.000",
      "p" : "208.33",
      "s" : "buy",
      "i" : "SOL_USD",
      "m" : "4611686018498992552"
    }, {
      "d" : "1756462476103968607",
      "t" : 1756462476103,
      "tn" : 1756462476103968607,
      "q" : "5.001",
      "p" : "208.33",
      "s" : "buy",
      "i" : "SOL_USD",
      "m" : "4611686018498992551"
    }, {
      "d" : "1756462476103938014",
      "t" : 1756462476103,
      "tn" : 1756462476103938014,
      "q" : "2.000",
      "p" : "208.33",
      "s" : "buy",
      "i" : "SOL_USD",
      "m" : "4611686018498992550"
    }, {
      "d" : "1756462474313610576",
      "t" : 1756462474313,
      "tn" : 1756462474313610576,
      "q" : "8.042",
      "p" : "208.31",
      "s" : "buy",
      "i" : "SOL_USD",
      "m" : "4611686018498992549"
    }, {
      "d" : "1756462473055238653",
      "t" : 1756462473055,
      "tn" : 1756462473055238653,
      "q" : "0.820",
      "p" : "208.32",
      "s" : "buy",
      "i" : "SOL_USD",
      "m" : "4611686018498992548"
    }, {
      "d" : "1756462473055233095",
      "t" : 1756462473055,
      "tn" : 1756462473055233095,
      "q" : "1.179",
      "p" : "208.32",
      "s" : "buy",
      "i" : "SOL_USD",
      "m" : "4611686018498992547"
    }, {
      "d" : "1756462473055205489",
      "t" : 1756462473055,
      "tn" : 1756462473055205489,
      "q" : "4.999",
      "p" : "208.32",
      "s" : "buy",
      "i" : "SOL_USD",
      "m" : "4611686018498992546"
    }, {
      "d" : "1756462471855279159",
      "t" : 1756462471855,
      "tn" : 1756462471855279159,
      "q" : "1.640",
      "p" : "208.30",
      "s" : "sell",
      "i" : "SOL_USD",
      "m" : "4611686018498992545"
    }, {
      "d" : "1756462471854575480",
      "t" : 1756462471854,
      "tn" : 1756462471854575480,
      "q" : "0.359",
      "p" : "208.30",
      "s" : "sell",
      "i" : "SOL_USD",
      "m" : "4611686018498992544"
    }, {
      "d" : "1756462471854555819",
      "t" : 1756462471854,
      "tn" : 1756462471854555818,
      "q" : "4.758",
      "p" : "208.30",
      "s" : "sell",
      "i" : "SOL_USD",
      "m" : "4611686018498992543"
    }, {
      "d" : "1756462471854555818",
      "t" : 1756462471854,
      "tn" : 1756462471854555818,
      "q" : "0.240",
      "p" : "208.30",
      "s" : "sell",
      "i" : "SOL_USD",
      "m" : "4611686018498992543"
    }, {
      "d" : "1756462471783218735",
      "t" : 1756462471783,
      "tn" : 1756462471783218735,
      "q" : "5.000",
      "p" : "208.32",
      "s" : "buy",
      "i" : "SOL_USD",
      "m" : "4611686018498992542"
    }, {
      "d" : "1756462471783212181",
      "t" : 1756462471783,
      "tn" : 1756462471783212181,
      "q" : "1.990",
      "p" : "208.32",
      "s" : "buy",
      "i" : "SOL_USD",
      "m" : "4611686018498992541"
    }, {
      "d" : "1756462471783210833",
      "t" : 1756462471783,
      "tn" : 1756462471783210833,
      "q" : "0.010",
      "p" : "208.31",
      "s" : "buy",
      "i" : "SOL_USD",
      "m" : "4611686018498992540"
    }, {
      "d" : "1756462469426976912",
      "t" : 1756462469426,
      "tn" : 1756462469426976912,
      "q" : "0.720",
      "p" : "208.28",
      "s" : "buy",
      "i" : "SOL_USD",
      "m" : "4611686018498992539"
    }, {
      "d" : "1756462469413405976",
      "t" : 1756462469413,
      "tn" : 1756462469413405976,
      "q" : "13.263",
      "p" : "208.28",
      "s" : "buy",
      "i" : "SOL_USD",
      "m" : "4611686018498992538"
    }, {
      "d" : "1756462469400207500",
      "t" : 1756462469400,
      "tn" : 1756462469400207500,
      "q" : "2.602",
      "p" : "208.29",
      "s" : "sell",
      "i" : "SOL_USD",
      "m" : "4611686018498992537"
    }, {
      "d" : "1756462469399855149",
      "t" : 1756462469399,
      "tn" : 1756462469399855147,
      "q" : "4.798",
      "p" : "208.29",
      "s" : "sell",
      "i" : "SOL_USD",
      "m" : "4611686018498992536"
    }, {
      "d" : "1756462469399855148",
      "t" : 1756462469399,
      "tn" : 1756462469399855147,
      "q" : "2.710",
      "p" : "208.29",
      "s" : "sell",
      "i" : "SOL_USD",
      "m" : "4611686018498992536"
    }, {
      "d" : "1756462469399855147",
      "t" : 1756462469399,
      "tn" : 1756462469399855147,
      "q" : "10.710",
      "p" : "208.29",
      "s" : "sell",
      "i" : "SOL_USD",
      "m" : "4611686018498992536"
    }, {
      "d" : "1756462469393903106",
      "t" : 1756462469393,
      "tn" : 1756462469393903106,
      "q" : "7.040",
      "p" : "208.30",
      "s" : "buy",
      "i" : "SOL_USD",
      "m" : "4611686018498992535"
    }, {
      "d" : "1756462469383333834",
      "t" : 1756462469383,
      "tn" : 1756462469383333834,
      "q" : "0.049",
      "p" : "208.28",
      "s" : "buy",
      "i" : "SOL_USD",
      "m" : "4611686018498992534"
    }, {
      "d" : "1756462469376003869",
      "t" : 1756462469376,
      "tn" : 1756462469376003869,
      "q" : "2.163",
      "p" : "208.28",
      "s" : "buy",
      "i" : "SOL_USD",
      "m" : "4611686018498992533"
    }, {
      "d" : "1756462469375828308",
      "t" : 1756462469375,
      "tn" : 1756462469375828307,
      "q" : "0.006",
      "p" : "208.27",
      "s" : "buy",
      "i" : "SOL_USD",
      "m" : "4611686018498992532"
    }, {
      "d" : "1756462469375828307",
      "t" : 1756462469375,
      "tn" : 1756462469375828307,
      "q" : "1.940",
      "p" : "208.27",
      "s" : "buy",
      "i" : "SOL_USD",
      "m" : "4611686018498992532"
    }, {
      "d" : "1756462469375600518",
      "t" : 1756462469375,
      "tn" : 1756462469375600518,
      "q" : "2.001",
      "p" : "208.27",
      "s" : "buy",
      "i" : "SOL_USD",
      "m" : "4611686018498992531"
    }, {
      "d" : "1756462469375595487",
      "t" : 1756462469375,
      "tn" : 1756462469375595487,
      "q" : "5.001",
      "p" : "208.27",
      "s" : "buy",
      "i" : "SOL_USD",
      "m" : "4611686018498992530"
    }, {
      "d" : "1756462469375431712",
      "t" : 1756462469375,
      "tn" : 1756462469375431712,
      "q" : "0.130",
      "p" : "208.26",
      "s" : "buy",
      "i" : "SOL_USD",
      "m" : "4611686018498992529"
    }, {
      "d" : "1756462469374877022",
      "t" : 1756462469374,
      "tn" : 1756462469374877022,
      "q" : "8.000",
      "p" : "208.24",
      "s" : "buy",
      "i" : "SOL_USD",
      "m" : "4611686018498992528"
    }, {
      "d" : "1756462466456407400",
      "t" : 1756462466456,
      "tn" : 1756462466456407399,
      "q" : "3.320",
      "p" : "208.22",
      "s" : "buy",
      "i" : "SOL_USD",
      "m" : "4611686018498992527"
    }, {
      "d" : "1756462466456407399",
      "t" : 1756462466456,
      "tn" : 1756462466456407399,
      "q" : "0.040",
      "p" : "208.22",
      "s" : "buy",
      "i" : "SOL_USD",
      "m" : "4611686018498992527"
    }, {
      "d" : "1756462465666464708",
      "t" : 1756462465666,
      "tn" : 1756462465666464708,
      "q" : "13.300",
      "p" : "208.22",
      "s" : "buy",
      "i" : "SOL_USD",
      "m" : "4611686018498992526"
    }, {
      "d" : "1756462463242601065",
      "t" : 1756462463242,
      "tn" : 1756462463242601065,
      "q" : "1.999",
      "p" : "208.24",
      "s" : "buy",
      "i" : "SOL_USD",
      "m" : "4611686018498992525"
    }, {
      "d" : "1756462463242598136",
      "t" : 1756462463242,
      "tn" : 1756462463242598135,
      "q" : "0.565",
      "p" : "208.24",
      "s" : "buy",
      "i" : "SOL_USD",
      "m" : "4611686018498992524"
    }, {
      "d" : "1756462463242598135",
      "t" : 1756462463242,
      "tn" : 1756462463242598135,
      "q" : "4.434",
      "p" : "208.24",
      "s" : "buy",
      "i" : "SOL_USD",
      "m" : "4611686018498992524"
    }, {
      "d" : "1756462461896853341",
      "t" : 1756462461896,
      "tn" : 1756462461896853341,
      "q" : "9.709",
      "p" : "208.19",
      "s" : "buy",
      "i" : "SOL_USD",
      "m" : "4611686018498992523"
    }, {
      "d" : "1756462461299380079",
      "t" : 1756462461299,
      "tn" : 1756462461299380079,
      "q" : "1.979",
      "p" : "208.19",
      "s" : "sell",
      "i" : "SOL_USD",
      "m" : "4611686018498992522"
    }, {
      "d" : "1756462461299377137",
      "t" : 1756462461299,
      "tn" : 1756462461299377137,
      "q" : "4.998",
      "p" : "208.19",
      "s" : "sell",
      "i" : "SOL_USD",
      "m" : "4611686018498992521"
    }, {
      "d" : "1756462459705633623",
      "t" : 1756462459705,
      "tn" : 1756462459705633623,
      "q" : "8.280",
      "p" : "208.19",
      "s" : "buy",
      "i" : "SOL_USD",
      "m" : "4611686018498992520"
    }, {
      "d" : "1756462459705448170",
      "t" : 1756462459705,
      "tn" : 1756462459705448170,
      "q" : "1.980",
      "p" : "208.19",
      "s" : "buy",
      "i" : "SOL_USD",
      "m" : "4611686018498992519"
    }, {
      "d" : "1756462459705374080",
      "t" : 1756462459705,
      "tn" : 1756462459705374080,
      "q" : "1.970",
      "p" : "208.19",
      "s" : "buy",
      "i" : "SOL_USD",
      "m" : "4611686018498992518"
    }, {
      "d" : "1756462459704810680",
      "t" : 1756462459704,
      "tn" : 1756462459704810680,
      "q" : "1.430",
      "p" : "208.19",
      "s" : "buy",
      "i" : "SOL_USD",
      "m" : "4611686018498992517"
    }, {
      "d" : "1756462459704808093",
      "t" : 1756462459704,
      "tn" : 1756462459704808093,
      "q" : "1.601",
      "p" : "208.19",
      "s" : "buy",
      "i" : "SOL_USD",
      "m" : "4611686018498992516"
    }, {
      "d" : "1756462458848205604",
      "t" : 1756462458848,
      "tn" : 1756462458848205604,
      "q" : "8.273",
      "p" : "208.16",
      "s" : "buy",
      "i" : "SOL_USD",
      "m" : "4611686018498992515"
    }, {
      "d" : "1756462458847923960",
      "t" : 1756462458847,
      "tn" : 1756462458847923960,
      "q" : "1.989",
      "p" : "208.16",
      "s" : "buy",
      "i" : "SOL_USD",
      "m" : "4611686018498992514"
    }, {
      "d" : "1756462458847918181",
      "t" : 1756462458847,
      "tn" : 1756462458847918181,
      "q" : "4.999",
      "p" : "208.16",
      "s" : "buy",
      "i" : "SOL_USD",
      "m" : "4611686018498992513"
    }, {
      "d" : "1756462457724702280",
      "t" : 1756462457724,
      "tn" : 1756462457724702280,
      "q" : "0.219",
      "p" : "208.13",
      "s" : "sell",
      "i" : "SOL_USD",
      "m" : "4611686018498992512"
    }, {
      "d" : "1756462457724700777",
      "t" : 1756462457724,
      "tn" : 1756462457724700777,
      "q" : "1.771",
      "p" : "208.14",
      "s" : "sell",
      "i" : "SOL_USD",
      "m" : "4611686018498992511"
    }, {
      "d" : "1756462457724663960",
      "t" : 1756462457724,
      "tn" : 1756462457724663960,
      "q" : "2.807",
      "p" : "208.14",
      "s" : "sell",
      "i" : "SOL_USD",
      "m" : "4611686018498992510"
    }, {
      "d" : "1756462457724662505",
      "t" : 1756462457724,
      "tn" : 1756462457724662504,
      "q" : "2.183",
      "p" : "208.15",
      "s" : "sell",
      "i" : "SOL_USD",
      "m" : "4611686018498992509"
    }, {
      "d" : "1756462457724662504",
      "t" : 1756462457724,
      "tn" : 1756462457724662504,
      "q" : "0.010",
      "p" : "208.15",
      "s" : "sell",
      "i" : "SOL_USD",
      "m" : "4611686018498992509"
    }, {
      "d" : "1756462456598431732",
      "t" : 1756462456598,
      "tn" : 1756462456598431732,
      "q" : "0.580",
      "p" : "208.19",
      "s" : "sell",
      "i" : "SOL_USD",
      "m" : "4611686018498992508"
    }, {
      "d" : "1756462456598315654",
      "t" : 1756462456598,
      "tn" : 1756462456598315654,
      "q" : "1.052",
      "p" : "208.20",
      "s" : "sell",
      "i" : "SOL_USD",
      "m" : "4611686018498992507"
    }, {
      "d" : "1756462456598008185",
      "t" : 1756462456598,
      "tn" : 1756462456598008185,
      "q" : "0.710",
      "p" : "208.20",
      "s" : "sell",
      "i" : "SOL_USD",
      "m" : "4611686018498992506"
    }, {
      "d" : "1756462456525950162",
      "t" : 1756462456525,
      "tn" : 1756462456525950162,
      "q" : "1.140",
      "p" : "208.20",
      "s" : "sell",
      "i" : "SOL_USD",
      "m" : "4611686018498992505"
    }, {
      "d" : "1756462456525944914",
      "t" : 1756462456525,
      "tn" : 1756462456525944913,
      "q" : "0.810",
      "p" : "208.20",
      "s" : "sell",
      "i" : "SOL_USD",
      "m" : "4611686018498992504"
    }, {
      "d" : "1756462456525944913",
      "t" : 1756462456525,
      "tn" : 1756462456525944913,
      "q" : "0.050",
      "p" : "208.20",
      "s" : "sell",
      "i" : "SOL_USD",
      "m" : "4611686018498992504"
    }, {
      "d" : "1756462456409563910",
      "t" : 1756462456409,
      "tn" : 1756462456409563910,
      "q" : "0.010",
      "p" : "208.23",
      "s" : "sell",
      "i" : "SOL_USD",
      "m" : "4611686018498992503"
    }, {
      "d" : "1756462454437893447",
      "t" : 1756462454437,
      "tn" : 1756462454437893446,
      "q" : "20.626",
      "p" : "208.23",
      "s" : "buy",
      "i" : "SOL_USD",
      "m" : "4611686018498992502"
    }, {
      "d" : "1756462454437893446",
      "t" : 1756462454437,
      "tn" : 1756462454437893446,
      "q" : "0.274",
      "p" : "208.23",
      "s" : "buy",
      "i" : "SOL_USD",
      "m" : "4611686018498992502"
    }, {
      "d" : "1756462454364122056",
      "t" : 1756462454364,
      "tn" : 1756462454364122056,
      "q" : "0.010",
      "p" : "208.26",
      "s" : "sell",
      "i" : "SOL_USD",
      "m" : "4611686018498992501"
    }, {
      "d" : "1756462454256425541",
      "t" : 1756462454256,
      "tn" : 1756462454256425541,
      "q" : "2.000",
      "p" : "208.27",
      "s" : "sell",
      "i" : "SOL_USD",
      "m" : "4611686018498992500"
    }, {
      "d" : "1756462454256394612",
      "t" : 1756462454256,
      "tn" : 1756462454256394612,
      "q" : "4.990",
      "p" : "208.27",
      "s" : "sell",
      "i" : "SOL_USD",
      "m" : "4611686018498992499"
    }, {
      "d" : "1756462454256393117",
      "t" : 1756462454256,
      "tn" : 1756462454256393117,
      "q" : "0.010",
      "p" : "208.28",
      "s" : "sell",
      "i" : "SOL_USD",
      "m" : "4611686018498992498"
    }, {
      "d" : "1756462453779799105",
      "t" : 1756462453779,
      "tn" : 1756462453779799105,
      "q" : "1.236",
      "p" : "208.29",
      "s" : "sell",
      "i" : "SOL_USD",
      "m" : "4611686018498992497"
    }, {
      "d" : "1756462453779796991",
      "t" : 1756462453779,
      "tn" : 1756462453779796991,
      "q" : "0.774",
      "p" : "208.30",
      "s" : "sell",
      "i" : "SOL_USD",
      "m" : "4611686018498992496"
    }, {
      "d" : "1756462453779795112",
      "t" : 1756462453779,
      "tn" : 1756462453779795112,
      "q" : "5.000",
      "p" : "208.30",
      "s" : "sell",
      "i" : "SOL_USD",
      "m" : "4611686018498992495"
    }, {
      "d" : "1756462449314058971",
      "t" : 1756462449314,
      "tn" : 1756462449314058971,
      "q" : "1.988",
      "p" : "208.28",
      "s" : "sell",
      "i" : "SOL_USD",
      "m" : "4611686018498992494"
    }, {
      "d" : "1756462449314043354",
      "t" : 1756462449314,
      "tn" : 1756462449314043354,
      "q" : "4.993",
      "p" : "208.28",
      "s" : "sell",
      "i" : "SOL_USD",
      "m" : "4611686018498992493"
    }, {
      "d" : "1756462449314041620",
      "t" : 1756462449314,
      "tn" : 1756462449314041620,
      "q" : "0.006",
      "p" : "208.30",
      "s" : "sell",
      "i" : "SOL_USD",
      "m" : "4611686018498992492"
    }, {
      "d" : "1756462446786312542",
      "t" : 1756462446786,
      "tn" : 1756462446786312542,
      "q" : "0.640",
      "p" : "208.28",
      "s" : "buy",
      "i" : "SOL_USD",
      "m" : "4611686018498992491"
    }, {
      "d" : "1756462446785901971",
      "t" : 1756462446785,
      "tn" : 1756462446785901971,
      "q" : "0.330",
      "p" : "208.28",
      "s" : "buy",
      "i" : "SOL_USD",
      "m" : "4611686018498992490"
    }, {
      "d" : "1756462446785888792",
      "t" : 1756462446785,
      "tn" : 1756462446785888792,
      "q" : "1.339",
      "p" : "208.28",
      "s" : "buy",
      "i" : "SOL_USD",
      "m" : "4611686018498992489"
    }, {
      "d" : "1756462446785881785",
      "t" : 1756462446785,
      "tn" : 1756462446785881785,
      "q" : "2.140",
      "p" : "208.28",
      "s" : "buy",
      "i" : "SOL_USD",
      "m" : "4611686018498992488"
    }, {
      "d" : "1756462446785874028",
      "t" : 1756462446785,
      "tn" : 1756462446785874028,
      "q" : "2.529",
      "p" : "208.28",
      "s" : "buy",
      "i" : "SOL_USD",
      "m" : "4611686018498992487"
    }, {
      "d" : "1756462446785015251",
      "t" : 1756462446785,
      "tn" : 1756462446785015251,
      "q" : "4.486",
      "p" : "208.27",
      "s" : "buy",
      "i" : "SOL_USD",
      "m" : "4611686018498992486"
    }, {
      "d" : "1756462442682956576",
      "t" : 1756462442682,
      "tn" : 1756462442682956575,
      "q" : "0.006",
      "p" : "208.30",
      "s" : "sell",
      "i" : "SOL_USD",
      "m" : "4611686018498992485"
    }, {
      "d" : "1756462442682956575",
      "t" : 1756462442682,
      "tn" : 1756462442682956575,
      "q" : "3.084",
      "p" : "208.30",
      "s" : "sell",
      "i" : "SOL_USD",
      "m" : "4611686018498992485"
    }, {
      "d" : "1756462441316118657",
      "t" : 1756462441316,
      "tn" : 1756462441316118657,
      "q" : "1.980",
      "p" : "208.30",
      "s" : "sell",
      "i" : "SOL_USD",
      "m" : "4611686018498992484"
    }, {
      "d" : "1756462441247102009",
      "t" : 1756462441247,
      "tn" : 1756462441247102009,
      "q" : "12.500",
      "p" : "208.31",
      "s" : "buy",
      "i" : "SOL_USD",
      "m" : "4611686018498992483"
    }, {
      "d" : "1756462441104316369",
      "t" : 1756462441104,
      "tn" : 1756462441104316369,
      "q" : "2.000",
      "p" : "208.33",
      "s" : "sell",
      "i" : "SOL_USD",
      "m" : "4611686018498992482"
    }, {
      "d" : "1756462441104312587",
      "t" : 1756462441104,
      "tn" : 1756462441104312587,
      "q" : "5.000",
      "p" : "208.33",
      "s" : "sell",
      "i" : "SOL_USD",
      "m" : "4611686018498992481"
    }, {
      "d" : "1756462441079773311",
      "t" : 1756462441079,
      "tn" : 1756462441079773311,
      "q" : "2.000",
      "p" : "208.33",
      "s" : "sell",
      "i" : "SOL_USD",
      "m" : "4611686018498992480"
    }, {
      "d" : "1756462441079762659",
      "t" : 1756462441079,
      "tn" : 1756462441079762659,
      "q" : "2.872",
      "p" : "208.33",
      "s" : "sell",
      "i" : "SOL_USD",
      "m" : "4611686018498992479"
    }, {
      "d" : "1756462441079762258",
      "t" : 1756462441079,
      "tn" : 1756462441079762258,
      "q" : "0.778",
      "p" : "208.34",
      "s" : "sell",
      "i" : "SOL_USD",
      "m" : "4611686018498992478"
    }, {
      "d" : "1756462441079652032",
      "t" : 1756462441079,
      "tn" : 1756462441079652032,
      "q" : "1.350",
      "p" : "208.34",
      "s" : "sell",
      "i" : "SOL_USD",
      "m" : "4611686018498992477"
    }, {
      "d" : "1756462440861485460",
      "t" : 1756462440861,
      "tn" : 1756462440861485460,
      "q" : "0.673",
      "p" : "208.34",
      "s" : "sell",
      "i" : "SOL_USD",
      "m" : "4611686018498992476"
    }, {
      "d" : "1756462440861483500",
      "t" : 1756462440861,
      "tn" : 1756462440861483500,
      "q" : "1.326",
      "p" : "208.35",
      "s" : "sell",
      "i" : "SOL_USD",
      "m" : "4611686018498992475"
    }, {
      "d" : "1756462440861476965",
      "t" : 1756462440861,
      "tn" : 1756462440861476965,
      "q" : "4.998",
      "p" : "208.35",
      "s" : "sell",
      "i" : "SOL_USD",
      "m" : "4611686018498992474"
    }, {
      "d" : "1756462435289102600",
      "t" : 1756462435289,
      "tn" : 1756462435289102600,
      "q" : "1.979",
      "p" : "208.37",
      "s" : "buy",
      "i" : "SOL_USD",
      "m" : "4611686018498992473"
    }, {
      "d" : "1756462435289015965",
      "t" : 1756462435289,
      "tn" : 1756462435289015965,
      "q" : "4.999",
      "p" : "208.37",
      "s" : "buy",
      "i" : "SOL_USD",
      "m" : "4611686018498992472"
    }, {
      "d" : "1756462435040001623",
      "t" : 1756462435040,
      "tn" : 1756462435040001623,
      "q" : "1.980",
      "p" : "208.36",
      "s" : "sell",
      "i" : "SOL_USD",
      "m" : "4611686018498992471"
    }, {
      "d" : "1756462435039944985",
      "t" : 1756462435039,
      "tn" : 1756462435039944984,
      "q" : "2.260",
      "p" : "208.36",
      "s" : "sell",
      "i" : "SOL_USD",
      "m" : "4611686018498992470"
    }, {
      "d" : "1756462435039944984",
      "t" : 1756462435039,
      "tn" : 1756462435039944984,
      "q" : "2.740",
      "p" : "208.36",
      "s" : "sell",
      "i" : "SOL_USD",
      "m" : "4611686018498992470"
    }, {
      "d" : "1756462434919505477",
      "t" : 1756462434919,
      "tn" : 1756462434919505477,
      "q" : "2.000",
      "p" : "208.36",
      "s" : "sell",
      "i" : "SOL_USD",
      "m" : "4611686018498992469"
    }, {
      "d" : "1756462434919479486",
      "t" : 1756462434919,
      "tn" : 1756462434919479486,
      "q" : "5.000",
      "p" : "208.36",
      "s" : "sell",
      "i" : "SOL_USD",
      "m" : "4611686018498992468"
    }, {
      "d" : "1756462432043908163",
      "t" : 1756462432043,
      "tn" : 1756462432043908163,
      "q" : "36.700",
      "p" : "208.40",
      "s" : "buy",
      "i" : "SOL_USD",
      "m" : "4611686018498992467"
    }, {
      "d" : "1756462431928410514",
      "t" : 1756462431928,
      "tn" : 1756462431928410514,
      "q" : "15.177",
      "p" : "208.41",
      "s" : "buy",
      "i" : "SOL_USD",
      "m" : "4611686018498992466"
    } ]
  }
}