{
  "id" : -1,
  "method" : "public/get-trades",
  "code" : 0,
  "result" : {
    "data" : [ {
      "d" : "1756462457777400449",
      "t" : 1756462457777,
      "tn" : 1756462457777400449,
      "q" : "0.010",
      "p" : "178.54",
      "s" : "sell",
      "i" : "SOL_EUR",
      "m" : "4611686018429993083"
    }, {
      "d" : "1756462373273399813",
      "t" : 1756462373273,
      "tn" : 1756462373273399813,
      "q" : "0.010",
      "p" : "178.92",
      "s" : "buy",
      "i" : "SOL_EUR",
      "m" : "4611686018429993082"
    }, {
      "d" : "1756462349878394583",
      "t" : 1756462349878,
      "tn" : 1756462349878394583,
      "q" : "0.010",
      "p" : "178.84",
      "s" : "buy",
      "i" : "SOL_EUR",
      "m" : "4611686018429993081"
    }, {
      "d" : "1756462345908369082",
      "t" : 1756462345908,
      "tn" : 1756462345908369082,
      "q" : "0.010",
      "p" : "178.75",
      "s" : "buy",
      "i" : "SOL_EUR",
      "m" : "4611686018429993080"
    }, {
      "d" : "1756462344683529826",
      "t" : 1756462344683,
      "tn" : 1756462344683529826,
      "q" : "0.010",
      "p" : "178.73",
      "s" : "buy",
      "i" : "SOL_EUR",
      "m" : "4611686018429993079"
    }, {
      "d" : "1756462332075648891",
      "t" : 1756462332075,
      "tn" : 1756462332075648891,
      "q" : "0.010",
      "p" : "178.69",
      "s" : "buy",
      "i" : "SOL_EUR",
      "m" : "4611686018429993078"
    }, {
      "d" : "1756462329221237554",
      "t" : 1756462329221,
      "tn" : 1756462329221237554,
      "q" : "0.373",
      "p" : "178.66",
      "s" : "buy",
      "i" : "SOL_EUR",
      "m" : "4611686018429993077"
    }, {
      "d" : "1756462327845745276",
      "t" : 1756462327845,
      "tn" : 1756462327845745276,
      "q" : "0.010",
      "p" : "178.57",
      "s" : "buy",
      "i" : "SOL_EUR",
      "m" : "4611686018429993076"
    }, {
      "d" : "1756462311491364525",
      "t" : 1756462311491,
      "tn" : 1756462311491364525,
      "q" : "0.021",
      "p" : "178.71",
      "s" : "buy",
      "i" : "SOL_EUR",
      "m" : "4611686018429993075"
    }, {
      "d" : "1756462311491362713",
      "t" : 1756462311491,
      "tn" : 1756462311491362713,
      "q" : "0.006",
      "p" : "178.69",
      "s" : "buy",
      "i" : "SOL_EUR",
      "m" : "4611686018429993074"
    }, {
      "d" : "1756462297028549946",
      "t" : 1756462297028,
      "tn" : 1756462297028549946,
      "q" : "0.010",
      "p" : "178.65",
      "s" : "buy",
      "i" : "SOL_EUR",
      "m" : "4611686018429993073"
    }, {
      "d" : "1756462260282597810",
      "t" : 1756462260282,
      "tn" : 1756462260282597810,
      "q" : "0.010",
      "p" : "178.63",
      "s" : "buy",
      "i" : "SOL_EUR",
      "m" : "4611686018429993072"
    }, {
      "d" : "1756462252300546636",
      "t" : 1756462252300,
      "tn" : 1756462252300546636,
      "q" : "0.010",
      "p" : "178.54",
      "s" : "buy",
      "i" : "SOL_EUR",
      "m" : "4611686018429993071"
    }, {
      "d" : "1756462225640819148",
      "t" : 1756462225640,
      "tn" : 1756462225640819148,
      "q" : "0.575",
      "p" : "178.56",
      "s" : "buy",
      "i" : "SOL_EUR",
      "m" : "4611686018429993070"
    }, {
      "d" : "1756462225495609546",
      "t" : 1756462225495,
      "tn" : 1756462225495609546,
      "q" : "0.720",
      "p" : "178.56",
      "s" : "buy",
      "i" : "SOL_EUR",
      "m" : "4611686018429993069"
    }, {
      "d" : "1756462219914925806",
      "t" : 1756462219914,
      "tn" : 1756462219914925806,
      "q" : "0.719",
      "p" : "178.56",
      "s" : "buy",
      "i" : "SOL_EUR",
      "m" : "4611686018429993068"
    }, {
      "d" : "1756462071427076669",
      "t" : 1756462071427,
      "tn" : 1756462071427076669,
      "q" : "0.017",
      "p" : "178.89",
      "s" : "buy",
      "i" : "SOL_EUR",
      "m" : "4611686018429993067"
    }, {
      "d" : "1756462037458844041",
      "t" : 1756462037458,
      "tn" : 1756462037458844041,
      "q" : "0.009",
      "p" : "178.69",
      "s" : "buy",
      "i" : "SOL_EUR",
      "m" : "4611686018429993066"
    }, {
      "d" : "1756462016706318580",
      "t" : 1756462016706,
      "tn" : 1756462016706318580,
      "q" : "0.009",
      "p" : "178.62",
      "s" : "buy",
      "i" : "SOL_EUR",
      "m" : "4611686018429993065"
    }, {
      "d" : "1756462002948445036",
      "t" : 1756462002948,
      "tn" : 1756462002948445036,
      "q" : "0.010",
      "p" : "178.50",
      "s" : "buy",
      "i" : "SOL_EUR",
      "m" : "4611686018429993064"
    }, {
      "d" : "1756461949566544518",
      "t" : 1756461949566,
      "tn" : 1756461949566544518,
      "q" : "0.008",
      "p" : "178.47",
      "s" : "buy",
      "i" : "SOL_EUR",
      "m" : "4611686018429993063"
    }, {
      "d" : "1756461753884311788",
      "t" : 1756461753884,
      "tn" : 1756461753884311788,
      "q" : "0.009",
      "p" : "178.49",
      "s" : "buy",
      "i" : "SOL_EUR",
      "m" : "4611686018429993062"
    }, {
      "d" : "1756461725442546501",
      "t" : 1756461725442,
      "tn" : 1756461725442546501,
      "q" : "0.038",
      "p" : "178.36",
      "s" : "buy",
      "i" : "SOL_EUR",
      "m" : "4611686018429993061"
    }, {
      "d" : "1756461704762367056",
      "t" : 1756461704762,
      "tn" : 1756461704762367056,
      "q" : "0.044",
      "p" : "178.24",
      "s" : "buy",
      "i" : "SOL_EUR",
      "m" : "4611686018429993060"
    }, {
      "d" : "1756461670555766051",
      "t" : 1756461670555,
      "tn" : 1756461670555766051,
      "q" : "0.057",
      "p" : "178.18",
      "s" : "buy",
      "i" : "SOL_EUR",
      "m" : "4611686018429993059"
    }, {
      "d" : "1756461666687445009",
      "t" : 1756461666687,
      "tn" : 1756461666687445009,
      "q" : "0.060",
      "p" : "178.10",
      "s" : "buy",
      "i" : "SOL_EUR",
      "m" : "4611686018429993058"
    }, {
      "d" : "1756461641710663978",
      "t" : 1756461641710,
      "tn" : 1756461641710663978,
      "q" : "0.064",
      "p" : "178.00",
      "s" : "buy",
      "i" : "SOL_EUR",
      "m" : "4611686018429993057"
    }, {
      "d" : "1756461635712709073",
      "t" : 1756461635712,
      "tn" : 1756461635712709073,
      "q" : "0.010",
      "p" : "177.87",
      "s" : "buy",
      "i" : "SOL_EUR",
      "m" : "4611686018429993056"
    }, {
      "d" : "1756461635344035880",
      "t" : 1756461635344,
      "tn" : 1756461635344035880,
      "q" : "0.010",
      "p" : "177.82",
      "s" : "buy",
      "i" : "SOL_EUR",
      "m" : "4611686018429993055"
    }, {
      "d" : "1756461539023524647",
      "t" : 1756461539023,
      "tn" : 1756461539023524647,
      "q" : "0.328",
      "p" : "178.00",
      "s" : "buy",
      "i" : "SOL_EUR",
      "m" : "4611686018429993054"
    }, {
      "d" : "1756461537762918675",
      "t" : 1756461537762,
      "tn" : 1756461537762918675,
      "q" : "0.433",
      "p" : "178.00",
      "s" : "buy",
      "i" : "SOL_EUR",
      "m" : "4611686018429993053"
    }, {
      "d" : "1756461533949541077",
      "t" : 1756461533949,
      "tn" : 1756461533949541077,
      "q" : "0.371",
      "p" : "178.00",
      "s" : "buy",
      "i" : "SOL_EUR",
      "m" : "4611686018429993052"
    }, {
      "d" : "1756461487191475630",
      "t" : 1756461487191,
      "tn" : 1756461487191475630,
      "q" : "0.019",
      "p" : "177.98",
      "s" : "buy",
      "i" : "SOL_EUR",
      "m" : "4611686018429993051"
    }, {
      "d" : "1756461486232258152",
      "t" : 1756461486232,
      "tn" : 1756461486232258152,
      "q" : "0.027",
      "p" : "177.98",
      "s" : "buy",
      "i" : "SOL_EUR",
      "m" : "4611686018429993050"
    }, {
      "d" : "1756461485521105893",
      "t" : 1756461485521,
      "tn" : 1756461485521105893,
      "q" : "0.060",
      "p" : "177.98",
      "s" : "buy",
      "i" : "SOL_EUR",
      "m" : "4611686018429993049"
    }, {
      "d" : "1756461485068011448",
      "t" : 1756461485068,
      "tn" : 1756461485068011448,
      "q" : "0.120",
      "p" : "177.98",
      "s" : "buy",
      "i" : "SOL_EUR",
      "m" : "4611686018429993048"
    }, {
      "d" : "1756461484482250322",
      "t" : 1756461484482,
      "tn" : 1756461484482250322,
      "q" : "0.236",
      "p" : "177.98",
      "s" : "buy",
      "i" : "SOL_EUR",
      "m" : "4611686018429993047"
    }, {
      "d" : "1756461484013775454",
      "t" : 1756461484013,
      "tn" : 1756461484013775454,
      "q" : "0.474",
      "p" : "177.98",
      "s" : "buy",
      "i" : "SOL_EUR",
      "m" : "4611686018429993046"
    }, {
      "d" : "1756461441618881880",
      "t" : 1756461441618,
      "tn" : 1756461441618881880,
      "q" : "0.010",
      "p" : "177.92",
      "s" : "buy",
      "i" : "SOL_EUR",
      "m" : "4611686018429993045"
    }, {
      "d" : "1756461278186100976",
      "t" : 1756461278186,
      "tn" : 1756461278186100976,
      "q" : "0.010",
      "p" : "177.55",
      "s" : "buy",
      "i" : "SOL_EUR",
      "m" : "4611686018429993044"
    }, {
      "d" : "1756461275425363542",
      "t" : 1756461275425,
      "tn" : 1756461275425363542,
      "q" : "0.010",
      "p" : "177.53",
      "s" : "buy",
      "i" : "SOL_EUR",
      "m" : "4611686018429993043"
    }, {
      "d" : "1756461159803139795",
      "t" : 1756461159803,
      "tn" : 1756461159803139795,
      "q" : "0.010",
      "p" : "177.40",
      "s" : "sell",
      "i" : "SOL_EUR",
      "m" : "4611686018429993042"
    }, {
      "d" : "1756461159165408150",
      "t" : 1756461159165,
      "tn" : 1756461159165408150,
      "q" : "0.010",
      "p" : "177.41",
      "s" : "sell",
      "i" : "SOL_EUR",
      "m" : "4611686018429993041"
    }, {
      "d" : "1756461116159539781",
      "t" : 1756461116159,
      "tn" : 1756461116159539781,
      "q" : "0.010",
      "p" : "177.49",
      "s" : "buy",
      "i" : "SOL_EUR",
      "m" : "4611686018429993040"
    }, {
      "d" : "1756460951644120707",
      "t" : 1756460951644,
      "tn" : 1756460951644120707,
      "q" : "0.010",
      "p" : "177.78",
      "s" : "buy",
      "i" : "SOL_EUR",
      "m" : "4611686018429993039"
    }, {
      "d" : "1756460908734231299",
      "t" : 1756460908734,
      "tn" : 1756460908734231299,
      "q" : "0.010",
      "p" : "177.92",
      "s" : "buy",
      "i" : "SOL_EUR",
      "m" : "4611686018429993038"
    }, {
      "d" : "1756460889733268201",
      "t" : 1756460889733,
      "tn" : 1756460889733268201,
      "q" : "0.029",
      "p" : "177.83",
      "s" : "buy",
      "i" : "SOL_EUR",
      "m" : "4611686018429993037"
    }, {
      "d" : "1756460865142325515",
      "t" : 1756460865142,
      "tn" : 1756460865142325515,
      "q" : "0.010",
      "p" : "177.76",
      "s" : "buy",
      "i" : "SOL_EUR",
      "m" : "4611686018429993036"
    }, {
      "d" : "1756460840028283602",
      "t" : 1756460840028,
      "tn" : 1756460840028283602,
      "q" : "0.023",
      "p" : "177.60",
      "s" : "buy",
      "i" : "SOL_EUR",
      "m" : "4611686018429993035"
    }, {
      "d" : "1756460834435131573",
      "t" : 1756460834435,
      "tn" : 1756460834435131573,
      "q" : "0.010",
      "p" : "177.55",
      "s" : "buy",
      "i" : "SOL_EUR",
      "m" : "4611686018429993034"
    }, {
      "d" : "1756460826563007167",
      "t" : 1756460826563,
      "tn" : 1756460826563007167,
      "q" : "0.010",
      "p" : "177.50",
      "s" : "buy",
      "i" : "SOL_EUR",
      "m" : "4611686018429993033"
    }, {
      "d" : "1756460798551595345",
      "t" : 1756460798551,
      "tn" : 1756460798551595345,
      "q" : "0.010",
      "p" : "177.46",
      "s" : "buy",
      "i" : "SOL_EUR",
      "m" : "4611686018429993032"
    }, {
      "d" : "1756460779679817545",
      "t" : 1756460779679,
      "tn" : 1756460779679817545,
      "q" : "0.010",
      "p" : "177.37",
      "s" : "buy",
      "i" : "SOL_EUR",
      "m" : "4611686018429993031"
    }, {
      "d" : "1756460777732371489",
      "t" : 1756460777732,
      "tn" : 1756460777732371489,
      "q" : "0.010",
      "p" : "177.24",
      "s" : "buy",
      "i" : "SOL_EUR",
      "m" : "4611686018429993030"
    }, {
      "d" : "1756460750308395597",
      "t" : 1756460750308,
      "tn" : 1756460750308395597,
      "q" : "0.043",
      "p" : "177.29",
      "s" : "buy",
      "i" : "SOL_EUR",
      "m" : "4611686018429993029"
    }, {
      "d" : "1756460745420763838",
      "t" : 1756460745420,
      "tn" : 1756460745420763838,
      "q" : "0.044",
      "p" : "177.19",
      "s" : "buy",
      "i" : "SOL_EUR",
      "m" : "4611686018429993028"
    }, {
      "d" : "1756460730702441393",
      "t" : 1756460730702,
      "tn" : 1756460730702441393,
      "q" : "0.049",
      "p" : "177.06",
      "s" : "buy",
      "i" : "SOL_EUR",
      "m" : "4611686018429993027"
    }, {
      "d" : "1756460659372648612",
      "t" : 1756460659372,
      "tn" : 1756460659372648612,
      "q" : "0.010",
      "p" : "177.02",
      "s" : "buy",
      "i" : "SOL_EUR",
      "m" : "4611686018429993026"
    }, {
      "d" : "1756460606789539626",
      "t" : 1756460606789,
      "tn" : 1756460606789539626,
      "q" : "0.071",
      "p" : "177.04",
      "s" : "buy",
      "i" : "SOL_EUR",
      "m" : "4611686018429993025"
    }, {
      "d" : "1756460603636956809",
      "t" : 1756460603636,
      "tn" : 1756460603636956809,
      "q" : "0.010",
      "p" : "177.02",
      "s" : "buy",
      "i" : "SOL_EUR",
      "m" : "4611686018429993024"
    }, {
      "d" : "1756460592272873092",
      "t" : 1756460592272,
      "tn" : 1756460592272873092,
      "q" : "0.010",
      "p" : "176.95",
      "s" : "buy",
      "i" : "SOL_EUR",
      "m" : "4611686018429993023"
    }, {
      "d" : "1756460591884160321",
      "t" : 1756460591884,
      "tn" : 1756460591884160321,
      "q" : "0.010",
      "p" : "176.93",
      "s" : "buy",
      "i" : "SOL_EUR",
      "m" : "4611686018429993022"
    }, {
      "d" : "1756460591497529579",
      "t" : 1756460591497,
      "tn" : 1756460591497529579,
      "q" : "0.127",
      "p" : "176.92",
      "s" : "buy",
      "i" : "SOL_EUR",
      "m" : "4611686018429993021"
    }, {
      "d" : "1756460590854785174",
      "t" : 1756460590854,
      "tn" : 1756460590854785174,
      "q" : "0.253",
      "p" : "176.92",
      "s" : "buy",
      "i" : "SOL_EUR",
      "m" : "4611686018429993020"
    }, {
      "d" : "1756460532710341735",
      "t" : 1756460532710,
      "tn" : 1756460532710341735,
      "q" : "0.010",
      "p" : "177.07",
      "s" : "buy",
      "i" : "SOL_EUR",
      "m" : "4611686018429993019"
    }, {
      "d" : "1756460471470165785",
      "t" : 1756460471470,
      "tn" : 1756460471470165785,
      "q" : "0.426",
      "p" : "177.22",
      "s" : "buy",
      "i" : "SOL_EUR",
      "m" : "4611686018429993018"
    }, {
      "d" : "1756460471256923133",
      "t" : 1756460471256,
      "tn" : 1756460471256923133,
      "q" : "0.370",
      "p" : "177.22",
      "s" : "buy",
      "i" : "SOL_EUR",
      "m" : "4611686018429993017"
    }, {
      "d" : "1756460470888749369",
      "t" : 1756460470888,
      "tn" : 1756460470888749368,
      "q" : "0.338",
      "p" : "177.22",
      "s" : "buy",
      "i" : "SOL_EUR",
      "m" : "4611686018429993016"
    }, {
      "d" : "1756460470888749368",
      "t" : 1756460470888,
      "tn" : 1756460470888749368,
      "q" : "0.068",
      "p" : "177.22",
      "s" : "buy",
      "i" : "SOL_EUR",
      "m" : "4611686018429993016"
    }, {
      "d" : "1756460458122894207",
      "t" : 1756460458122,
      "tn" : 1756460458122894207,
      "q" : "0.074",
      "p" : "177.13",
      "s" : "buy",
      "i" : "SOL_EUR",
      "m" : "4611686018429993015"
    }, {
      "d" : "1756460455644100599",
      "t" : 1756460455644,
      "tn" : 1756460455644100599,
      "q" : "0.010",
      "p" : "177.11",
      "s" : "buy",
      "i" : "SOL_EUR",
      "m" : "4611686018429993014"
    }, {
      "d" : "1756460441667142598",
      "t" : 1756460441667,
      "tn" : 1756460441667142598,
      "q" : "0.010",
      "p" : "176.99",
      "s" : "buy",
      "i" : "SOL_EUR",
      "m" : "4611686018429993013"
    }, {
      "d" : "1756460440811943362",
      "t" : 1756460440811,
      "tn" : 1756460440811943362,
      "q" : "0.444",
      "p" : "176.98",
      "s" : "buy",
      "i" : "SOL_EUR",
      "m" : "4611686018429993012"
    }, {
      "d" : "1756460411447038772",
      "t" : 1756460411447,
      "tn" : 1756460411447038772,
      "q" : "0.087",
      "p" : "177.01",
      "s" : "buy",
      "i" : "SOL_EUR",
      "m" : "4611686018429993011"
    }, {
      "d" : "1756460403548726061",
      "t" : 1756460403548,
      "tn" : 1756460403548726061,
      "q" : "0.445",
      "p" : "176.93",
      "s" : "buy",
      "i" : "SOL_EUR",
      "m" : "4611686018429993010"
    }, {
      "d" : "1756460403443717413",
      "t" : 1756460403443,
      "tn" : 1756460403443717413,
      "q" : "0.086",
      "p" : "176.93",
      "s" : "buy",
      "i" : "SOL_EUR",
      "m" : "4611686018429993009"
    }, {
      "d" : "1756460402994409071",
      "t" : 1756460402994,
      "tn" : 1756460402994409071,
      "q" : "0.397",
      "p" : "176.93",
      "s" : "buy",
      "i" : "SOL_EUR",
      "m" : "4611686018429993008"
    }, {
      "d" : "1756460402513777354",
      "t" : 1756460402513,
      "tn" : 1756460402513777353,
      "q" : "0.426",
      "p" : "176.93",
      "s" : "buy",
      "i" : "SOL_EUR",
      "m" : "4611686018429993007"
    }, {
      "d" : "1756460402513777353",
      "t" : 1756460402513,
      "tn" : 1756460402513777353,
      "q" : "0.010",
      "p" : "176.93",
      "s" : "buy",
      "i" : "SOL_EUR",
      "m" : "4611686018429993007"
    }, {
      "d" : "1756460402232504128",
      "t" : 1756460402232,
      "tn" : 1756460402232504128,
      "q" : "0.391",
      "p" : "176.92",
      "s" : "buy",
      "i" : "SOL_EUR",
      "m" : "4611686018429993006"
    }, {
      "d" : "1756460401992213100",
      "t" : 1756460401992,
      "tn" : 1756460401992213100,
      "q" : "0.157",
      "p" : "176.92",
      "s" : "buy",
      "i" : "SOL_EUR",
      "m" : "4611686018429993005"
    }, {
      "d" : "1756460381586247426",
      "t" : 1756460381586,
      "tn" : 1756460381586247426,
      "q" : "0.010",
      "p" : "176.90",
      "s" : "buy",
      "i" : "SOL_EUR",
      "m" : "4611686018429993004"
    }, {
      "d" : "1756460381422390522",
      "t" : 1756460381422,
      "tn" : 1756460381422390522,
      "q" : "0.378",
      "p" : "176.89",
      "s" : "buy",
      "i" : "SOL_EUR",
      "m" : "4611686018429993003"
    }, {
      "d" : "1756460381326607618",
      "t" : 1756460381326,
      "tn" : 1756460381326607618,
      "q" : "0.370",
      "p" : "176.89",
      "s" : "buy",
      "i" : "SOL_EUR",
      "m" : "4611686018429993002"
    }, {
      "d" : "1756460381249685820",
      "t" : 1756460381249,
      "tn" : 1756460381249685820,
      "q" : "0.284",
      "p" : "176.89",
      "s" : "buy",
      "i" : "SOL_EUR",
      "m" : "4611686018429993001"
    }, {
      "d" : "1756460381093357492",
      "t" : 1756460381093,
      "tn" : 1756460381093357492,
      "q" : "0.498",
      "p" : "176.89",
      "s" : "buy",
      "i" : "SOL_EUR",
      "m" : "4611686018429993000"
    }, {
      "d" : "1756460283309720618",
      "t" : 1756460283309,
      "tn" : 1756460283309720618,
      "q" : "0.010",
      "p" : "177.14",
      "s" : "buy",
      "i" : "SOL_EUR",
      "m" : "4611686018429992999"
    }, {
      "d" : "1756460235542290527",
      "t" : 1756460235542,
      "tn" : 1756460235542290527,
      "q" : "0.499",
      "p" : "177.14",
      "s" : "buy",
      "i" : "SOL_EUR",
      "m" : "4611686018429992998"
    }, {
      "d" : "1756460235319535531",
      "t" : 1756460235319,
      "tn" : 1756460235319535531,
      "q" : "0.010",
      "p" : "177.12",
      "s" : "buy",
      "i" : "SOL_EUR",
      "m" : "4611686018429992997"
    }, {
      "d" : "1756460234625531603",
      "t" : 1756460234625,
      "tn" : 1756460234625531603,
      "q" : "0.231",
      "p" : "177.11",
      "s" : "buy",
      "i" : "SOL_EUR",
      "m" : "4611686018429992996"
    }, {
      "d" : "1756460202772965905",
      "t" : 1756460202772,
      "tn" : 1756460202772965905,
      "q" : "0.378",
      "p" : "177.16",
      "s" : "sell",
      "i" : "SOL_EUR",
      "m" : "4611686018429992995"
    }, {
      "d" : "1756460185388790772",
      "t" : 1756460185388,
      "tn" : 1756460185388790772,
      "q" : "2.654",
      "p" : "177.00",
      "s" : "buy",
      "i" : "SOL_EUR",
      "m" : "4611686018429992994"
    }, {
      "d" : "1756460185386471413",
      "t" : 1756460185386,
      "tn" : 1756460185386471413,
      "q" : "3.343",
      "p" : "177.00",
      "s" : "buy",
      "i" : "SOL_EUR",
      "m" : "4611686018429992993"
    }, {
      "d" : "1756460185382218072",
      "t" : 1756460185382,
      "tn" : 1756460185382218072,
      "q" : "1.025",
      "p" : "177.00",
      "s" : "buy",
      "i" : "SOL_EUR",
      "m" : "4611686018429992992"
    }, {
      "d" : "1756460185382053256",
      "t" : 1756460185382,
      "tn" : 1756460185382053256,
      "q" : "25.101",
      "p" : "177.00",
      "s" : "buy",
      "i" : "SOL_EUR",
      "m" : "4611686018429992991"
    }, {
      "d" : "1756460185214998669",
      "t" : 1756460185214,
      "tn" : 1756460185214998669,
      "q" : "0.426",
      "p" : "177.00",
      "s" : "buy",
      "i" : "SOL_EUR",
      "m" : "4611686018429992990"
    }, {
      "d" : "1756460185174355046",
      "t" : 1756460185174,
      "tn" : 1756460185174355046,
      "q" : "0.721",
      "p" : "177.00",
      "s" : "buy",
      "i" : "SOL_EUR",
      "m" : "4611686018429992989"
    }, {
      "d" : "1756460184996073156",
      "t" : 1756460184996,
      "tn" : 1756460184996073156,
      "q" : "0.818",
      "p" : "177.00",
      "s" : "buy",
      "i" : "SOL_EUR",
      "m" : "4611686018429992988"
    }, {
      "d" : "1756460184946598149",
      "t" : 1756460184946,
      "tn" : 1756460184946598149,
      "q" : "0.637",
      "p" : "177.00",
      "s" : "buy",
      "i" : "SOL_EUR",
      "m" : "4611686018429992987"
    }, {
      "d" : "1756460184683612414",
      "t" : 1756460184683,
      "tn" : 1756460184683612414,
      "q" : "9.677",
      "p" : "177.00",
      "s" : "buy",
      "i" : "SOL_EUR",
      "m" : "4611686018429992986"
    }, {
      "d" : "1756460184672614061",
      "t" : 1756460184672,
      "tn" : 1756460184672614061,
      "q" : "1.152",
      "p" : "177.00",
      "s" : "buy",
      "i" : "SOL_EUR",
      "m" : "4611686018429992985"
    }, {
      "d" : "1756460184668446985",
      "t" : 1756460184668,
      "tn" : 1756460184668446985,
      "q" : "0.889",
      "p" : "177.00",
      "s" : "buy",
      "i" : "SOL_EUR",
      "m" : "4611686018429992984"
    }, {
      "d" : "1756460184661305047",
      "t" : 1756460184661,
      "tn" : 1756460184661305047,
      "q" : "0.153",
      "p" : "177.00",
      "s" : "buy",
      "i" : "SOL_EUR",
      "m" : "4611686018429992983"
    }, {
      "d" : "1756460184656001992",
      "t" : 1756460184656,
      "tn" : 1756460184656001992,
      "q" : "0.169",
      "p" : "177.00",
      "s" : "buy",
      "i" : "SOL_EUR",
      "m" : "4611686018429992982"
    }, {
      "d" : "1756460184652397956",
      "t" : 1756460184652,
      "tn" : 1756460184652397956,
      "q" : "0.169",
      "p" : "177.00",
      "s" : "buy",
      "i" : "SOL_EUR",
      "m" : "4611686018429992981"
    }, {
      "d" : "1756460184646218602",
      "t" : 1756460184646,
      "tn" : 1756460184646218602,
      "q" : "0.169",
      "p" : "177.00",
      "s" : "buy",
      "i" : "SOL_EUR",
      "m" : "4611686018429992980"
    }, {
      "d" : "1756460184642395630",
      "t" : 1756460184642,
      "tn" : 1756460184642395630,
      "q" : "0.339",
      "p" : "177.00",
      "s" : "buy",
      "i" : "SOL_EUR",
      "m" : "4611686018429992979"
    }, {
      "d" : "1756460184641416888",
      "t" : 1756460184641,
      "tn" : 1756460184641416888,
      "q" : "9.678",
      "p" : "177.00",
      "s" : "buy",
      "i" : "SOL_EUR",
      "m" : "4611686018429992978"
    }, {
      "d" : "1756460184636034790",
      "t" : 1756460184636,
      "tn" : 1756460184636034790,
      "q" : "0.339",
      "p" : "177.00",
      "s" : "buy",
      "i" : "SOL_EUR",
      "m" : "4611686018429992977"
    }, {
      "d" : "1756460184632367699",
      "t" : 1756460184632,
      "tn" : 1756460184632367699,
      "q" : "0.339",
      "p" : "177.00",
      "s" : "buy",
      "i" : "SOL_EUR",
      "m" : "4611686018429992976"
    }, {
      "d" : "1756460184627809566",
      "t" : 1756460184627,
      "tn" : 1756460184627809566,
      "q" : "0.339",
      "p" : "177.00",
      "s" : "buy",
      "i" : "SOL_EUR",
      "m" : "4611686018429992975"
    }, {
      "d" : "1756460184621050538",
      "t" : 1756460184621,
      "tn" : 1756460184621050538,
      "q" : "0.339",
      "p" : "177.00",
      "s" : "buy",
      "i" : "SOL_EUR",
      "m" : "4611686018429992974"
    }, {
      "d" : "1756460184615322326",
      "t" : 1756460184615,
      "tn" : 1756460184615322326,
      "q" : "0.339",
      "p" : "177.00",
      "s" : "buy",
      "i" : "SOL_EUR",
      "m" : "4611686018429992973"
    }, {
      "d" : "1756460184607290889",
      "t" : 1756460184607,
      "tn" : 1756460184607290889,
      "q" : "0.969",
      "p" : "177.00",
      "s" : "buy",
      "i" : "SOL_EUR",
      "m" : "4611686018429992972"
    }, {
      "d" : "1756460184606067397",
      "t" : 1756460184606,
      "tn" : 1756460184606067397,
      "q" : "0.339",
      "p" : "177.00",
      "s" : "buy",
      "i" : "SOL_EUR",
      "m" : "4611686018429992971"
    }, {
      "d" : "1756460184601475068",
      "t" : 1756460184601,
      "tn" : 1756460184601475068,
      "q" : "0.339",
      "p" : "177.00",
      "s" : "buy",
      "i" : "SOL_EUR",
      "m" : "4611686018429992970"
    }, {
      "d" : "1756460184598324502",
      "t" : 1756460184598,
      "tn" : 1756460184598324502,
      "q" : "0.467",
      "p" : "177.00",
      "s" : "buy",
      "i" : "SOL_EUR",
      "m" : "4611686018429992969"
    }, {
      "d" : "1756460184597044843",
      "t" : 1756460184597,
      "tn" : 1756460184597044843,
      "q" : "0.339",
      "p" : "177.00",
      "s" : "buy",
      "i" : "SOL_EUR",
      "m" : "4611686018429992968"
    }, {
      "d" : "1756460184591927580",
      "t" : 1756460184591,
      "tn" : 1756460184591927580,
      "q" : "0.339",
      "p" : "177.00",
      "s" : "buy",
      "i" : "SOL_EUR",
      "m" : "4611686018429992967"
    }, {
      "d" : "1756460184586088553",
      "t" : 1756460184586,
      "tn" : 1756460184586088553,
      "q" : "0.339",
      "p" : "177.00",
      "s" : "buy",
      "i" : "SOL_EUR",
      "m" : "4611686018429992966"
    }, {
      "d" : "1756460184581421878",
      "t" : 1756460184581,
      "tn" : 1756460184581421878,
      "q" : "0.339",
      "p" : "177.00",
      "s" : "buy",
      "i" : "SOL_EUR",
      "m" : "4611686018429992965"
    }, {
      "d" : "1756460184575102751",
      "t" : 1756460184575,
      "tn" : 1756460184575102751,
      "q" : "0.339",
      "p" : "177.00",
      "s" : "buy",
      "i" : "SOL_EUR",
      "m" : "4611686018429992964"
    }, {
      "d" : "1756460184568092924",
      "t" : 1756460184568,
      "tn" : 1756460184568092924,
      "q" : "0.479",
      "p" : "177.00",
      "s" : "buy",
      "i" : "SOL_EUR",
      "m" : "4611686018429992963"
    }, {
      "d" : "1756460184566017025",
      "t" : 1756460184566,
      "tn" : 1756460184566017025,
      "q" : "0.339",
      "p" : "177.00",
      "s" : "buy",
      "i" : "SOL_EUR",
      "m" : "4611686018429992962"
    }, {
      "d" : "1756460184561027311",
      "t" : 1756460184561,
      "tn" : 1756460184561027311,
      "q" : "0.031",
      "p" : "177.00",
      "s" : "buy",
      "i" : "SOL_EUR",
      "m" : "4611686018429992961"
    }, {
      "d" : "1756460184553833038",
      "t" : 1756460184553,
      "tn" : 1756460184553833038,
      "q" : "0.031",
      "p" : "177.00",
      "s" : "buy",
      "i" : "SOL_EUR",
      "m" : "4611686018429992960"
    }, {
      "d" : "1756460184545640024",
      "t" : 1756460184545,
      "tn" : 1756460184545640024,
      "q" : "0.031",
      "p" : "177.00",
      "s" : "buy",
      "i" : "SOL_EUR",
      "m" : "4611686018429992959"
    }, {
      "d" : "1756460184537988437",
      "t" : 1756460184537,
      "tn" : 1756460184537988437,
      "q" : "0.468",
      "p" : "177.00",
      "s" : "buy",
      "i" : "SOL_EUR",
      "m" : "4611686018429992958"
    }, {
      "d" : "1756460184536070492",
      "t" : 1756460184536,
      "tn" : 1756460184536070492,
      "q" : "0.031",
      "p" : "177.00",
      "s" : "buy",
      "i" : "SOL_EUR",
      "m" : "4611686018429992957"
    }, {
      "d" : "1756460184531011762",
      "t" : 1756460184531,
      "tn" : 1756460184531011762,
      "q" : "0.031",
      "p" : "177.00",
      "s" : "buy",
      "i" : "SOL_EUR",
      "m" : "4611686018429992956"
    }, {
      "d" : "1756460184526169797",
      "t" : 1756460184526,
      "tn" : 1756460184526169797,
      "q" : "0.876",
      "p" : "177.00",
      "s" : "buy",
      "i" : "SOL_EUR",
      "m" : "4611686018429992955"
    }, {
      "d" : "1756460184484748087",
      "t" : 1756460184484,
      "tn" : 1756460184484748087,
      "q" : "0.058",
      "p" : "177.00",
      "s" : "buy",
      "i" : "SOL_EUR",
      "m" : "4611686018429992954"
    }, {
      "d" : "1756460184484519169",
      "t" : 1756460184484,
      "tn" : 1756460184484519169,
      "q" : "0.389",
      "p" : "177.00",
      "s" : "buy",
      "i" : "SOL_EUR",
      "m" : "4611686018429992953"
    }, {
      "d" : "1756460184477898720",
      "t" : 1756460184477,
      "tn" : 1756460184477898720,
      "q" : "0.058",
      "p" : "177.00",
      "s" : "buy",
      "i" : "SOL_EUR",
      "m" : "4611686018429992952"
    }, {
      "d" : "1756460184475311245",
      "t" : 1756460184475,
      "tn" : 1756460184475311245,
      "q" : "0.454",
      "p" : "177.00",
      "s" : "buy",
      "i" : "SOL_EUR",
      "m" : "4611686018429992951"
    }, {
      "d" : "1756460184471782798",
      "t" : 1756460184471,
      "tn" : 1756460184471782798,
      "q" : "0.058",
      "p" : "177.00",
      "s" : "buy",
      "i" : "SOL_EUR",
      "m" : "4611686018429992950"
    }, {
      "d" : "1756460184414281568",
      "t" : 1756460184414,
      "tn" : 1756460184414281568,
      "q" : "0.590",
      "p" : "177.00",
      "s" : "buy",
      "i" : "SOL_EUR",
      "m" : "4611686018429992949"
    }, {
      "d" : "1756460184373504253",
      "t" : 1756460184373,
      "tn" : 1756460184373504253,
      "q" : "0.374",
      "p" : "177.00",
      "s" : "buy",
      "i" : "SOL_EUR",
      "m" : "4611686018429992948"
    }, {
      "d" : "1756460184324375076",
      "t" : 1756460184324,
      "tn" : 1756460184324375076,
      "q" : "0.622",
      "p" : "177.00",
      "s" : "buy",
      "i" : "SOL_EUR",
      "m" : "4611686018429992947"
    }, {
      "d" : "1756460184014905754",
      "t" : 1756460184014,
      "tn" : 1756460184014905754,
      "q" : "0.895",
      "p" : "177.00",
      "s" : "buy",
      "i" : "SOL_EUR",
      "m" : "4611686018429992946"
    }, {
      "d" : "1756460184010607148",
      "t" : 1756460184010,
      "tn" : 1756460184010607148,
      "q" : "0.006",
      "p" : "177.04",
      "s" : "sell",
      "i" : "SOL_EUR",
      "m" : "4611686018429992945"
    }, {
      "d" : "1756460182417783084",
      "t" : 1756460182417,
      "tn" : 1756460182417783084,
      "q" : "1.652",
      "p" : "177.03",
      "s" : "buy",
      "i" : "SOL_EUR",
      "m" : "4611686018429992944"
    }, {
      "d" : "1756460175957843740",
      "t" : 1756460175957,
      "tn" : 1756460175957843740,
      "q" : "0.010",
      "p" : "177.05",
      "s" : "sell",
      "i" : "SOL_EUR",
      "m" : "4611686018429992943"
    }, {
      "d" : "1756460167409409440",
      "t" : 1756460167409,
      "tn" : 1756460167409409440,
      "q" : "0.010",
      "p" : "177.18",
      "s" : "sell",
      "i" : "SOL_EUR",
      "m" : "4611686018429992942"
    }, {
      "d" : "1756460139186200902",
      "t" : 1756460139186,
      "tn" : 1756460139186200902,
      "q" : "0.010",
      "p" : "177.28",
      "s" : "sell",
      "i" : "SOL_EUR",
      "m" : "4611686018429992941"
    }, {
      "d" : "1756460112185363389",
      "t" : 1756460112185,
      "tn" : 1756460112185363389,
      "q" : "0.010",
      "p" : "177.35",
      "s" : "sell",
      "i" : "SOL_EUR",
      "m" : "4611686018429992940"
    }, {
      "d" : "1756460082382737811",
      "t" : 1756460082382,
      "tn" : 1756460082382737811,
      "q" : "0.010",
      "p" : "177.25",
      "s" : "sell",
      "i" : "SOL_EUR",
      "m" : "4611686018429992939"
    }, {
      "d" : "1756459981346378235",
      "t" : 1756459981346,
      "tn" : 1756459981346378235,
      "q" : "0.010",
      "p" : "177.34",
      "s" : "buy",
      "i" : "SOL_EUR",
      "m" : "4611686018429992938"
    }, {
      "d" : "1756459963132819618",
      "t" : 1756459963132,
      "tn" : 1756459963132819618,
      "q" : "0.010",
      "p" : "177.28",
      "s" : "buy",
      "i" : "SOL_EUR",
      "m" : "4611686018429992937"
    }, {
      "d" : "1756459864246097192",
      "t" : 1756459864246,
      "tn" : 1756459864246097192,
      "q" : "0.019",
      "p" : "177.68",
      "s" : "buy",
      "i" : "SOL_EUR",
      "m" : "4611686018429992936"
    } ]
  }
}