{
  "id" : -1,
  "method" : "public/get-trades",
  "code" : 0,
  "result" : {
    "data" : [ {
      "d" : "1756462499764139359",
      "t" : 1756462499764,
      "tn" : 1756462499764139359,
      "q" : "0.01",
      "p" : "208.35",
      "s" : "sell",
      "i" : "SOLUSD-PERP",
      "m" : "4611686018481793609"
    }, {
      "d" : "1756462499764136391",
      "t" : 1756462499764,
      "tn" : 1756462499764136391,
      "q" : "0.01",
      "p" : "208.35",
      "s" : "sell",
      "i" : "SOLUSD-PERP",
      "m" : "4611686018481793608"
    }, {
      "d" : "1756462499764133782",
      "t" : 1756462499764,
      "tn" : 1756462499764133782,
      "q" : "1.55",
      "p" : "208.35",
      "s" : "sell",
      "i" : "SOLUSD-PERP",
      "m" : "4611686018481793607"
    }, {
      "d" : "1756462499764083059",
      "t" : 1756462499764,
      "tn" : 1756462499764083058,
      "q" : "0.43",
      "p" : "208.35",
      "s" : "sell",
      "i" : "SOLUSD-PERP",
      "m" : "4611686018481793606"
    }, {
      "d" : "1756462499764083058",
      "t" : 1756462499764,
      "tn" : 1756462499764083058,
      "q" : "5.00",
      "p" : "208.35",
      "s" : "sell",
      "i" : "SOLUSD-PERP",
      "m" : "4611686018481793606"
    }, {
      "d" : "1756462499082841484",
      "t" : 1756462499082,
      "tn" : 1756462499082841483,
      "q" : "2.10",
      "p" : "208.34",
      "s" : "buy",
      "i" : "SOLUSD-PERP",
      "m" : "4611686018481793605"
    }, {
      "d" : "1756462499082841483",
      "t" : 1756462499082,
      "tn" : 1756462499082841483,
      "q" : "0.01",
      "p" : "208.34",
      "s" : "buy",
      "i" : "SOLUSD-PERP",
      "m" : "4611686018481793605"
    }, {
      "d" : "1756462498909274758",
      "t" : 1756462498909,
      "tn" : 1756462498909274757,
      "q" : "3.00",
      "p" : "208.35",
      "s" : "buy",
      "i" : "SOLUSD-PERP",
      "m" : "4611686018481793604"
    }, {
      "d" : "1756462498909274757",
      "t" : 1756462498909,
      "tn" : 1756462498909274757,
      "q" : "10.82",
      "p" : "208.35",
      "s" : "buy",
      "i" : "SOLUSD-PERP",
      "m" : "4611686018481793604"
    }, {
      "d" : "1756462498909272469",
      "t" : 1756462498909,
      "tn" : 1756462498909272468,
      "q" : "2.00",
      "p" : "208.34",
      "s" : "buy",
      "i" : "SOLUSD-PERP",
      "m" : "4611686018481793603"
    }, {
      "d" : "1756462498909272468",
      "t" : 1756462498909,
      "tn" : 1756462498909272468,
      "q" : "5.00",
      "p" : "208.34",
      "s" : "buy",
      "i" : "SOLUSD-PERP",
      "m" : "4611686018481793603"
    }, {
      "d" : "1756462498906924647",
      "t" : 1756462498906,
      "tn" : 1756462498906924647,
      "q" : "7.19",
      "p" : "208.34",
      "s" : "buy",
      "i" : "SOLUSD-PERP",
      "m" : "4611686018481793602"
    }, {
      "d" : "1756462498906655539",
      "t" : 1756462498906,
      "tn" : 1756462498906655539,
      "q" : "2.23",
      "p" : "208.33",
      "s" : "buy",
      "i" : "SOLUSD-PERP",
      "m" : "4611686018481793601"
    }, {
      "d" : "1756462498906559521",
      "t" : 1756462498906,
      "tn" : 1756462498906559521,
      "q" : "2.95",
      "p" : "208.33",
      "s" : "buy",
      "i" : "SOLUSD-PERP",
      "m" : "4611686018481793600"
    }, {
      "d" : "1756462498906265816",
      "t" : 1756462498906,
      "tn" : 1756462498906265816,
      "q" : "14.13",
      "p" : "208.33",
      "s" : "buy",
      "i" : "SOLUSD-PERP",
      "m" : "4611686018481793599"
    }, {
      "d" : "1756462498905532640",
      "t" : 1756462498905,
      "tn" : 1756462498905532640,
      "q" : "2.26",
      "p" : "208.32",
      "s" : "buy",
      "i" : "SOLUSD-PERP",
      "m" : "4611686018481793598"
    }, {
      "d" : "1756462498905395707",
      "t" : 1756462498905,
      "tn" : 1756462498905395707,
      "q" : "7.34",
      "p" : "208.32",
      "s" : "buy",
      "i" : "SOLUSD-PERP",
      "m" : "4611686018481793597"
    }, {
      "d" : "1756462498905394299",
      "t" : 1756462498905,
      "tn" : 1756462498905394298,
      "q" : "0.36",
      "p" : "208.31",
      "s" : "buy",
      "i" : "SOLUSD-PERP",
      "m" : "4611686018481793596"
    }, {
      "d" : "1756462498905394298",
      "t" : 1756462498905,
      "tn" : 1756462498905394298,
      "q" : "0.54",
      "p" : "208.31",
      "s" : "buy",
      "i" : "SOLUSD-PERP",
      "m" : "4611686018481793596"
    }, {
      "d" : "1756462498905379825",
      "t" : 1756462498905,
      "tn" : 1756462498905379825,
      "q" : "9.46",
      "p" : "208.31",
      "s" : "buy",
      "i" : "SOLUSD-PERP",
      "m" : "4611686018481793595"
    }, {
      "d" : "1756462498904948697",
      "t" : 1756462498904,
      "tn" : 1756462498904948697,
      "q" : "0.01",
      "p" : "208.30",
      "s" : "buy",
      "i" : "SOLUSD-PERP",
      "m" : "4611686018481793594"
    }, {
      "d" : "1756462498904946788",
      "t" : 1756462498904,
      "tn" : 1756462498904946788,
      "q" : "3.00",
      "p" : "208.29",
      "s" : "buy",
      "i" : "SOLUSD-PERP",
      "m" : "4611686018481793593"
    }, {
      "d" : "1756462498904944448",
      "t" : 1756462498904,
      "tn" : 1756462498904944447,
      "q" : "2.00",
      "p" : "208.28",
      "s" : "buy",
      "i" : "SOLUSD-PERP",
      "m" : "4611686018481793592"
    }, {
      "d" : "1756462498904944447",
      "t" : 1756462498904,
      "tn" : 1756462498904944447,
      "q" : "5.00",
      "p" : "208.28",
      "s" : "buy",
      "i" : "SOLUSD-PERP",
      "m" : "4611686018481793592"
    }, {
      "d" : "1756462498904913258",
      "t" : 1756462498904,
      "tn" : 1756462498904913258,
      "q" : "0.01",
      "p" : "208.26",
      "s" : "buy",
      "i" : "SOLUSD-PERP",
      "m" : "4611686018481793591"
    }, {
      "d" : "1756462496210146628",
      "t" : 1756462496210,
      "tn" : 1756462496210146625,
      "q" : "0.72",
      "p" : "208.27",
      "s" : "sell",
      "i" : "SOLUSD-PERP",
      "m" : "4611686018481793590"
    }, {
      "d" : "1756462496210146627",
      "t" : 1756462496210,
      "tn" : 1756462496210146625,
      "q" : "3.00",
      "p" : "208.27",
      "s" : "sell",
      "i" : "SOLUSD-PERP",
      "m" : "4611686018481793590"
    }, {
      "d" : "1756462496210146626",
      "t" : 1756462496210,
      "tn" : 1756462496210146625,
      "q" : "2.00",
      "p" : "208.27",
      "s" : "sell",
      "i" : "SOLUSD-PERP",
      "m" : "4611686018481793590"
    }, {
      "d" : "1756462496210146625",
      "t" : 1756462496210,
      "tn" : 1756462496210146625,
      "q" : "5.00",
      "p" : "208.27",
      "s" : "sell",
      "i" : "SOLUSD-PERP",
      "m" : "4611686018481793590"
    }, {
      "d" : "1756462496210033018",
      "t" : 1756462496210,
      "tn" : 1756462496210033018,
      "q" : "0.01",
      "p" : "208.28",
      "s" : "sell",
      "i" : "SOLUSD-PERP",
      "m" : "4611686018481793589"
    }, {
      "d" : "1756462495180863921",
      "t" : 1756462495180,
      "tn" : 1756462495180863921,
      "q" : "0.47",
      "p" : "208.28",
      "s" : "sell",
      "i" : "SOLUSD-PERP",
      "m" : "4611686018481793588"
    }, {
      "d" : "1756462495180861936",
      "t" : 1756462495180,
      "tn" : 1756462495180861934,
      "q" : "2.00",
      "p" : "208.29",
      "s" : "sell",
      "i" : "SOLUSD-PERP",
      "m" : "4611686018481793587"
    }, {
      "d" : "1756462495180861935",
      "t" : 1756462495180,
      "tn" : 1756462495180861934,
      "q" : "5.00",
      "p" : "208.29",
      "s" : "sell",
      "i" : "SOLUSD-PERP",
      "m" : "4611686018481793587"
    }, {
      "d" : "1756462495180861934",
      "t" : 1756462495180,
      "tn" : 1756462495180861934,
      "q" : "4.09",
      "p" : "208.29",
      "s" : "sell",
      "i" : "SOLUSD-PERP",
      "m" : "4611686018481793587"
    }, {
      "d" : "1756462494955194639",
      "t" : 1756462494955,
      "tn" : 1756462494955194639,
      "q" : "0.01",
      "p" : "208.29",
      "s" : "buy",
      "i" : "SOLUSD-PERP",
      "m" : "4611686018481793586"
    }, {
      "d" : "1756462494788629071",
      "t" : 1756462494788,
      "tn" : 1756462494788629070,
      "q" : "2.00",
      "p" : "208.28",
      "s" : "buy",
      "i" : "SOLUSD-PERP",
      "m" : "4611686018481793585"
    }, {
      "d" : "1756462494788629070",
      "t" : 1756462494788,
      "tn" : 1756462494788629070,
      "q" : "5.00",
      "p" : "208.28",
      "s" : "buy",
      "i" : "SOLUSD-PERP",
      "m" : "4611686018481793585"
    }, {
      "d" : "1756462494784810824",
      "t" : 1756462494784,
      "tn" : 1756462494784810823,
      "q" : "3.00",
      "p" : "208.28",
      "s" : "buy",
      "i" : "SOLUSD-PERP",
      "m" : "4611686018481793584"
    }, {
      "d" : "1756462494784810823",
      "t" : 1756462494784,
      "tn" : 1756462494784810823,
      "q" : "0.01",
      "p" : "208.28",
      "s" : "buy",
      "i" : "SOLUSD-PERP",
      "m" : "4611686018481793584"
    }, {
      "d" : "1756462494783164168",
      "t" : 1756462494783,
      "tn" : 1756462494783164167,
      "q" : "2.00",
      "p" : "208.26",
      "s" : "buy",
      "i" : "SOLUSD-PERP",
      "m" : "4611686018481793583"
    }, {
      "d" : "1756462494783164167",
      "t" : 1756462494783,
      "tn" : 1756462494783164167,
      "q" : "1.58",
      "p" : "208.26",
      "s" : "buy",
      "i" : "SOLUSD-PERP",
      "m" : "4611686018481793583"
    }, {
      "d" : "1756462494783157984",
      "t" : 1756462494783,
      "tn" : 1756462494783157983,
      "q" : "3.00",
      "p" : "208.26",
      "s" : "buy",
      "i" : "SOLUSD-PERP",
      "m" : "4611686018481793582"
    }, {
      "d" : "1756462494783157983",
      "t" : 1756462494783,
      "tn" : 1756462494783157983,
      "q" : "5.00",
      "p" : "208.26",
      "s" : "buy",
      "i" : "SOLUSD-PERP",
      "m" : "4611686018481793582"
    }, {
      "d" : "1756462494778967945",
      "t" : 1756462494778,
      "tn" : 1756462494778967945,
      "q" : "0.01",
      "p" : "208.25",
      "s" : "buy",
      "i" : "SOLUSD-PERP",
      "m" : "4611686018481793581"
    }, {
      "d" : "1756462494174747554",
      "t" : 1756462494174,
      "tn" : 1756462494174747554,
      "q" : "0.01",
      "p" : "208.24",
      "s" : "buy",
      "i" : "SOLUSD-PERP",
      "m" : "4611686018481793580"
    }, {
      "d" : "1756462492520273824",
      "t" : 1756462492520,
      "tn" : 1756462492520273824,
      "q" : "2.92",
      "p" : "208.24",
      "s" : "sell",
      "i" : "SOLUSD-PERP",
      "m" : "4611686018481793579"
    }, {
      "d" : "1756462487023055888",
      "t" : 1756462487023,
      "tn" : 1756462487023055888,
      "q" : "1.08",
      "p" : "208.27",
      "s" : "sell",
      "i" : "SOLUSD-PERP",
      "m" : "4611686018481793578"
    }, {
      "d" : "1756462487022395291",
      "t" : 1756462487022,
      "tn" : 1756462487022395291,
      "q" : "1.54",
      "p" : "208.27",
      "s" : "sell",
      "i" : "SOLUSD-PERP",
      "m" : "4611686018481793577"
    }, {
      "d" : "1756462487022141444",
      "t" : 1756462487022,
      "tn" : 1756462487022141444,
      "q" : "2.38",
      "p" : "208.27",
      "s" : "sell",
      "i" : "SOLUSD-PERP",
      "m" : "4611686018481793576"
    }, {
      "d" : "1756462487020237365",
      "t" : 1756462487020,
      "tn" : 1756462487020237365,
      "q" : "0.01",
      "p" : "208.28",
      "s" : "sell",
      "i" : "SOLUSD-PERP",
      "m" : "4611686018481793575"
    }, {
      "d" : "1756462485265128875",
      "t" : 1756462485265,
      "tn" : 1756462485265128875,
      "q" : "0.11",
      "p" : "208.30",
      "s" : "sell",
      "i" : "SOLUSD-PERP",
      "m" : "4611686018481793574"
    }, {
      "d" : "1756462485265097327",
      "t" : 1756462485265,
      "tn" : 1756462485265097326,
      "q" : "1.89",
      "p" : "208.30",
      "s" : "sell",
      "i" : "SOLUSD-PERP",
      "m" : "4611686018481793573"
    }, {
      "d" : "1756462485265097326",
      "t" : 1756462485265,
      "tn" : 1756462485265097326,
      "q" : "1.74",
      "p" : "208.30",
      "s" : "sell",
      "i" : "SOLUSD-PERP",
      "m" : "4611686018481793573"
    }, {
      "d" : "1756462485264963741",
      "t" : 1756462485264,
      "tn" : 1756462485264963741,
      "q" : "1.80",
      "p" : "208.30",
      "s" : "sell",
      "i" : "SOLUSD-PERP",
      "m" : "4611686018481793572"
    }, {
      "d" : "1756462485264629259",
      "t" : 1756462485264,
      "tn" : 1756462485264629259,
      "q" : "1.46",
      "p" : "208.30",
      "s" : "sell",
      "i" : "SOLUSD-PERP",
      "m" : "4611686018481793571"
    }, {
      "d" : "1756462485264627866",
      "t" : 1756462485264,
      "tn" : 1756462485264627866,
      "q" : "0.01",
      "p" : "208.32",
      "s" : "sell",
      "i" : "SOLUSD-PERP",
      "m" : "4611686018481793570"
    }, {
      "d" : "1756462481506339646",
      "t" : 1756462481506,
      "tn" : 1756462481506339645,
      "q" : "0.01",
      "p" : "208.33",
      "s" : "buy",
      "i" : "SOLUSD-PERP",
      "m" : "4611686018481793569"
    }, {
      "d" : "1756462481506339645",
      "t" : 1756462481506,
      "tn" : 1756462481506339645,
      "q" : "1.65",
      "p" : "208.33",
      "s" : "buy",
      "i" : "SOLUSD-PERP",
      "m" : "4611686018481793569"
    }, {
      "d" : "1756462481505846674",
      "t" : 1756462481505,
      "tn" : 1756462481505846673,
      "q" : "0.35",
      "p" : "208.33",
      "s" : "buy",
      "i" : "SOLUSD-PERP",
      "m" : "4611686018481793568"
    }, {
      "d" : "1756462481505846673",
      "t" : 1756462481505,
      "tn" : 1756462481505846673,
      "q" : "5.00",
      "p" : "208.33",
      "s" : "buy",
      "i" : "SOLUSD-PERP",
      "m" : "4611686018481793568"
    }, {
      "d" : "1756462481368863687",
      "t" : 1756462481368,
      "tn" : 1756462481368863687,
      "q" : "0.01",
      "p" : "208.32",
      "s" : "buy",
      "i" : "SOLUSD-PERP",
      "m" : "4611686018481793567"
    }, {
      "d" : "1756462480691149786",
      "t" : 1756462480691,
      "tn" : 1756462480691149785,
      "q" : "2.00",
      "p" : "208.31",
      "s" : "buy",
      "i" : "SOLUSD-PERP",
      "m" : "4611686018481793566"
    }, {
      "d" : "1756462480691149785",
      "t" : 1756462480691,
      "tn" : 1756462480691149785,
      "q" : "5.00",
      "p" : "208.31",
      "s" : "buy",
      "i" : "SOLUSD-PERP",
      "m" : "4611686018481793566"
    }, {
      "d" : "1756462480420204072",
      "t" : 1756462480420,
      "tn" : 1756462480420204072,
      "q" : "1.76",
      "p" : "208.32",
      "s" : "sell",
      "i" : "SOLUSD-PERP",
      "m" : "4611686018481793565"
    }, {
      "d" : "1756462480420201090",
      "t" : 1756462480420,
      "tn" : 1756462480420201090,
      "q" : "0.01",
      "p" : "208.32",
      "s" : "sell",
      "i" : "SOLUSD-PERP",
      "m" : "4611686018481793564"
    }, {
      "d" : "1756462480420118220",
      "t" : 1756462480420,
      "tn" : 1756462480420118220,
      "q" : "0.01",
      "p" : "208.32",
      "s" : "sell",
      "i" : "SOLUSD-PERP",
      "m" : "4611686018481793563"
    }, {
      "d" : "1756462480420066128",
      "t" : 1756462480420,
      "tn" : 1756462480420066127,
      "q" : "0.22",
      "p" : "208.32",
      "s" : "sell",
      "i" : "SOLUSD-PERP",
      "m" : "4611686018481793562"
    }, {
      "d" : "1756462480420066127",
      "t" : 1756462480420,
      "tn" : 1756462480420066127,
      "q" : "1.49",
      "p" : "208.32",
      "s" : "sell",
      "i" : "SOLUSD-PERP",
      "m" : "4611686018481793562"
    }, {
      "d" : "1756462480419567793",
      "t" : 1756462480419,
      "tn" : 1756462480419567793,
      "q" : "2.02",
      "p" : "208.32",
      "s" : "sell",
      "i" : "SOLUSD-PERP",
      "m" : "4611686018481793561"
    }, {
      "d" : "1756462480419563480",
      "t" : 1756462480419,
      "tn" : 1756462480419563480,
      "q" : "1.49",
      "p" : "208.32",
      "s" : "sell",
      "i" : "SOLUSD-PERP",
      "m" : "4611686018481793560"
    }, {
      "d" : "1756462480419561691",
      "t" : 1756462480419,
      "tn" : 1756462480419561691,
      "q" : "0.01",
      "p" : "208.33",
      "s" : "sell",
      "i" : "SOLUSD-PERP",
      "m" : "4611686018481793559"
    }, {
      "d" : "1756462478846863651",
      "t" : 1756462478846,
      "tn" : 1756462478846863651,
      "q" : "2.00",
      "p" : "208.33",
      "s" : "sell",
      "i" : "SOLUSD-PERP",
      "m" : "4611686018481793558"
    }, {
      "d" : "1756462478779500163",
      "t" : 1756462478779,
      "tn" : 1756462478779500162,
      "q" : "2.00",
      "p" : "208.35",
      "s" : "sell",
      "i" : "SOLUSD-PERP",
      "m" : "4611686018481793557"
    }, {
      "d" : "1756462478779500162",
      "t" : 1756462478779,
      "tn" : 1756462478779500162,
      "q" : "3.00",
      "p" : "208.35",
      "s" : "sell",
      "i" : "SOLUSD-PERP",
      "m" : "4611686018481793557"
    }, {
      "d" : "1756462478778995296",
      "t" : 1756462478778,
      "tn" : 1756462478778995296,
      "q" : "2.00",
      "p" : "208.35",
      "s" : "sell",
      "i" : "SOLUSD-PERP",
      "m" : "4611686018481793556"
    }, {
      "d" : "1756462478772844531",
      "t" : 1756462478772,
      "tn" : 1756462478772844529,
      "q" : "0.01",
      "p" : "208.37",
      "s" : "sell",
      "i" : "SOLUSD-PERP",
      "m" : "4611686018481793555"
    }, {
      "d" : "1756462478772844530",
      "t" : 1756462478772,
      "tn" : 1756462478772844529,
      "q" : "2.00",
      "p" : "208.37",
      "s" : "sell",
      "i" : "SOLUSD-PERP",
      "m" : "4611686018481793555"
    }, {
      "d" : "1756462478772844529",
      "t" : 1756462478772,
      "tn" : 1756462478772844529,
      "q" : "1.34",
      "p" : "208.37",
      "s" : "sell",
      "i" : "SOLUSD-PERP",
      "m" : "4611686018481793555"
    }, {
      "d" : "1756462478772835255",
      "t" : 1756462478772,
      "tn" : 1756462478772835255,
      "q" : "3.66",
      "p" : "208.37",
      "s" : "sell",
      "i" : "SOLUSD-PERP",
      "m" : "4611686018481793554"
    }, {
      "d" : "1756462476102889182",
      "t" : 1756462476102,
      "tn" : 1756462476102889181,
      "q" : "5.00",
      "p" : "208.36",
      "s" : "buy",
      "i" : "SOLUSD-PERP",
      "m" : "4611686018481793553"
    }, {
      "d" : "1756462476102889181",
      "t" : 1756462476102,
      "tn" : 1756462476102889181,
      "q" : "2.00",
      "p" : "208.36",
      "s" : "buy",
      "i" : "SOLUSD-PERP",
      "m" : "4611686018481793553"
    }, {
      "d" : "1756462476102564270",
      "t" : 1756462476102,
      "tn" : 1756462476102564270,
      "q" : "0.01",
      "p" : "208.34",
      "s" : "buy",
      "i" : "SOLUSD-PERP",
      "m" : "4611686018481793552"
    }, {
      "d" : "1756462473054465129",
      "t" : 1756462473054,
      "tn" : 1756462473054465129,
      "q" : "0.82",
      "p" : "208.34",
      "s" : "buy",
      "i" : "SOLUSD-PERP",
      "m" : "4611686018481793551"
    }, {
      "d" : "1756462473054462231",
      "t" : 1756462473054,
      "tn" : 1756462473054462230,
      "q" : "1.18",
      "p" : "208.34",
      "s" : "buy",
      "i" : "SOLUSD-PERP",
      "m" : "4611686018481793550"
    }, {
      "d" : "1756462473054462230",
      "t" : 1756462473054,
      "tn" : 1756462473054462230,
      "q" : "5.00",
      "p" : "208.34",
      "s" : "buy",
      "i" : "SOLUSD-PERP",
      "m" : "4611686018481793550"
    }, {
      "d" : "1756462473054373074",
      "t" : 1756462473054,
      "tn" : 1756462473054373074,
      "q" : "0.01",
      "p" : "208.32",
      "s" : "buy",
      "i" : "SOLUSD-PERP",
      "m" : "4611686018481793549"
    }, {
      "d" : "1756462471854845242",
      "t" : 1756462471854,
      "tn" : 1756462471854845242,
      "q" : "1.64",
      "p" : "208.32",
      "s" : "sell",
      "i" : "SOLUSD-PERP",
      "m" : "4611686018481793548"
    }, {
      "d" : "1756462471853981841",
      "t" : 1756462471853,
      "tn" : 1756462471853981840,
      "q" : "0.36",
      "p" : "208.32",
      "s" : "sell",
      "i" : "SOLUSD-PERP",
      "m" : "4611686018481793547"
    }, {
      "d" : "1756462471853981840",
      "t" : 1756462471853,
      "tn" : 1756462471853981840,
      "q" : "5.00",
      "p" : "208.32",
      "s" : "sell",
      "i" : "SOLUSD-PERP",
      "m" : "4611686018481793547"
    }, {
      "d" : "1756462471782520462",
      "t" : 1756462471782,
      "tn" : 1756462471782520461,
      "q" : "5.00",
      "p" : "208.33",
      "s" : "buy",
      "i" : "SOLUSD-PERP",
      "m" : "4611686018481793546"
    }, {
      "d" : "1756462471782520461",
      "t" : 1756462471782,
      "tn" : 1756462471782520461,
      "q" : "2.00",
      "p" : "208.33",
      "s" : "buy",
      "i" : "SOLUSD-PERP",
      "m" : "4611686018481793546"
    }, {
      "d" : "1756462471782517321",
      "t" : 1756462471782,
      "tn" : 1756462471782517321,
      "q" : "0.01",
      "p" : "208.32",
      "s" : "buy",
      "i" : "SOLUSD-PERP",
      "m" : "4611686018481793545"
    }, {
      "d" : "1756462470246215111",
      "t" : 1756462470246,
      "tn" : 1756462470246215111,
      "q" : "0.01",
      "p" : "208.30",
      "s" : "buy",
      "i" : "SOLUSD-PERP",
      "m" : "4611686018481793544"
    }, {
      "d" : "1756462469375995261",
      "t" : 1756462469375,
      "tn" : 1756462469375995261,
      "q" : "4.16",
      "p" : "208.30",
      "s" : "buy",
      "i" : "SOLUSD-PERP",
      "m" : "4611686018481793543"
    }, {
      "d" : "1756462469375591049",
      "t" : 1756462469375,
      "tn" : 1756462469375591049,
      "q" : "3.31",
      "p" : "208.30",
      "s" : "buy",
      "i" : "SOLUSD-PERP",
      "m" : "4611686018481793542"
    }, {
      "d" : "1756462469375509307",
      "t" : 1756462469375,
      "tn" : 1756462469375509305,
      "q" : "2.53",
      "p" : "208.30",
      "s" : "buy",
      "i" : "SOLUSD-PERP",
      "m" : "4611686018481793541"
    }, {
      "d" : "1756462469375509306",
      "t" : 1756462469375,
      "tn" : 1756462469375509305,
      "q" : "0.28",
      "p" : "208.30",
      "s" : "buy",
      "i" : "SOLUSD-PERP",
      "m" : "4611686018481793541"
    }, {
      "d" : "1756462469375509305",
      "t" : 1756462469375,
      "tn" : 1756462469375509305,
      "q" : "0.01",
      "p" : "208.30",
      "s" : "buy",
      "i" : "SOLUSD-PERP",
      "m" : "4611686018481793541"
    }, {
      "d" : "1756462469374637220",
      "t" : 1756462469374,
      "tn" : 1756462469374637218,
      "q" : "0.01",
      "p" : "208.26",
      "s" : "buy",
      "i" : "SOLUSD-PERP",
      "m" : "4611686018481793540"
    }, {
      "d" : "1756462469374637219",
      "t" : 1756462469374,
      "tn" : 1756462469374637218,
      "q" : "2.00",
      "p" : "208.26",
      "s" : "buy",
      "i" : "SOLUSD-PERP",
      "m" : "4611686018481793540"
    }, {
      "d" : "1756462469374637218",
      "t" : 1756462469374,
      "tn" : 1756462469374637218,
      "q" : "5.00",
      "p" : "208.26",
      "s" : "buy",
      "i" : "SOLUSD-PERP",
      "m" : "4611686018481793540"
    }, {
      "d" : "1756462467893302314",
      "t" : 1756462467893,
      "tn" : 1756462467893302314,
      "q" : "3.38",
      "p" : "208.26",
      "s" : "sell",
      "i" : "SOLUSD-PERP",
      "m" : "4611686018481793539"
    }, {
      "d" : "1756462467893138663",
      "t" : 1756462467893,
      "tn" : 1756462467893138663,
      "q" : "2.20",
      "p" : "208.26",
      "s" : "sell",
      "i" : "SOLUSD-PERP",
      "m" : "4611686018481793538"
    }, {
      "d" : "1756462467892549312",
      "t" : 1756462467892,
      "tn" : 1756462467892549312,
      "q" : "0.01",
      "p" : "208.26",
      "s" : "sell",
      "i" : "SOLUSD-PERP",
      "m" : "4611686018481793537"
    }, {
      "d" : "1756462467892546265",
      "t" : 1756462467892,
      "tn" : 1756462467892546265,
      "q" : "1.44",
      "p" : "208.26",
      "s" : "sell",
      "i" : "SOLUSD-PERP",
      "m" : "4611686018481793536"
    }, {
      "d" : "1756462466564908757",
      "t" : 1756462466564,
      "tn" : 1756462466564908757,
      "q" : "0.01",
      "p" : "208.25",
      "s" : "buy",
      "i" : "SOLUSD-PERP",
      "m" : "4611686018481793535"
    }, {
      "d" : "1756462466455875127",
      "t" : 1756462466455,
      "tn" : 1756462466455875127,
      "q" : "3.66",
      "p" : "208.24",
      "s" : "buy",
      "i" : "SOLUSD-PERP",
      "m" : "4611686018481793534"
    }, {
      "d" : "1756462466455869602",
      "t" : 1756462466455,
      "tn" : 1756462466455869602,
      "q" : "8.58",
      "p" : "208.24",
      "s" : "buy",
      "i" : "SOLUSD-PERP",
      "m" : "4611686018481793533"
    }, {
      "d" : "1756462465603624465",
      "t" : 1756462465603,
      "tn" : 1756462465603624465,
      "q" : "4.80",
      "p" : "208.25",
      "s" : "sell",
      "i" : "SOLUSD-PERP",
      "m" : "4611686018481793532"
    }, {
      "d" : "1756462465602940491",
      "t" : 1756462465602,
      "tn" : 1756462465602940491,
      "q" : "0.01",
      "p" : "208.25",
      "s" : "sell",
      "i" : "SOLUSD-PERP",
      "m" : "4611686018481793531"
    }, {
      "d" : "1756462463241981002",
      "t" : 1756462463241,
      "tn" : 1756462463241981001,
      "q" : "2.00",
      "p" : "208.26",
      "s" : "buy",
      "i" : "SOLUSD-PERP",
      "m" : "4611686018481793530"
    }, {
      "d" : "1756462463241981001",
      "t" : 1756462463241,
      "tn" : 1756462463241981001,
      "q" : "4.99",
      "p" : "208.26",
      "s" : "buy",
      "i" : "SOLUSD-PERP",
      "m" : "4611686018481793530"
    }, {
      "d" : "1756462463241881937",
      "t" : 1756462463241,
      "tn" : 1756462463241881937,
      "q" : "0.01",
      "p" : "208.26",
      "s" : "buy",
      "i" : "SOLUSD-PERP",
      "m" : "4611686018481793529"
    }, {
      "d" : "1756462463236239334",
      "t" : 1756462463236,
      "tn" : 1756462463236239334,
      "q" : "1.13",
      "p" : "208.25",
      "s" : "buy",
      "i" : "SOLUSD-PERP",
      "m" : "4611686018481793528"
    }, {
      "d" : "1756462463236236686",
      "t" : 1756462463236,
      "tn" : 1756462463236236686,
      "q" : "2.86",
      "p" : "208.25",
      "s" : "buy",
      "i" : "SOLUSD-PERP",
      "m" : "4611686018481793527"
    }, {
      "d" : "1756462463236151095",
      "t" : 1756462463236,
      "tn" : 1756462463236151095,
      "q" : "0.01",
      "p" : "208.25",
      "s" : "buy",
      "i" : "SOLUSD-PERP",
      "m" : "4611686018481793526"
    }, {
      "d" : "1756462463236132686",
      "t" : 1756462463236,
      "tn" : 1756462463236132686,
      "q" : "1.59",
      "p" : "208.25",
      "s" : "buy",
      "i" : "SOLUSD-PERP",
      "m" : "4611686018481793525"
    }, {
      "d" : "1756462463236130121",
      "t" : 1756462463236,
      "tn" : 1756462463236130121,
      "q" : "2.83",
      "p" : "208.25",
      "s" : "buy",
      "i" : "SOLUSD-PERP",
      "m" : "4611686018481793524"
    }, {
      "d" : "1756462463236128416",
      "t" : 1756462463236,
      "tn" : 1756462463236128416,
      "q" : "0.01",
      "p" : "208.24",
      "s" : "buy",
      "i" : "SOLUSD-PERP",
      "m" : "4611686018481793523"
    }, {
      "d" : "1756462461980258052",
      "t" : 1756462461980,
      "tn" : 1756462461980258052,
      "q" : "0.01",
      "p" : "208.21",
      "s" : "buy",
      "i" : "SOLUSD-PERP",
      "m" : "4611686018481793522"
    }, {
      "d" : "1756462461298584378",
      "t" : 1756462461298,
      "tn" : 1756462461298584378,
      "q" : "0.01",
      "p" : "208.22",
      "s" : "sell",
      "i" : "SOLUSD-PERP",
      "m" : "4611686018481793521"
    }, {
      "d" : "1756462461298565460",
      "t" : 1756462461298,
      "tn" : 1756462461298565459,
      "q" : "2.00",
      "p" : "208.22",
      "s" : "sell",
      "i" : "SOLUSD-PERP",
      "m" : "4611686018481793520"
    }, {
      "d" : "1756462461298565459",
      "t" : 1756462461298,
      "tn" : 1756462461298565459,
      "q" : "5.00",
      "p" : "208.22",
      "s" : "sell",
      "i" : "SOLUSD-PERP",
      "m" : "4611686018481793520"
    }, {
      "d" : "1756462459705083624",
      "t" : 1756462459705,
      "tn" : 1756462459705083624,
      "q" : "0.01",
      "p" : "208.22",
      "s" : "buy",
      "i" : "SOLUSD-PERP",
      "m" : "4611686018481793519"
    }, {
      "d" : "1756462459704912410",
      "t" : 1756462459704,
      "tn" : 1756462459704912410,
      "q" : "0.01",
      "p" : "208.22",
      "s" : "buy",
      "i" : "SOLUSD-PERP",
      "m" : "4611686018481793518"
    }, {
      "d" : "1756462459704804556",
      "t" : 1756462459704,
      "tn" : 1756462459704804555,
      "q" : "1.98",
      "p" : "208.22",
      "s" : "buy",
      "i" : "SOLUSD-PERP",
      "m" : "4611686018481793517"
    }, {
      "d" : "1756462459704804555",
      "t" : 1756462459704,
      "tn" : 1756462459704804555,
      "q" : "1.95",
      "p" : "208.22",
      "s" : "buy",
      "i" : "SOLUSD-PERP",
      "m" : "4611686018481793517"
    }, {
      "d" : "1756462459704390451",
      "t" : 1756462459704,
      "tn" : 1756462459704390451,
      "q" : "0.01",
      "p" : "208.22",
      "s" : "buy",
      "i" : "SOLUSD-PERP",
      "m" : "4611686018481793516"
    }, {
      "d" : "1756462459704302090",
      "t" : 1756462459704,
      "tn" : 1756462459704302090,
      "q" : "0.01",
      "p" : "208.22",
      "s" : "buy",
      "i" : "SOLUSD-PERP",
      "m" : "4611686018481793515"
    }, {
      "d" : "1756462459704215980",
      "t" : 1756462459704,
      "tn" : 1756462459704215980,
      "q" : "1.43",
      "p" : "208.22",
      "s" : "buy",
      "i" : "SOLUSD-PERP",
      "m" : "4611686018481793514"
    }, {
      "d" : "1756462459704105063",
      "t" : 1756462459704,
      "tn" : 1756462459704105063,
      "q" : "1.60",
      "p" : "208.22",
      "s" : "buy",
      "i" : "SOLUSD-PERP",
      "m" : "4611686018481793513"
    }, {
      "d" : "1756462459704103126",
      "t" : 1756462459704,
      "tn" : 1756462459704103126,
      "q" : "0.01",
      "p" : "208.21",
      "s" : "buy",
      "i" : "SOLUSD-PERP",
      "m" : "4611686018481793512"
    }, {
      "d" : "1756462458847120447",
      "t" : 1756462458847,
      "tn" : 1756462458847120446,
      "q" : "2.00",
      "p" : "208.19",
      "s" : "buy",
      "i" : "SOLUSD-PERP",
      "m" : "4611686018481793511"
    }, {
      "d" : "1756462458847120446",
      "t" : 1756462458847,
      "tn" : 1756462458847120446,
      "q" : "5.00",
      "p" : "208.19",
      "s" : "buy",
      "i" : "SOLUSD-PERP",
      "m" : "4611686018481793511"
    }, {
      "d" : "1756462458847108515",
      "t" : 1756462458847,
      "tn" : 1756462458847108515,
      "q" : "0.01",
      "p" : "208.18",
      "s" : "buy",
      "i" : "SOLUSD-PERP",
      "m" : "4611686018481793510"
    }, {
      "d" : "1756462457723925346",
      "t" : 1756462457723,
      "tn" : 1756462457723925346,
      "q" : "0.01",
      "p" : "208.18",
      "s" : "sell",
      "i" : "SOLUSD-PERP",
      "m" : "4611686018481793509"
    }, {
      "d" : "1756462457723922006",
      "t" : 1756462457723,
      "tn" : 1756462457723922005,
      "q" : "1.99",
      "p" : "208.18",
      "s" : "sell",
      "i" : "SOLUSD-PERP",
      "m" : "4611686018481793508"
    }, {
      "d" : "1756462457723922005",
      "t" : 1756462457723,
      "tn" : 1756462457723922005,
      "q" : "5.00",
      "p" : "208.18",
      "s" : "sell",
      "i" : "SOLUSD-PERP",
      "m" : "4611686018481793508"
    }, {
      "d" : "1756462457723919939",
      "t" : 1756462457723,
      "tn" : 1756462457723919939,
      "q" : "0.01",
      "p" : "208.19",
      "s" : "sell",
      "i" : "SOLUSD-PERP",
      "m" : "4611686018481793507"
    }, {
      "d" : "1756462456597934166",
      "t" : 1756462456597,
      "tn" : 1756462456597934166,
      "q" : "0.58",
      "p" : "208.20",
      "s" : "sell",
      "i" : "SOLUSD-PERP",
      "m" : "4611686018481793506"
    }, {
      "d" : "1756462456597504897",
      "t" : 1756462456597,
      "tn" : 1756462456597504897,
      "q" : "0.71",
      "p" : "208.20",
      "s" : "sell",
      "i" : "SOLUSD-PERP",
      "m" : "4611686018481793505"
    }, {
      "d" : "1756462456525437722",
      "t" : 1756462456525,
      "tn" : 1756462456525437721,
      "q" : "0.01",
      "p" : "208.21",
      "s" : "sell",
      "i" : "SOLUSD-PERP",
      "m" : "4611686018481793504"
    }, {
      "d" : "1756462456525437721",
      "t" : 1756462456525,
      "tn" : 1756462456525437721,
      "q" : "1.13",
      "p" : "208.21",
      "s" : "sell",
      "i" : "SOLUSD-PERP",
      "m" : "4611686018481793504"
    }, {
      "d" : "1756462456525366191",
      "t" : 1756462456525,
      "tn" : 1756462456525366191,
      "q" : "0.01",
      "p" : "208.21",
      "s" : "sell",
      "i" : "SOLUSD-PERP",
      "m" : "4611686018481793503"
    }, {
      "d" : "1756462456525321179",
      "t" : 1756462456525,
      "tn" : 1756462456525321179,
      "q" : "0.86",
      "p" : "208.21",
      "s" : "sell",
      "i" : "SOLUSD-PERP",
      "m" : "4611686018481793502"
    }, {
      "d" : "1756462454255728463",
      "t" : 1756462454255,
      "tn" : 1756462454255728462,
      "q" : "2.00",
      "p" : "208.30",
      "s" : "sell",
      "i" : "SOLUSD-PERP",
      "m" : "4611686018481793501"
    }, {
      "d" : "1756462454255728462",
      "t" : 1756462454255,
      "tn" : 1756462454255728462,
      "q" : "5.00",
      "p" : "208.30",
      "s" : "sell",
      "i" : "SOLUSD-PERP",
      "m" : "4611686018481793501"
    }, {
      "d" : "1756462454255724455",
      "t" : 1756462454255,
      "tn" : 1756462454255724455,
      "q" : "0.01",
      "p" : "208.32",
      "s" : "sell",
      "i" : "SOLUSD-PERP",
      "m" : "4611686018481793500"
    }, {
      "d" : "1756462453779002894",
      "t" : 1756462453779,
      "tn" : 1756462453779002893,
      "q" : "2.00",
      "p" : "208.33",
      "s" : "sell",
      "i" : "SOLUSD-PERP",
      "m" : "4611686018481793499"
    }, {
      "d" : "1756462453779002893",
      "t" : 1756462453779,
      "tn" : 1756462453779002893,
      "q" : "5.00",
      "p" : "208.33",
      "s" : "sell",
      "i" : "SOLUSD-PERP",
      "m" : "4611686018481793499"
    } ]
  }
}