{
  "id" : -1,
  "method" : "public/get-trades",
  "code" : 0,
  "result" : {
    "data" : [ {
      "d" : "1756461723660514596",
      "t" : 1756461723660,
      "tn" : 1756461723660514596,
      "q" : "39",
      "p" : "0.031110",
      "s" : "buy",
      "i" : "SOPH_USD",
      "m" : "4611686018427481989"
    }, {
      "d" : "1756460502759550721",
      "t" : 1756460502759,
      "tn" : 1756460502759550721,
      "q" : "39",
      "p" : "0.030920",
      "s" : "buy",
      "i" : "SOPH_USD",
      "m" : "4611686018427481988"
    }, {
      "d" : "1756459892565873206",
      "t" : 1756459892565,
      "tn" : 1756459892565873206,
      "q" : "39",
      "p" : "0.030850",
      "s" : "buy",
      "i" : "SOPH_USD",
      "m" : "4611686018427481987"
    }, {
      "d" : "1756459078954360908",
      "t" : 1756459078954,
      "tn" : 1756459078954360908,
      "q" : "39",
      "p" : "0.030690",
      "s" : "buy",
      "i" : "SOPH_USD",
      "m" : "4611686018427481986"
    }, {
      "d" : "1756458672061776181",
      "t" : 1756458672061,
      "tn" : 1756458672061776181,
      "q" : "39",
      "p" : "0.030550",
      "s" : "buy",
      "i" : "SOPH_USD",
      "m" : "4611686018427481985"
    }, {
      "d" : "1756457606963017529",
      "t" : 1756457606963,
      "tn" : 1756457606963017529,
      "q" : "300",
      "p" : "0.030886",
      "s" : "sell",
      "i" : "SOPH_USD",
      "m" : "4611686018427481984"
    }, {
      "d" : "1756457457261820557",
      "t" : 1756457457261,
      "tn" : 1756457457261820557,
      "q" : "39",
      "p" : "0.030967",
      "s" : "buy",
      "i" : "SOPH_USD",
      "m" : "4611686018427481983"
    }, {
      "d" : "1756457411858932430",
      "t" : 1756457411858,
      "tn" : 1756457411858932430,
      "q" : "617",
      "p" : "0.030951",
      "s" : "sell",
      "i" : "SOPH_USD",
      "m" : "4611686018427481982"
    }, {
      "d" : "1756457389373196513",
      "t" : 1756457389373,
      "tn" : 1756457389373196513,
      "q" : "157",
      "p" : "0.030969",
      "s" : "sell",
      "i" : "SOPH_USD",
      "m" : "4611686018427481981"
    }, {
      "d" : "1756452068736960653",
      "t" : 1756452068736,
      "tn" : 1756452068736960653,
      "q" : "39",
      "p" : "0.031582",
      "s" : "sell",
      "i" : "SOPH_USD",
      "m" : "4611686018427481980"
    }, {
      "d" : "1756452068236901861",
      "t" : 1756452068236,
      "tn" : 1756452068236901861,
      "q" : "39",
      "p" : "0.031592",
      "s" : "sell",
      "i" : "SOPH_USD",
      "m" : "4611686018427481979"
    }, {
      "d" : "1756452063529170994",
      "t" : 1756452063529,
      "tn" : 1756452063529170994,
      "q" : "39",
      "p" : "0.031592",
      "s" : "sell",
      "i" : "SOPH_USD",
      "m" : "4611686018427481978"
    }, {
      "d" : "1756452062003510979",
      "t" : 1756452062003,
      "tn" : 1756452062003510979,
      "q" : "39",
      "p" : "0.031617",
      "s" : "sell",
      "i" : "SOPH_USD",
      "m" : "4611686018427481977"
    }, {
      "d" : "1756452061003398655",
      "t" : 1756452061003,
      "tn" : 1756452061003398655,
      "q" : "39",
      "p" : "0.031627",
      "s" : "sell",
      "i" : "SOPH_USD",
      "m" : "4611686018427481976"
    }, {
      "d" : "1756452059612233398",
      "t" : 1756452059612,
      "tn" : 1756452059612233398,
      "q" : "39",
      "p" : "0.031627",
      "s" : "sell",
      "i" : "SOPH_USD",
      "m" : "4611686018427481975"
    }, {
      "d" : "1756452059112202125",
      "t" : 1756452059112,
      "tn" : 1756452059112202125,
      "q" : "39",
      "p" : "0.031622",
      "s" : "sell",
      "i" : "SOPH_USD",
      "m" : "4611686018427481974"
    }, {
      "d" : "1756452058612113031",
      "t" : 1756452058612,
      "tn" : 1756452058612113031,
      "q" : "39",
      "p" : "0.031622",
      "s" : "sell",
      "i" : "SOPH_USD",
      "m" : "4611686018427481973"
    }, {
      "d" : "1756452051917585948",
      "t" : 1756452051917,
      "tn" : 1756452051917585948,
      "q" : "39",
      "p" : "0.031627",
      "s" : "sell",
      "i" : "SOPH_USD",
      "m" : "4611686018427481972"
    }, {
      "d" : "1756452051417541070",
      "t" : 1756452051417,
      "tn" : 1756452051417541070,
      "q" : "39",
      "p" : "0.031622",
      "s" : "sell",
      "i" : "SOPH_USD",
      "m" : "4611686018427481971"
    }, {
      "d" : "1756452043902062143",
      "t" : 1756452043902,
      "tn" : 1756452043902062143,
      "q" : "39",
      "p" : "0.031627",
      "s" : "sell",
      "i" : "SOPH_USD",
      "m" : "4611686018427481970"
    }, {
      "d" : "1756452043401088751",
      "t" : 1756452043401,
      "tn" : 1756452043401088751,
      "q" : "39",
      "p" : "0.031617",
      "s" : "sell",
      "i" : "SOPH_USD",
      "m" : "4611686018427481969"
    }, {
      "d" : "1756452042523510130",
      "t" : 1756452042523,
      "tn" : 1756452042523510130,
      "q" : "39",
      "p" : "0.031617",
      "s" : "sell",
      "i" : "SOPH_USD",
      "m" : "4611686018427481968"
    }, {
      "d" : "1756452041993961845",
      "t" : 1756452041993,
      "tn" : 1756452041993961845,
      "q" : "39",
      "p" : "0.031622",
      "s" : "sell",
      "i" : "SOPH_USD",
      "m" : "4611686018427481967"
    }, {
      "d" : "1756452038640907726",
      "t" : 1756452038640,
      "tn" : 1756452038640907726,
      "q" : "39",
      "p" : "0.031622",
      "s" : "sell",
      "i" : "SOPH_USD",
      "m" : "4611686018427481966"
    }, {
      "d" : "1756452038139885339",
      "t" : 1756452038139,
      "tn" : 1756452038139885339,
      "q" : "39",
      "p" : "0.031617",
      "s" : "sell",
      "i" : "SOPH_USD",
      "m" : "4611686018427481965"
    }, {
      "d" : "1756452035287247410",
      "t" : 1756452035287,
      "tn" : 1756452035287247410,
      "q" : "39",
      "p" : "0.031617",
      "s" : "sell",
      "i" : "SOPH_USD",
      "m" : "4611686018427481964"
    }, {
      "d" : "1756452034787211682",
      "t" : 1756452034787,
      "tn" : 1756452034787211682,
      "q" : "39",
      "p" : "0.031622",
      "s" : "sell",
      "i" : "SOPH_USD",
      "m" : "4611686018427481963"
    }, {
      "d" : "1756452032414958081",
      "t" : 1756452032414,
      "tn" : 1756452032414958081,
      "q" : "39",
      "p" : "0.031632",
      "s" : "sell",
      "i" : "SOPH_USD",
      "m" : "4611686018427481962"
    }, {
      "d" : "1756452031914929281",
      "t" : 1756452031914,
      "tn" : 1756452031914929281,
      "q" : "39",
      "p" : "0.031647",
      "s" : "sell",
      "i" : "SOPH_USD",
      "m" : "4611686018427481961"
    }, {
      "d" : "1756452030464114819",
      "t" : 1756452030464,
      "tn" : 1756452030464114819,
      "q" : "39",
      "p" : "0.031647",
      "s" : "sell",
      "i" : "SOPH_USD",
      "m" : "4611686018427481960"
    }, {
      "d" : "1756452029964062125",
      "t" : 1756452029964,
      "tn" : 1756452029964062125,
      "q" : "39",
      "p" : "0.031652",
      "s" : "sell",
      "i" : "SOPH_USD",
      "m" : "4611686018427481959"
    }, {
      "d" : "1756452028916009542",
      "t" : 1756452028916,
      "tn" : 1756452028916009542,
      "q" : "39",
      "p" : "0.031652",
      "s" : "sell",
      "i" : "SOPH_USD",
      "m" : "4611686018427481958"
    }, {
      "d" : "1756452028416757324",
      "t" : 1756452028416,
      "tn" : 1756452028416757324,
      "q" : "39",
      "p" : "0.031632",
      "s" : "sell",
      "i" : "SOPH_USD",
      "m" : "4611686018427481957"
    }, {
      "d" : "1756452023661735042",
      "t" : 1756452023661,
      "tn" : 1756452023661735042,
      "q" : "39",
      "p" : "0.031632",
      "s" : "sell",
      "i" : "SOPH_USD",
      "m" : "4611686018427481956"
    }, {
      "d" : "1756452023121063229",
      "t" : 1756452023121,
      "tn" : 1756452023121063229,
      "q" : "39",
      "p" : "0.031627",
      "s" : "sell",
      "i" : "SOPH_USD",
      "m" : "4611686018427481955"
    }, {
      "d" : "1756452022622048546",
      "t" : 1756452022622,
      "tn" : 1756452022622048546,
      "q" : "39",
      "p" : "0.031627",
      "s" : "sell",
      "i" : "SOPH_USD",
      "m" : "4611686018427481954"
    }, {
      "d" : "1756452020529783764",
      "t" : 1756452020529,
      "tn" : 1756452020529783764,
      "q" : "39",
      "p" : "0.031627",
      "s" : "sell",
      "i" : "SOPH_USD",
      "m" : "4611686018427481953"
    }, {
      "d" : "1756452018482204800",
      "t" : 1756452018482,
      "tn" : 1756452018482204800,
      "q" : "39",
      "p" : "0.031631",
      "s" : "sell",
      "i" : "SOPH_USD",
      "m" : "4611686018427481952"
    }, {
      "d" : "1756452017982189542",
      "t" : 1756452017982,
      "tn" : 1756452017982189542,
      "q" : "39",
      "p" : "0.031636",
      "s" : "sell",
      "i" : "SOPH_USD",
      "m" : "4611686018427481951"
    }, {
      "d" : "1756452017482080069",
      "t" : 1756452017482,
      "tn" : 1756452017482080069,
      "q" : "39",
      "p" : "0.031626",
      "s" : "sell",
      "i" : "SOPH_USD",
      "m" : "4611686018427481950"
    }, {
      "d" : "1756452016670396981",
      "t" : 1756452016670,
      "tn" : 1756452016670396981,
      "q" : "39",
      "p" : "0.031626",
      "s" : "sell",
      "i" : "SOPH_USD",
      "m" : "4611686018427481949"
    }, {
      "d" : "1756452016170384085",
      "t" : 1756452016170,
      "tn" : 1756452016170384085,
      "q" : "39",
      "p" : "0.031626",
      "s" : "sell",
      "i" : "SOPH_USD",
      "m" : "4611686018427481948"
    }, {
      "d" : "1756452014318100939",
      "t" : 1756452014318,
      "tn" : 1756452014318100939,
      "q" : "39",
      "p" : "0.031626",
      "s" : "sell",
      "i" : "SOPH_USD",
      "m" : "4611686018427481947"
    }, {
      "d" : "1756452013818104611",
      "t" : 1756452013818,
      "tn" : 1756452013818104611,
      "q" : "39",
      "p" : "0.031631",
      "s" : "sell",
      "i" : "SOPH_USD",
      "m" : "4611686018427481946"
    }, {
      "d" : "1756452011503358762",
      "t" : 1756452011503,
      "tn" : 1756452011503358762,
      "q" : "39",
      "p" : "0.031631",
      "s" : "sell",
      "i" : "SOPH_USD",
      "m" : "4611686018427481945"
    }, {
      "d" : "1756452011003327541",
      "t" : 1756452011003,
      "tn" : 1756452011003327541,
      "q" : "39",
      "p" : "0.031641",
      "s" : "sell",
      "i" : "SOPH_USD",
      "m" : "4611686018427481944"
    }, {
      "d" : "1756452010448165396",
      "t" : 1756452010448,
      "tn" : 1756452010448165396,
      "q" : "39",
      "p" : "0.031641",
      "s" : "sell",
      "i" : "SOPH_USD",
      "m" : "4611686018427481943"
    }, {
      "d" : "1756452009948132751",
      "t" : 1756452009948,
      "tn" : 1756452009948132751,
      "q" : "39",
      "p" : "0.031636",
      "s" : "sell",
      "i" : "SOPH_USD",
      "m" : "4611686018427481942"
    }, {
      "d" : "1756452005184346412",
      "t" : 1756452005184,
      "tn" : 1756452005184346412,
      "q" : "39",
      "p" : "0.031636",
      "s" : "sell",
      "i" : "SOPH_USD",
      "m" : "4611686018427481941"
    }, {
      "d" : "1756452004684305133",
      "t" : 1756452004684,
      "tn" : 1756452004684305133,
      "q" : "39",
      "p" : "0.031641",
      "s" : "sell",
      "i" : "SOPH_USD",
      "m" : "4611686018427481940"
    }, {
      "d" : "1756452004064560447",
      "t" : 1756452004064,
      "tn" : 1756452004064560447,
      "q" : "39",
      "p" : "0.031641",
      "s" : "sell",
      "i" : "SOPH_USD",
      "m" : "4611686018427481939"
    }, {
      "d" : "1756452003564551374",
      "t" : 1756452003564,
      "tn" : 1756452003564551374,
      "q" : "39",
      "p" : "0.031646",
      "s" : "sell",
      "i" : "SOPH_USD",
      "m" : "4611686018427481938"
    }, {
      "d" : "1756452003064524431",
      "t" : 1756452003064,
      "tn" : 1756452003064524431,
      "q" : "39",
      "p" : "0.031609",
      "s" : "sell",
      "i" : "SOPH_USD",
      "m" : "4611686018427481937"
    }, {
      "d" : "1756452002564413762",
      "t" : 1756452002564,
      "tn" : 1756452002564413762,
      "q" : "39",
      "p" : "0.031594",
      "s" : "sell",
      "i" : "SOPH_USD",
      "m" : "4611686018427481936"
    }, {
      "d" : "1756452002064440768",
      "t" : 1756452002064,
      "tn" : 1756452002064440768,
      "q" : "39",
      "p" : "0.031601",
      "s" : "sell",
      "i" : "SOPH_USD",
      "m" : "4611686018427481935"
    }, {
      "d" : "1756452000889055849",
      "t" : 1756452000889,
      "tn" : 1756452000889055849,
      "q" : "39",
      "p" : "0.031601",
      "s" : "sell",
      "i" : "SOPH_USD",
      "m" : "4611686018427481934"
    }, {
      "d" : "1756452000389043048",
      "t" : 1756452000389,
      "tn" : 1756452000389043048,
      "q" : "39",
      "p" : "0.031586",
      "s" : "sell",
      "i" : "SOPH_USD",
      "m" : "4611686018427481933"
    }, {
      "d" : "1756451985669022851",
      "t" : 1756451985669,
      "tn" : 1756451985669022851,
      "q" : "39",
      "p" : "0.031586",
      "s" : "sell",
      "i" : "SOPH_USD",
      "m" : "4611686018427481932"
    }, {
      "d" : "1756451985169030326",
      "t" : 1756451985169,
      "tn" : 1756451985169030326,
      "q" : "39",
      "p" : "0.031576",
      "s" : "sell",
      "i" : "SOPH_USD",
      "m" : "4611686018427481931"
    }, {
      "d" : "1756451984669000947",
      "t" : 1756451984669,
      "tn" : 1756451984669000947,
      "q" : "39",
      "p" : "0.031576",
      "s" : "sell",
      "i" : "SOPH_USD",
      "m" : "4611686018427481930"
    }, {
      "d" : "1756451971801260117",
      "t" : 1756451971801,
      "tn" : 1756451971801260117,
      "q" : "39",
      "p" : "0.031576",
      "s" : "sell",
      "i" : "SOPH_USD",
      "m" : "4611686018427481929"
    }, {
      "d" : "1756451971301192271",
      "t" : 1756451971301,
      "tn" : 1756451971301192271,
      "q" : "39",
      "p" : "0.031566",
      "s" : "sell",
      "i" : "SOPH_USD",
      "m" : "4611686018427481928"
    }, {
      "d" : "1756451970801149801",
      "t" : 1756451970801,
      "tn" : 1756451970801149801,
      "q" : "39",
      "p" : "0.031586",
      "s" : "sell",
      "i" : "SOPH_USD",
      "m" : "4611686018427481927"
    }, {
      "d" : "1756451967562366707",
      "t" : 1756451967562,
      "tn" : 1756451967562366707,
      "q" : "39",
      "p" : "0.031586",
      "s" : "sell",
      "i" : "SOPH_USD",
      "m" : "4611686018427481926"
    }, {
      "d" : "1756451967024517361",
      "t" : 1756451967024,
      "tn" : 1756451967024517361,
      "q" : "39",
      "p" : "0.031574",
      "s" : "sell",
      "i" : "SOPH_USD",
      "m" : "4611686018427481925"
    }, {
      "d" : "1756451966524554113",
      "t" : 1756451966524,
      "tn" : 1756451966524554113,
      "q" : "39",
      "p" : "0.031574",
      "s" : "sell",
      "i" : "SOPH_USD",
      "m" : "4611686018427481924"
    }, {
      "d" : "1756451966067914595",
      "t" : 1756451966067,
      "tn" : 1756451966067914595,
      "q" : "39",
      "p" : "0.031636",
      "s" : "sell",
      "i" : "SOPH_USD",
      "m" : "4611686018427481923"
    }, {
      "d" : "1756451964628155705",
      "t" : 1756451964628,
      "tn" : 1756451964628155705,
      "q" : "39",
      "p" : "0.031636",
      "s" : "sell",
      "i" : "SOPH_USD",
      "m" : "4611686018427481922"
    }, {
      "d" : "1756451959824150398",
      "t" : 1756451959824,
      "tn" : 1756451959824150398,
      "q" : "39",
      "p" : "0.031641",
      "s" : "sell",
      "i" : "SOPH_USD",
      "m" : "4611686018427481921"
    }, {
      "d" : "1756451959324215881",
      "t" : 1756451959324,
      "tn" : 1756451959324215881,
      "q" : "39",
      "p" : "0.031636",
      "s" : "sell",
      "i" : "SOPH_USD",
      "m" : "4611686018427481920"
    }, {
      "d" : "1756451956920066945",
      "t" : 1756451956920,
      "tn" : 1756451956920066945,
      "q" : "39",
      "p" : "0.031636",
      "s" : "sell",
      "i" : "SOPH_USD",
      "m" : "4611686018427481919"
    }, {
      "d" : "1756451956419968577",
      "t" : 1756451956419,
      "tn" : 1756451956419968577,
      "q" : "39",
      "p" : "0.031641",
      "s" : "sell",
      "i" : "SOPH_USD",
      "m" : "4611686018427481918"
    }, {
      "d" : "1756451955919920528",
      "t" : 1756451955919,
      "tn" : 1756451955919920528,
      "q" : "39",
      "p" : "0.031631",
      "s" : "sell",
      "i" : "SOPH_USD",
      "m" : "4611686018427481917"
    }, {
      "d" : "1756451954704296707",
      "t" : 1756451954704,
      "tn" : 1756451954704296707,
      "q" : "39",
      "p" : "0.031631",
      "s" : "sell",
      "i" : "SOPH_USD",
      "m" : "4611686018427481916"
    }, {
      "d" : "1756451954204505678",
      "t" : 1756451954204,
      "tn" : 1756451954204505678,
      "q" : "39",
      "p" : "0.031626",
      "s" : "sell",
      "i" : "SOPH_USD",
      "m" : "4611686018427481915"
    }, {
      "d" : "1756451953607369458",
      "t" : 1756451953607,
      "tn" : 1756451953607369458,
      "q" : "39",
      "p" : "0.031626",
      "s" : "sell",
      "i" : "SOPH_USD",
      "m" : "4611686018427481914"
    }, {
      "d" : "1756451953107419522",
      "t" : 1756451953107,
      "tn" : 1756451953107419522,
      "q" : "39",
      "p" : "0.031606",
      "s" : "sell",
      "i" : "SOPH_USD",
      "m" : "4611686018427481913"
    }, {
      "d" : "1756451949529440143",
      "t" : 1756451949529,
      "tn" : 1756451949529440143,
      "q" : "39",
      "p" : "0.031606",
      "s" : "sell",
      "i" : "SOPH_USD",
      "m" : "4611686018427481912"
    }, {
      "d" : "1756451949030153007",
      "t" : 1756451949030,
      "tn" : 1756451949030153007,
      "q" : "39",
      "p" : "0.031574",
      "s" : "sell",
      "i" : "SOPH_USD",
      "m" : "4611686018427481911"
    }, {
      "d" : "1756451948529261416",
      "t" : 1756451948529,
      "tn" : 1756451948529261416,
      "q" : "39",
      "p" : "0.031584",
      "s" : "sell",
      "i" : "SOPH_USD",
      "m" : "4611686018427481910"
    }, {
      "d" : "1756451948163098117",
      "t" : 1756451948163,
      "tn" : 1756451948163098117,
      "q" : "39",
      "p" : "0.031636",
      "s" : "sell",
      "i" : "SOPH_USD",
      "m" : "4611686018427481909"
    }, {
      "d" : "1756451947629164691",
      "t" : 1756451947629,
      "tn" : 1756451947629164691,
      "q" : "39",
      "p" : "0.031641",
      "s" : "sell",
      "i" : "SOPH_USD",
      "m" : "4611686018427481908"
    }, {
      "d" : "1756451946806467244",
      "t" : 1756451946806,
      "tn" : 1756451946806467244,
      "q" : "39",
      "p" : "0.031641",
      "s" : "sell",
      "i" : "SOPH_USD",
      "m" : "4611686018427481907"
    }, {
      "d" : "1756451946306449452",
      "t" : 1756451946306,
      "tn" : 1756451946306449452,
      "q" : "39",
      "p" : "0.031641",
      "s" : "sell",
      "i" : "SOPH_USD",
      "m" : "4611686018427481906"
    }, {
      "d" : "1756451945532144042",
      "t" : 1756451945532,
      "tn" : 1756451945532144042,
      "q" : "39",
      "p" : "0.031641",
      "s" : "sell",
      "i" : "SOPH_USD",
      "m" : "4611686018427481905"
    }, {
      "d" : "1756451945031645595",
      "t" : 1756451945031,
      "tn" : 1756451945031645595,
      "q" : "39",
      "p" : "0.031641",
      "s" : "sell",
      "i" : "SOPH_USD",
      "m" : "4611686018427481904"
    }, {
      "d" : "1756451944531478540",
      "t" : 1756451944531,
      "tn" : 1756451944531478540,
      "q" : "39",
      "p" : "0.031641",
      "s" : "sell",
      "i" : "SOPH_USD",
      "m" : "4611686018427481903"
    }, {
      "d" : "1756451944031473572",
      "t" : 1756451944031,
      "tn" : 1756451944031473572,
      "q" : "39",
      "p" : "0.031636",
      "s" : "sell",
      "i" : "SOPH_USD",
      "m" : "4611686018427481902"
    }, {
      "d" : "1756451943531475572",
      "t" : 1756451943531,
      "tn" : 1756451943531475572,
      "q" : "39",
      "p" : "0.031651",
      "s" : "sell",
      "i" : "SOPH_USD",
      "m" : "4611686018427481901"
    }, {
      "d" : "1756451942539084368",
      "t" : 1756451942539,
      "tn" : 1756451942539084368,
      "q" : "39",
      "p" : "0.031651",
      "s" : "sell",
      "i" : "SOPH_USD",
      "m" : "4611686018427481900"
    }, {
      "d" : "1756451942039138563",
      "t" : 1756451942039,
      "tn" : 1756451942039138563,
      "q" : "39",
      "p" : "0.031646",
      "s" : "sell",
      "i" : "SOPH_USD",
      "m" : "4611686018427481899"
    }, {
      "d" : "1756451941538966953",
      "t" : 1756451941538,
      "tn" : 1756451941538966953,
      "q" : "39",
      "p" : "0.031646",
      "s" : "sell",
      "i" : "SOPH_USD",
      "m" : "4611686018427481898"
    }, {
      "d" : "1756451940886990200",
      "t" : 1756451940886,
      "tn" : 1756451940886990200,
      "q" : "39",
      "p" : "0.031646",
      "s" : "sell",
      "i" : "SOPH_USD",
      "m" : "4611686018427481897"
    }, {
      "d" : "1756451940387005180",
      "t" : 1756451940387,
      "tn" : 1756451940387005180,
      "q" : "39",
      "p" : "0.031656",
      "s" : "sell",
      "i" : "SOPH_USD",
      "m" : "4611686018427481896"
    }, {
      "d" : "1756451938679045267",
      "t" : 1756451938679,
      "tn" : 1756451938679045267,
      "q" : "39",
      "p" : "0.031656",
      "s" : "sell",
      "i" : "SOPH_USD",
      "m" : "4611686018427481895"
    }, {
      "d" : "1756451938178144031",
      "t" : 1756451938178,
      "tn" : 1756451938178144031,
      "q" : "39",
      "p" : "0.031646",
      "s" : "sell",
      "i" : "SOPH_USD",
      "m" : "4611686018427481894"
    }, {
      "d" : "1756451934563144398",
      "t" : 1756451934563,
      "tn" : 1756451934563144398,
      "q" : "39",
      "p" : "0.031646",
      "s" : "sell",
      "i" : "SOPH_USD",
      "m" : "4611686018427481893"
    }, {
      "d" : "1756451924870897983",
      "t" : 1756451924870,
      "tn" : 1756451924870897983,
      "q" : "39",
      "p" : "0.031651",
      "s" : "sell",
      "i" : "SOPH_USD",
      "m" : "4611686018427481892"
    }, {
      "d" : "1756451924370872030",
      "t" : 1756451924370,
      "tn" : 1756451924370872030,
      "q" : "39",
      "p" : "0.031656",
      "s" : "sell",
      "i" : "SOPH_USD",
      "m" : "4611686018427481891"
    }, {
      "d" : "1756451923646891667",
      "t" : 1756451923646,
      "tn" : 1756451923646891667,
      "q" : "39",
      "p" : "0.031656",
      "s" : "sell",
      "i" : "SOPH_USD",
      "m" : "4611686018427481890"
    }, {
      "d" : "1756451923147831486",
      "t" : 1756451923147,
      "tn" : 1756451923147831486,
      "q" : "39",
      "p" : "0.031651",
      "s" : "sell",
      "i" : "SOPH_USD",
      "m" : "4611686018427481889"
    }, {
      "d" : "1756451921968909906",
      "t" : 1756451921968,
      "tn" : 1756451921968909906,
      "q" : "39",
      "p" : "0.031651",
      "s" : "sell",
      "i" : "SOPH_USD",
      "m" : "4611686018427481888"
    }, {
      "d" : "1756451921468852413",
      "t" : 1756451921468,
      "tn" : 1756451921468852413,
      "q" : "39",
      "p" : "0.031646",
      "s" : "sell",
      "i" : "SOPH_USD",
      "m" : "4611686018427481887"
    }, {
      "d" : "1756451919928018885",
      "t" : 1756451919928,
      "tn" : 1756451919928018885,
      "q" : "39",
      "p" : "0.031641",
      "s" : "sell",
      "i" : "SOPH_USD",
      "m" : "4611686018427481886"
    }, {
      "d" : "1756451919427956897",
      "t" : 1756451919427,
      "tn" : 1756451919427956897,
      "q" : "39",
      "p" : "0.031641",
      "s" : "sell",
      "i" : "SOPH_USD",
      "m" : "4611686018427481885"
    }, {
      "d" : "1756451918603035812",
      "t" : 1756451918603,
      "tn" : 1756451918603035812,
      "q" : "39",
      "p" : "0.031641",
      "s" : "sell",
      "i" : "SOPH_USD",
      "m" : "4611686018427481884"
    }, {
      "d" : "1756451918103927081",
      "t" : 1756451918103,
      "tn" : 1756451918103927081,
      "q" : "39",
      "p" : "0.031636",
      "s" : "sell",
      "i" : "SOPH_USD",
      "m" : "4611686018427481883"
    }, {
      "d" : "1756451916261763135",
      "t" : 1756451916261,
      "tn" : 1756451916261763135,
      "q" : "39",
      "p" : "0.031636",
      "s" : "sell",
      "i" : "SOPH_USD",
      "m" : "4611686018427481882"
    }, {
      "d" : "1756451915761691800",
      "t" : 1756451915761,
      "tn" : 1756451915761691800,
      "q" : "39",
      "p" : "0.031626",
      "s" : "sell",
      "i" : "SOPH_USD",
      "m" : "4611686018427481881"
    }, {
      "d" : "1756451915033058919",
      "t" : 1756451915033,
      "tn" : 1756451915033058919,
      "q" : "39",
      "p" : "0.031636",
      "s" : "sell",
      "i" : "SOPH_USD",
      "m" : "4611686018427481880"
    }, {
      "d" : "1756451909944322992",
      "t" : 1756451909944,
      "tn" : 1756451909944322992,
      "q" : "39",
      "p" : "0.031636",
      "s" : "sell",
      "i" : "SOPH_USD",
      "m" : "4611686018427481879"
    }, {
      "d" : "1756451909444281266",
      "t" : 1756451909444,
      "tn" : 1756451909444281266,
      "q" : "39",
      "p" : "0.031641",
      "s" : "sell",
      "i" : "SOPH_USD",
      "m" : "4611686018427481878"
    }, {
      "d" : "1756451908860479520",
      "t" : 1756451908860,
      "tn" : 1756451908860479520,
      "q" : "39",
      "p" : "0.031641",
      "s" : "sell",
      "i" : "SOPH_USD",
      "m" : "4611686018427481877"
    }, {
      "d" : "1756451908360427556",
      "t" : 1756451908360,
      "tn" : 1756451908360427556,
      "q" : "39",
      "p" : "0.031646",
      "s" : "sell",
      "i" : "SOPH_USD",
      "m" : "4611686018427481876"
    }, {
      "d" : "1756451907754029753",
      "t" : 1756451907754,
      "tn" : 1756451907754029753,
      "q" : "39",
      "p" : "0.031619",
      "s" : "sell",
      "i" : "SOPH_USD",
      "m" : "4611686018427481875"
    }, {
      "d" : "1756451907254830925",
      "t" : 1756451907254,
      "tn" : 1756451907254830925,
      "q" : "39",
      "p" : "0.031614",
      "s" : "sell",
      "i" : "SOPH_USD",
      "m" : "4611686018427481874"
    }, {
      "d" : "1756451906753942629",
      "t" : 1756451906753,
      "tn" : 1756451906753942629,
      "q" : "39",
      "p" : "0.031609",
      "s" : "sell",
      "i" : "SOPH_USD",
      "m" : "4611686018427481873"
    }, {
      "d" : "1756451906253957539",
      "t" : 1756451906253,
      "tn" : 1756451906253957539,
      "q" : "39",
      "p" : "0.031666",
      "s" : "sell",
      "i" : "SOPH_USD",
      "m" : "4611686018427481872"
    }, {
      "d" : "1756451900021210847",
      "t" : 1756451900021,
      "tn" : 1756451900021210847,
      "q" : "39",
      "p" : "0.031666",
      "s" : "sell",
      "i" : "SOPH_USD",
      "m" : "4611686018427481871"
    }, {
      "d" : "1756451899521062348",
      "t" : 1756451899521,
      "tn" : 1756451899521062348,
      "q" : "39",
      "p" : "0.031666",
      "s" : "sell",
      "i" : "SOPH_USD",
      "m" : "4611686018427481870"
    }, {
      "d" : "1756451898529122202",
      "t" : 1756451898529,
      "tn" : 1756451898529122202,
      "q" : "39",
      "p" : "0.031666",
      "s" : "sell",
      "i" : "SOPH_USD",
      "m" : "4611686018427481869"
    }, {
      "d" : "1756451897882866545",
      "t" : 1756451897882,
      "tn" : 1756451897882866545,
      "q" : "39",
      "p" : "0.031661",
      "s" : "sell",
      "i" : "SOPH_USD",
      "m" : "4611686018427481868"
    }, {
      "d" : "1756451895611365820",
      "t" : 1756451895611,
      "tn" : 1756451895611365820,
      "q" : "39",
      "p" : "0.031661",
      "s" : "sell",
      "i" : "SOPH_USD",
      "m" : "4611686018427481867"
    }, {
      "d" : "1756451895111342515",
      "t" : 1756451895111,
      "tn" : 1756451895111342515,
      "q" : "39",
      "p" : "0.031646",
      "s" : "sell",
      "i" : "SOPH_USD",
      "m" : "4611686018427481866"
    }, {
      "d" : "1756451893523231079",
      "t" : 1756451893523,
      "tn" : 1756451893523231079,
      "q" : "39",
      "p" : "0.031646",
      "s" : "sell",
      "i" : "SOPH_USD",
      "m" : "4611686018427481865"
    }, {
      "d" : "1756451892658108911",
      "t" : 1756451892658,
      "tn" : 1756451892658108911,
      "q" : "39",
      "p" : "0.031614",
      "s" : "sell",
      "i" : "SOPH_USD",
      "m" : "4611686018427481864"
    }, {
      "d" : "1756451892158107078",
      "t" : 1756451892158,
      "tn" : 1756451892158107078,
      "q" : "39",
      "p" : "0.031626",
      "s" : "sell",
      "i" : "SOPH_USD",
      "m" : "4611686018427481863"
    }, {
      "d" : "1756451889859429102",
      "t" : 1756451889859,
      "tn" : 1756451889859429102,
      "q" : "39",
      "p" : "0.031626",
      "s" : "sell",
      "i" : "SOPH_USD",
      "m" : "4611686018427481862"
    }, {
      "d" : "1756451889359415306",
      "t" : 1756451889359,
      "tn" : 1756451889359415306,
      "q" : "39",
      "p" : "0.031621",
      "s" : "sell",
      "i" : "SOPH_USD",
      "m" : "4611686018427481861"
    }, {
      "d" : "1756451885559993452",
      "t" : 1756451885559,
      "tn" : 1756451885559993452,
      "q" : "39",
      "p" : "0.031621",
      "s" : "sell",
      "i" : "SOPH_USD",
      "m" : "4611686018427481860"
    }, {
      "d" : "1756451885013421881",
      "t" : 1756451885013,
      "tn" : 1756451885013421881,
      "q" : "39",
      "p" : "0.031626",
      "s" : "sell",
      "i" : "SOPH_USD",
      "m" : "4611686018427481859"
    }, {
      "d" : "1756451884468339042",
      "t" : 1756451884468,
      "tn" : 1756451884468339042,
      "q" : "39",
      "p" : "0.031631",
      "s" : "sell",
      "i" : "SOPH_USD",
      "m" : "4611686018427481858"
    }, {
      "d" : "1756451883808335322",
      "t" : 1756451883808,
      "tn" : 1756451883808335322,
      "q" : "39",
      "p" : "0.031631",
      "s" : "sell",
      "i" : "SOPH_USD",
      "m" : "4611686018427481857"
    }, {
      "d" : "1756451883308323092",
      "t" : 1756451883308,
      "tn" : 1756451883308323092,
      "q" : "39",
      "p" : "0.031604",
      "s" : "sell",
      "i" : "SOPH_USD",
      "m" : "4611686018427481856"
    }, {
      "d" : "1756451882808273850",
      "t" : 1756451882808,
      "tn" : 1756451882808273850,
      "q" : "39",
      "p" : "0.031604",
      "s" : "sell",
      "i" : "SOPH_USD",
      "m" : "4611686018427481855"
    }, {
      "d" : "1756451882308280275",
      "t" : 1756451882308,
      "tn" : 1756451882308280275,
      "q" : "39",
      "p" : "0.031611",
      "s" : "sell",
      "i" : "SOPH_USD",
      "m" : "4611686018427481854"
    }, {
      "d" : "1756451880564188548",
      "t" : 1756451880564,
      "tn" : 1756451880564188548,
      "q" : "39",
      "p" : "0.031611",
      "s" : "sell",
      "i" : "SOPH_USD",
      "m" : "4611686018427481853"
    }, {
      "d" : "1756451880025085598",
      "t" : 1756451880025,
      "tn" : 1756451880025085598,
      "q" : "39",
      "p" : "0.031606",
      "s" : "sell",
      "i" : "SOPH_USD",
      "m" : "4611686018427481852"
    }, {
      "d" : "1756451879525037189",
      "t" : 1756451879525,
      "tn" : 1756451879525037189,
      "q" : "39",
      "p" : "0.031606",
      "s" : "sell",
      "i" : "SOPH_USD",
      "m" : "4611686018427481851"
    }, {
      "d" : "1756451875484832176",
      "t" : 1756451875484,
      "tn" : 1756451875484832176,
      "q" : "39",
      "p" : "0.031606",
      "s" : "sell",
      "i" : "SOPH_USD",
      "m" : "4611686018427481850"
    }, {
      "d" : "1756451874983905209",
      "t" : 1756451874983,
      "tn" : 1756451874983905209,
      "q" : "39",
      "p" : "0.031596",
      "s" : "sell",
      "i" : "SOPH_USD",
      "m" : "4611686018427481849"
    }, {
      "d" : "1756451871155631637",
      "t" : 1756451871155,
      "tn" : 1756451871155631637,
      "q" : "39",
      "p" : "0.031596",
      "s" : "sell",
      "i" : "SOPH_USD",
      "m" : "4611686018427481848"
    }, {
      "d" : "1756451870655637757",
      "t" : 1756451870655,
      "tn" : 1756451870655637757,
      "q" : "39",
      "p" : "0.031621",
      "s" : "sell",
      "i" : "SOPH_USD",
      "m" : "4611686018427481847"
    }, {
      "d" : "1756451870155679511",
      "t" : 1756451870155,
      "tn" : 1756451870155679511,
      "q" : "39",
      "p" : "0.031611",
      "s" : "sell",
      "i" : "SOPH_USD",
      "m" : "4611686018427481846"
    }, {
      "d" : "1756451869655696187",
      "t" : 1756451869655,
      "tn" : 1756451869655696187,
      "q" : "39",
      "p" : "0.031611",
      "s" : "sell",
      "i" : "SOPH_USD",
      "m" : "4611686018427481845"
    }, {
      "d" : "1756451866962110336",
      "t" : 1756451866962,
      "tn" : 1756451866962110336,
      "q" : "39",
      "p" : "0.031611",
      "s" : "sell",
      "i" : "SOPH_USD",
      "m" : "4611686018427481844"
    }, {
      "d" : "1756451866358125540",
      "t" : 1756451866358,
      "tn" : 1756451866358125540,
      "q" : "39",
      "p" : "0.031606",
      "s" : "sell",
      "i" : "SOPH_USD",
      "m" : "4611686018427481843"
    }, {
      "d" : "1756451865858080687",
      "t" : 1756451865858,
      "tn" : 1756451865858080687,
      "q" : "39",
      "p" : "0.031589",
      "s" : "sell",
      "i" : "SOPH_USD",
      "m" : "4611686018427481842"
    }, {
      "d" : "1756451863821462748",
      "t" : 1756451863821,
      "tn" : 1756451863821462748,
      "q" : "39",
      "p" : "0.031589",
      "s" : "sell",
      "i" : "SOPH_USD",
      "m" : "4611686018427481841"
    }, {
      "d" : "1756451863321392240",
      "t" : 1756451863321,
      "tn" : 1756451863321392240,
      "q" : "39",
      "p" : "0.031564",
      "s" : "sell",
      "i" : "SOPH_USD",
      "m" : "4611686018427481840"
    } ]
  }
}