{
  "id" : -1,
  "method" : "public/get-trades",
  "code" : 0,
  "result" : {
    "data" : [ {
      "d" : "1756455437831270330",
      "t" : 1756455437831,
      "tn" : 1756455437831270330,
      "q" : "10130",
      "p" : "0.030977",
      "s" : "sell",
      "i" : "SOPHUSD-PERP",
      "m" : "4611686018427456649"
    }, {
      "d" : "1756452223767054297",
      "t" : 1756452223767,
      "tn" : 1756452223767054297,
      "q" : "3180",
      "p" : "0.031416",
      "s" : "buy",
      "i" : "SOPHUSD-PERP",
      "m" : "4611686018427456648"
    }, {
      "d" : "1756452223761923170",
      "t" : 1756452223761,
      "tn" : 1756452223761923170,
      "q" : "10",
      "p" : "0.031395",
      "s" : "buy",
      "i" : "SOPHUSD-PERP",
      "m" : "4611686018427456647"
    }, {
      "d" : "1756452223761920044",
      "t" : 1756452223761,
      "tn" : 1756452223761920044,
      "q" : "10",
      "p" : "0.031387",
      "s" : "buy",
      "i" : "SOPHUSD-PERP",
      "m" : "4611686018427456646"
    }, {
      "d" : "1756452073605313901",
      "t" : 1756452073605,
      "tn" : 1756452073605313901,
      "q" : "1580",
      "p" : "0.031407",
      "s" : "sell",
      "i" : "SOPHUSD-PERP",
      "m" : "4611686018427456645"
    }, {
      "d" : "1756452073603791959",
      "t" : 1756452073603,
      "tn" : 1756452073603791959,
      "q" : "4730",
      "p" : "0.031407",
      "s" : "sell",
      "i" : "SOPHUSD-PERP",
      "m" : "4611686018427456644"
    }, {
      "d" : "1756452073599260657",
      "t" : 1756452073599,
      "tn" : 1756452073599260657,
      "q" : "1610",
      "p" : "0.031439",
      "s" : "sell",
      "i" : "SOPHUSD-PERP",
      "m" : "4611686018427456643"
    }, {
      "d" : "1756452073597739733",
      "t" : 1756452073597,
      "tn" : 1756452073597739733,
      "q" : "1580",
      "p" : "0.031518",
      "s" : "sell",
      "i" : "SOPHUSD-PERP",
      "m" : "4611686018427456642"
    }, {
      "d" : "1756452073597737426",
      "t" : 1756452073597,
      "tn" : 1756452073597737426,
      "q" : "1580",
      "p" : "0.031524",
      "s" : "sell",
      "i" : "SOPHUSD-PERP",
      "m" : "4611686018427456641"
    }, {
      "d" : "1756452073597734950",
      "t" : 1756452073597,
      "tn" : 1756452073597734949,
      "q" : "10",
      "p" : "0.031530",
      "s" : "sell",
      "i" : "SOPHUSD-PERP",
      "m" : "4611686018427456640"
    }, {
      "d" : "1756452073597734949",
      "t" : 1756452073597,
      "tn" : 1756452073597734949,
      "q" : "1580",
      "p" : "0.031530",
      "s" : "sell",
      "i" : "SOPHUSD-PERP",
      "m" : "4611686018427456640"
    }, {
      "d" : "1756452073597730419",
      "t" : 1756452073597,
      "tn" : 1756452073597730419,
      "q" : "10",
      "p" : "0.031531",
      "s" : "sell",
      "i" : "SOPHUSD-PERP",
      "m" : "4611686018427456639"
    }, {
      "d" : "1756452073597384995",
      "t" : 1756452073597,
      "tn" : 1756452073597384995,
      "q" : "1580",
      "p" : "0.031536",
      "s" : "sell",
      "i" : "SOPHUSD-PERP",
      "m" : "4611686018427456638"
    }, {
      "d" : "1756451403455373174",
      "t" : 1756451403455,
      "tn" : 1756451403455373174,
      "q" : "3090",
      "p" : "0.032232",
      "s" : "buy",
      "i" : "SOPHUSD-PERP",
      "m" : "4611686018427456637"
    }, {
      "d" : "1756451403455371260",
      "t" : 1756451403455,
      "tn" : 1756451403455371260,
      "q" : "10",
      "p" : "0.032229",
      "s" : "buy",
      "i" : "SOPHUSD-PERP",
      "m" : "4611686018427456636"
    }, {
      "d" : "1756451364459812590",
      "t" : 1756451364459,
      "tn" : 1756451364459812590,
      "q" : "1540",
      "p" : "0.032375",
      "s" : "sell",
      "i" : "SOPHUSD-PERP",
      "m" : "4611686018427456635"
    }, {
      "d" : "1756451338373963292",
      "t" : 1756451338373,
      "tn" : 1756451338373963292,
      "q" : "1530",
      "p" : "0.032522",
      "s" : "sell",
      "i" : "SOPHUSD-PERP",
      "m" : "4611686018427456634"
    }, {
      "d" : "1756451328797536696",
      "t" : 1756451328797,
      "tn" : 1756451328797536696,
      "q" : "3820",
      "p" : "0.032550",
      "s" : "buy",
      "i" : "SOPHUSD-PERP",
      "m" : "4611686018427456633"
    }, {
      "d" : "1756451328797534831",
      "t" : 1756451328797,
      "tn" : 1756451328797534830,
      "q" : "10",
      "p" : "0.032535",
      "s" : "buy",
      "i" : "SOPHUSD-PERP",
      "m" : "4611686018427456632"
    }, {
      "d" : "1756451328797534830",
      "t" : 1756451328797,
      "tn" : 1756451328797534830,
      "q" : "10",
      "p" : "0.032535",
      "s" : "buy",
      "i" : "SOPHUSD-PERP",
      "m" : "4611686018427456632"
    }, {
      "d" : "1756451315467866523",
      "t" : 1756451315467,
      "tn" : 1756451315467866523,
      "q" : "10",
      "p" : "0.032511",
      "s" : "buy",
      "i" : "SOPHUSD-PERP",
      "m" : "4611686018427456631"
    }, {
      "d" : "1756451315365498225",
      "t" : 1756451315365,
      "tn" : 1756451315365498225,
      "q" : "3050",
      "p" : "0.032487",
      "s" : "buy",
      "i" : "SOPHUSD-PERP",
      "m" : "4611686018427456630"
    }, {
      "d" : "1756451315365495803",
      "t" : 1756451315365,
      "tn" : 1756451315365495802,
      "q" : "10",
      "p" : "0.032460",
      "s" : "buy",
      "i" : "SOPHUSD-PERP",
      "m" : "4611686018427456629"
    }, {
      "d" : "1756451315365495802",
      "t" : 1756451315365,
      "tn" : 1756451315365495802,
      "q" : "10",
      "p" : "0.032460",
      "s" : "buy",
      "i" : "SOPHUSD-PERP",
      "m" : "4611686018427456629"
    }, {
      "d" : "1756451312265941669",
      "t" : 1756451312265,
      "tn" : 1756451312265941669,
      "q" : "3080",
      "p" : "0.032436",
      "s" : "buy",
      "i" : "SOPHUSD-PERP",
      "m" : "4611686018427456628"
    }, {
      "d" : "1756451312265016781",
      "t" : 1756451312265,
      "tn" : 1756451312265016781,
      "q" : "3080",
      "p" : "0.032431",
      "s" : "buy",
      "i" : "SOPHUSD-PERP",
      "m" : "4611686018427456627"
    }, {
      "d" : "1756451312261120322",
      "t" : 1756451312261,
      "tn" : 1756451312261120322,
      "q" : "10",
      "p" : "0.032412",
      "s" : "buy",
      "i" : "SOPHUSD-PERP",
      "m" : "4611686018427456626"
    }, {
      "d" : "1756451308770455786",
      "t" : 1756451308770,
      "tn" : 1756451308770455786,
      "q" : "10",
      "p" : "0.032375",
      "s" : "buy",
      "i" : "SOPHUSD-PERP",
      "m" : "4611686018427456625"
    }, {
      "d" : "1756451300695432292",
      "t" : 1756451300695,
      "tn" : 1756451300695432292,
      "q" : "3070",
      "p" : "0.032375",
      "s" : "buy",
      "i" : "SOPHUSD-PERP",
      "m" : "4611686018427456624"
    }, {
      "d" : "1756451300695430631",
      "t" : 1756451300695,
      "tn" : 1756451300695430631,
      "q" : "10",
      "p" : "0.032364",
      "s" : "buy",
      "i" : "SOPHUSD-PERP",
      "m" : "4611686018427456623"
    }, {
      "d" : "1756451244600819462",
      "t" : 1756451244600,
      "tn" : 1756451244600819462,
      "q" : "10",
      "p" : "0.032387",
      "s" : "buy",
      "i" : "SOPHUSD-PERP",
      "m" : "4611686018427456622"
    }, {
      "d" : "1756451239476086374",
      "t" : 1756451239476,
      "tn" : 1756451239476086374,
      "q" : "6180",
      "p" : "0.032355",
      "s" : "buy",
      "i" : "SOPHUSD-PERP",
      "m" : "4611686018427456621"
    }, {
      "d" : "1756451239469745460",
      "t" : 1756451239469,
      "tn" : 1756451239469745460,
      "q" : "1540",
      "p" : "0.032347",
      "s" : "buy",
      "i" : "SOPHUSD-PERP",
      "m" : "4611686018427456620"
    }, {
      "d" : "1756451239467542494",
      "t" : 1756451239467,
      "tn" : 1756451239467542494,
      "q" : "3840",
      "p" : "0.032340",
      "s" : "buy",
      "i" : "SOPHUSD-PERP",
      "m" : "4611686018427456619"
    }, {
      "d" : "1756451239467540843",
      "t" : 1756451239467,
      "tn" : 1756451239467540843,
      "q" : "20",
      "p" : "0.032333",
      "s" : "buy",
      "i" : "SOPHUSD-PERP",
      "m" : "4611686018427456618"
    }, {
      "d" : "1756451239466205730",
      "t" : 1756451239466,
      "tn" : 1756451239466205730,
      "q" : "3070",
      "p" : "0.032333",
      "s" : "buy",
      "i" : "SOPHUSD-PERP",
      "m" : "4611686018427456617"
    }, {
      "d" : "1756451239466204359",
      "t" : 1756451239466,
      "tn" : 1756451239466204359,
      "q" : "20",
      "p" : "0.032330",
      "s" : "buy",
      "i" : "SOPHUSD-PERP",
      "m" : "4611686018427456616"
    }, {
      "d" : "1756451239465394899",
      "t" : 1756451239465,
      "tn" : 1756451239465394899,
      "q" : "3840",
      "p" : "0.032330",
      "s" : "buy",
      "i" : "SOPHUSD-PERP",
      "m" : "4611686018427456615"
    }, {
      "d" : "1756451239465393022",
      "t" : 1756451239465,
      "tn" : 1756451239465393022,
      "q" : "10",
      "p" : "0.032328",
      "s" : "buy",
      "i" : "SOPHUSD-PERP",
      "m" : "4611686018427456614"
    }, {
      "d" : "1756451239465390072",
      "t" : 1756451239465,
      "tn" : 1756451239465390072,
      "q" : "10",
      "p" : "0.032317",
      "s" : "buy",
      "i" : "SOPHUSD-PERP",
      "m" : "4611686018427456613"
    }, {
      "d" : "1756451206279314000",
      "t" : 1756451206279,
      "tn" : 1756451206279314000,
      "q" : "1550",
      "p" : "0.032214",
      "s" : "sell",
      "i" : "SOPHUSD-PERP",
      "m" : "4611686018427456612"
    }, {
      "d" : "1756451206277121830",
      "t" : 1756451206277,
      "tn" : 1756451206277121830,
      "q" : "1550",
      "p" : "0.032221",
      "s" : "sell",
      "i" : "SOPHUSD-PERP",
      "m" : "4611686018427456611"
    }, {
      "d" : "1756451206221473266",
      "t" : 1756451206221,
      "tn" : 1756451206221473266,
      "q" : "1550",
      "p" : "0.032228",
      "s" : "sell",
      "i" : "SOPHUSD-PERP",
      "m" : "4611686018427456610"
    }, {
      "d" : "1756451205109271470",
      "t" : 1756451205109,
      "tn" : 1756451205109271470,
      "q" : "1550",
      "p" : "0.032228",
      "s" : "sell",
      "i" : "SOPHUSD-PERP",
      "m" : "4611686018427456609"
    }, {
      "d" : "1756451205035161078",
      "t" : 1756451205035,
      "tn" : 1756451205035161077,
      "q" : "10",
      "p" : "0.032241",
      "s" : "sell",
      "i" : "SOPHUSD-PERP",
      "m" : "4611686018427456608"
    }, {
      "d" : "1756451205035161077",
      "t" : 1756451205035,
      "tn" : 1756451205035161077,
      "q" : "10",
      "p" : "0.032241",
      "s" : "sell",
      "i" : "SOPHUSD-PERP",
      "m" : "4611686018427456608"
    }, {
      "d" : "1756451205034451294",
      "t" : 1756451205034,
      "tn" : 1756451205034451294,
      "q" : "1550",
      "p" : "0.032242",
      "s" : "sell",
      "i" : "SOPHUSD-PERP",
      "m" : "4611686018427456607"
    }, {
      "d" : "1756451205033466150",
      "t" : 1756451205033,
      "tn" : 1756451205033466150,
      "q" : "1550",
      "p" : "0.032249",
      "s" : "sell",
      "i" : "SOPHUSD-PERP",
      "m" : "4611686018427456606"
    }, {
      "d" : "1756451202405521190",
      "t" : 1756451202405,
      "tn" : 1756451202405521190,
      "q" : "10",
      "p" : "0.032298",
      "s" : "sell",
      "i" : "SOPHUSD-PERP",
      "m" : "4611686018427456605"
    }, {
      "d" : "1756451202405519593",
      "t" : 1756451202405,
      "tn" : 1756451202405519593,
      "q" : "10",
      "p" : "0.032299",
      "s" : "sell",
      "i" : "SOPHUSD-PERP",
      "m" : "4611686018427456604"
    }, {
      "d" : "1756451202351679711",
      "t" : 1756451202351,
      "tn" : 1756451202351679711,
      "q" : "1540",
      "p" : "0.032312",
      "s" : "sell",
      "i" : "SOPHUSD-PERP",
      "m" : "4611686018427456603"
    }, {
      "d" : "1756451202350232985",
      "t" : 1756451202350,
      "tn" : 1756451202350232985,
      "q" : "1540",
      "p" : "0.032319",
      "s" : "sell",
      "i" : "SOPHUSD-PERP",
      "m" : "4611686018427456602"
    }, {
      "d" : "1756451201415393160",
      "t" : 1756451201415,
      "tn" : 1756451201415393160,
      "q" : "1520",
      "p" : "0.032319",
      "s" : "sell",
      "i" : "SOPHUSD-PERP",
      "m" : "4611686018427456601"
    }, {
      "d" : "1756451201415391468",
      "t" : 1756451201415,
      "tn" : 1756451201415391467,
      "q" : "10",
      "p" : "0.032322",
      "s" : "sell",
      "i" : "SOPHUSD-PERP",
      "m" : "4611686018427456600"
    }, {
      "d" : "1756451201415391467",
      "t" : 1756451201415,
      "tn" : 1756451201415391467,
      "q" : "10",
      "p" : "0.032322",
      "s" : "sell",
      "i" : "SOPHUSD-PERP",
      "m" : "4611686018427456600"
    }, {
      "d" : "1756451201410965205",
      "t" : 1756451201410,
      "tn" : 1756451201410965205,
      "q" : "1540",
      "p" : "0.032326",
      "s" : "sell",
      "i" : "SOPHUSD-PERP",
      "m" : "4611686018427456599"
    }, {
      "d" : "1756451199794442616",
      "t" : 1756451199794,
      "tn" : 1756451199794442616,
      "q" : "1520",
      "p" : "0.032354",
      "s" : "sell",
      "i" : "SOPHUSD-PERP",
      "m" : "4611686018427456598"
    }, {
      "d" : "1756451199794440883",
      "t" : 1756451199794,
      "tn" : 1756451199794440883,
      "q" : "10",
      "p" : "0.032355",
      "s" : "sell",
      "i" : "SOPHUSD-PERP",
      "m" : "4611686018427456597"
    }, {
      "d" : "1756451199794437860",
      "t" : 1756451199794,
      "tn" : 1756451199794437860,
      "q" : "10",
      "p" : "0.032357",
      "s" : "sell",
      "i" : "SOPHUSD-PERP",
      "m" : "4611686018427456596"
    }, {
      "d" : "1756451199793814643",
      "t" : 1756451199793,
      "tn" : 1756451199793814643,
      "q" : "1540",
      "p" : "0.032361",
      "s" : "sell",
      "i" : "SOPHUSD-PERP",
      "m" : "4611686018427456595"
    }, {
      "d" : "1756451199792510547",
      "t" : 1756451199792,
      "tn" : 1756451199792510547,
      "q" : "1540",
      "p" : "0.032368",
      "s" : "sell",
      "i" : "SOPHUSD-PERP",
      "m" : "4611686018427456594"
    }, {
      "d" : "1756451198955292937",
      "t" : 1756451198955,
      "tn" : 1756451198955292937,
      "q" : "1540",
      "p" : "0.032375",
      "s" : "sell",
      "i" : "SOPHUSD-PERP",
      "m" : "4611686018427456593"
    }, {
      "d" : "1756451197210046005",
      "t" : 1756451197210,
      "tn" : 1756451197210046005,
      "q" : "1540",
      "p" : "0.032389",
      "s" : "sell",
      "i" : "SOPHUSD-PERP",
      "m" : "4611686018427456592"
    }, {
      "d" : "1756451192333352223",
      "t" : 1756451192333,
      "tn" : 1756451192333352223,
      "q" : "1540",
      "p" : "0.032445",
      "s" : "sell",
      "i" : "SOPHUSD-PERP",
      "m" : "4611686018427456591"
    }, {
      "d" : "1756451147026134492",
      "t" : 1756451147026,
      "tn" : 1756451147026134492,
      "q" : "1530",
      "p" : "0.032557",
      "s" : "buy",
      "i" : "SOPHUSD-PERP",
      "m" : "4611686018427456590"
    }, {
      "d" : "1756451147026132349",
      "t" : 1756451147026,
      "tn" : 1756451147026132349,
      "q" : "1530",
      "p" : "0.032550",
      "s" : "buy",
      "i" : "SOPHUSD-PERP",
      "m" : "4611686018427456589"
    }, {
      "d" : "1756451147022029327",
      "t" : 1756451147022,
      "tn" : 1756451147022029327,
      "q" : "6130",
      "p" : "0.032508",
      "s" : "buy",
      "i" : "SOPHUSD-PERP",
      "m" : "4611686018427456588"
    }, {
      "d" : "1756451147022027687",
      "t" : 1756451147022,
      "tn" : 1756451147022027687,
      "q" : "20",
      "p" : "0.032500",
      "s" : "buy",
      "i" : "SOPHUSD-PERP",
      "m" : "4611686018427456587"
    }, {
      "d" : "1756451147021531314",
      "t" : 1756451147021,
      "tn" : 1756451147021531314,
      "q" : "3820",
      "p" : "0.032500",
      "s" : "buy",
      "i" : "SOPHUSD-PERP",
      "m" : "4611686018427456586"
    }, {
      "d" : "1756451147021529281",
      "t" : 1756451147021,
      "tn" : 1756451147021529280,
      "q" : "10",
      "p" : "0.032481",
      "s" : "buy",
      "i" : "SOPHUSD-PERP",
      "m" : "4611686018427456585"
    }, {
      "d" : "1756451147021529280",
      "t" : 1756451147021,
      "tn" : 1756451147021529280,
      "q" : "10",
      "p" : "0.032481",
      "s" : "buy",
      "i" : "SOPHUSD-PERP",
      "m" : "4611686018427456585"
    }, {
      "d" : "1756451106918322966",
      "t" : 1756451106918,
      "tn" : 1756451106918322966,
      "q" : "3840",
      "p" : "0.032510",
      "s" : "sell",
      "i" : "SOPHUSD-PERP",
      "m" : "4611686018427456584"
    }, {
      "d" : "1756451102540016185",
      "t" : 1756451102540,
      "tn" : 1756451102540016185,
      "q" : "1530",
      "p" : "0.032501",
      "s" : "sell",
      "i" : "SOPHUSD-PERP",
      "m" : "4611686018427456583"
    }, {
      "d" : "1756451102509975623",
      "t" : 1756451102509,
      "tn" : 1756451102509975623,
      "q" : "1530",
      "p" : "0.032508",
      "s" : "sell",
      "i" : "SOPHUSD-PERP",
      "m" : "4611686018427456582"
    }, {
      "d" : "1756451066855738287",
      "t" : 1756451066855,
      "tn" : 1756451066855738287,
      "q" : "1540",
      "p" : "0.032330",
      "s" : "sell",
      "i" : "SOPHUSD-PERP",
      "m" : "4611686018427456581"
    }, {
      "d" : "1756451066855569945",
      "t" : 1756451066855,
      "tn" : 1756451066855569945,
      "q" : "2320",
      "p" : "0.032330",
      "s" : "sell",
      "i" : "SOPHUSD-PERP",
      "m" : "4611686018427456580"
    }, {
      "d" : "1756451066855568091",
      "t" : 1756451066855,
      "tn" : 1756451066855568091,
      "q" : "1540",
      "p" : "0.032333",
      "s" : "sell",
      "i" : "SOPHUSD-PERP",
      "m" : "4611686018427456579"
    }, {
      "d" : "1756451066855526754",
      "t" : 1756451066855,
      "tn" : 1756451066855526754,
      "q" : "6960",
      "p" : "0.032340",
      "s" : "sell",
      "i" : "SOPHUSD-PERP",
      "m" : "4611686018427456578"
    }, {
      "d" : "1756451066854909202",
      "t" : 1756451066854,
      "tn" : 1756451066854909201,
      "q" : "4630",
      "p" : "0.032340",
      "s" : "sell",
      "i" : "SOPHUSD-PERP",
      "m" : "4611686018427456577"
    }, {
      "d" : "1756451066854909201",
      "t" : 1756451066854,
      "tn" : 1756451066854909201,
      "q" : "1540",
      "p" : "0.032340",
      "s" : "sell",
      "i" : "SOPHUSD-PERP",
      "m" : "4611686018427456577"
    }, {
      "d" : "1756394254232010346",
      "t" : 1756394254232,
      "tn" : 1756394254232010346,
      "q" : "10",
      "p" : "0.031983",
      "s" : "buy",
      "i" : "SOPHUSD-PERP",
      "m" : "4611686018427456576"
    }, {
      "d" : "1756389993339728118",
      "t" : 1756389993339,
      "tn" : 1756389993339728118,
      "q" : "10",
      "p" : "0.031688",
      "s" : "buy",
      "i" : "SOPHUSD-PERP",
      "m" : "4611686018427456575"
    }, {
      "d" : "1756383002979153897",
      "t" : 1756383002979,
      "tn" : 1756383002979153897,
      "q" : "830",
      "p" : "0.031662",
      "s" : "buy",
      "i" : "SOPHUSD-PERP",
      "m" : "4611686018427456574"
    }, {
      "d" : "1756383002977543055",
      "t" : 1756383002977,
      "tn" : 1756383002977543055,
      "q" : "10",
      "p" : "0.031650",
      "s" : "buy",
      "i" : "SOPHUSD-PERP",
      "m" : "4611686018427456573"
    }, {
      "d" : "1756383002977540202",
      "t" : 1756383002977,
      "tn" : 1756383002977540202,
      "q" : "10",
      "p" : "0.031634",
      "s" : "buy",
      "i" : "SOPHUSD-PERP",
      "m" : "4611686018427456572"
    } ]
  }
}