{
  "id" : -1,
  "method" : "public/get-trades",
  "code" : 0,
  "result" : {
    "data" : [ {
      "d" : "1756460422791587559",
      "t" : 1756460422791,
      "tn" : 1756460422791587559,
      "q" : "0.2",
      "p" : "0.4501",
      "s" : "buy",
      "i" : "SPEC_USD",
      "m" : "4611686018428158972"
    }, {
      "d" : "1756456822791701655",
      "t" : 1756456822791,
      "tn" : 1756456822791701655,
      "q" : "0.2",
      "p" : "0.4501",
      "s" : "buy",
      "i" : "SPEC_USD",
      "m" : "4611686018428158971"
    }, {
      "d" : "1756453222791328907",
      "t" : 1756453222791,
      "tn" : 1756453222791328907,
      "q" : "0.2",
      "p" : "0.4522",
      "s" : "buy",
      "i" : "SPEC_USD",
      "m" : "4611686018428158970"
    }, {
      "d" : "1756449622791985728",
      "t" : 1756449622791,
      "tn" : 1756449622791985728,
      "q" : "0.2",
      "p" : "0.4581",
      "s" : "buy",
      "i" : "SPEC_USD",
      "m" : "4611686018428158969"
    }, {
      "d" : "1756446022791958524",
      "t" : 1756446022791,
      "tn" : 1756446022791958524,
      "q" : "0.2",
      "p" : "0.4622",
      "s" : "buy",
      "i" : "SPEC_USD",
      "m" : "4611686018428158968"
    }, {
      "d" : "1756442422791261587",
      "t" : 1756442422791,
      "tn" : 1756442422791261587,
      "q" : "0.2",
      "p" : "0.4659",
      "s" : "buy",
      "i" : "SPEC_USD",
      "m" : "4611686018428158967"
    }, {
      "d" : "1756438822791295446",
      "t" : 1756438822791,
      "tn" : 1756438822791295446,
      "q" : "0.2",
      "p" : "0.4700",
      "s" : "buy",
      "i" : "SPEC_USD",
      "m" : "4611686018428158966"
    }, {
      "d" : "1756435222791597259",
      "t" : 1756435222791,
      "tn" : 1756435222791597259,
      "q" : "0.2",
      "p" : "0.4604",
      "s" : "buy",
      "i" : "SPEC_USD",
      "m" : "4611686018428158965"
    }, {
      "d" : "1756431622791564718",
      "t" : 1756431622791,
      "tn" : 1756431622791564718,
      "q" : "0.2",
      "p" : "0.4607",
      "s" : "buy",
      "i" : "SPEC_USD",
      "m" : "4611686018428158964"
    }, {
      "d" : "1756428022791407132",
      "t" : 1756428022791,
      "tn" : 1756428022791407132,
      "q" : "0.2",
      "p" : "0.4672",
      "s" : "buy",
      "i" : "SPEC_USD",
      "m" : "4611686018428158963"
    }, {
      "d" : "1756424422791674935",
      "t" : 1756424422791,
      "tn" : 1756424422791674935,
      "q" : "0.1",
      "p" : "0.4676",
      "s" : "buy",
      "i" : "SPEC_USD",
      "m" : "4611686018428158962"
    }, {
      "d" : "1756420822791717520",
      "t" : 1756420822791,
      "tn" : 1756420822791717520,
      "q" : "0.2",
      "p" : "0.4743",
      "s" : "buy",
      "i" : "SPEC_USD",
      "m" : "4611686018428158961"
    }, {
      "d" : "1756417222791402330",
      "t" : 1756417222791,
      "tn" : 1756417222791402330,
      "q" : "0.2",
      "p" : "0.4659",
      "s" : "buy",
      "i" : "SPEC_USD",
      "m" : "4611686018428158960"
    }, {
      "d" : "1756413622791667084",
      "t" : 1756413622791,
      "tn" : 1756413622791667084,
      "q" : "0.2",
      "p" : "0.4600",
      "s" : "buy",
      "i" : "SPEC_USD",
      "m" : "4611686018428158959"
    }, {
      "d" : "1756411568237905718",
      "t" : 1756411568237,
      "tn" : 1756411568237905718,
      "q" : "26.0",
      "p" : "0.4575",
      "s" : "buy",
      "i" : "SPEC_USD",
      "m" : "4611686018428158958"
    }, {
      "d" : "1756411347735357480",
      "t" : 1756411347735,
      "tn" : 1756411347735357480,
      "q" : "6.6",
      "p" : "0.4573",
      "s" : "buy",
      "i" : "SPEC_USD",
      "m" : "4611686018428158957"
    }, {
      "d" : "1756410022791486172",
      "t" : 1756410022791,
      "tn" : 1756410022791486172,
      "q" : "0.2",
      "p" : "0.4618",
      "s" : "buy",
      "i" : "SPEC_USD",
      "m" : "4611686018428158956"
    }, {
      "d" : "1756408633336475650",
      "t" : 1756408633336,
      "tn" : 1756408633336475650,
      "q" : "2.2",
      "p" : "0.4566",
      "s" : "sell",
      "i" : "SPEC_USD",
      "m" : "4611686018428158955"
    }, {
      "d" : "1756408557660603222",
      "t" : 1756408557660,
      "tn" : 1756408557660603222,
      "q" : "72.3",
      "p" : "0.4705",
      "s" : "buy",
      "i" : "SPEC_USD",
      "m" : "4611686018428158954"
    }, {
      "d" : "1756408557660600615",
      "t" : 1756408557660,
      "tn" : 1756408557660600615,
      "q" : "80.7",
      "p" : "0.4704",
      "s" : "buy",
      "i" : "SPEC_USD",
      "m" : "4611686018428158953"
    }, {
      "d" : "1756406422791429271",
      "t" : 1756406422791,
      "tn" : 1756406422791429271,
      "q" : "0.2",
      "p" : "0.4668",
      "s" : "buy",
      "i" : "SPEC_USD",
      "m" : "4611686018428158952"
    }, {
      "d" : "1756402822791577181",
      "t" : 1756402822791,
      "tn" : 1756402822791577181,
      "q" : "0.2",
      "p" : "0.4571",
      "s" : "buy",
      "i" : "SPEC_USD",
      "m" : "4611686018428158951"
    }, {
      "d" : "1756399222791675303",
      "t" : 1756399222791,
      "tn" : 1756399222791675303,
      "q" : "0.2",
      "p" : "0.4621",
      "s" : "buy",
      "i" : "SPEC_USD",
      "m" : "4611686018428158950"
    }, {
      "d" : "1756395622791773622",
      "t" : 1756395622791,
      "tn" : 1756395622791773622,
      "q" : "0.1",
      "p" : "0.4611",
      "s" : "buy",
      "i" : "SPEC_USD",
      "m" : "4611686018428158949"
    }, {
      "d" : "1756393020311829144",
      "t" : 1756393020311,
      "tn" : 1756393020311829144,
      "q" : "25.4",
      "p" : "0.4704",
      "s" : "buy",
      "i" : "SPEC_USD",
      "m" : "4611686018428158948"
    }, {
      "d" : "1756392022791482524",
      "t" : 1756392022791,
      "tn" : 1756392022791482524,
      "q" : "0.1",
      "p" : "0.4765",
      "s" : "buy",
      "i" : "SPEC_USD",
      "m" : "4611686018428158947"
    }, {
      "d" : "1756388422791579432",
      "t" : 1756388422791,
      "tn" : 1756388422791579432,
      "q" : "0.1",
      "p" : "0.4741",
      "s" : "buy",
      "i" : "SPEC_USD",
      "m" : "4611686018428158946"
    }, {
      "d" : "1756384822791281065",
      "t" : 1756384822791,
      "tn" : 1756384822791281065,
      "q" : "0.1",
      "p" : "0.4755",
      "s" : "buy",
      "i" : "SPEC_USD",
      "m" : "4611686018428158945"
    }, {
      "d" : "1756381222791506627",
      "t" : 1756381222791,
      "tn" : 1756381222791506627,
      "q" : "0.1",
      "p" : "0.4753",
      "s" : "buy",
      "i" : "SPEC_USD",
      "m" : "4611686018428158944"
    }, {
      "d" : "1756377622791266300",
      "t" : 1756377622791,
      "tn" : 1756377622791266300,
      "q" : "0.1",
      "p" : "0.4783",
      "s" : "buy",
      "i" : "SPEC_USD",
      "m" : "4611686018428158943"
    }, {
      "d" : "1756376590376881309",
      "t" : 1756376590376,
      "tn" : 1756376590376881309,
      "q" : "101.1",
      "p" : "0.4739",
      "s" : "buy",
      "i" : "SPEC_USD",
      "m" : "4611686018428158942"
    }, {
      "d" : "1756376506435574266",
      "t" : 1756376506435,
      "tn" : 1756376506435574266,
      "q" : "25.7",
      "p" : "0.4729",
      "s" : "buy",
      "i" : "SPEC_USD",
      "m" : "4611686018428158941"
    }, {
      "d" : "1756376202443675726",
      "t" : 1756376202443,
      "tn" : 1756376202443675726,
      "q" : "102.4",
      "p" : "0.4752",
      "s" : "buy",
      "i" : "SPEC_USD",
      "m" : "4611686018428158940"
    }, {
      "d" : "1756376175369618814",
      "t" : 1756376175369,
      "tn" : 1756376175369618814,
      "q" : "409.4",
      "p" : "0.4751",
      "s" : "buy",
      "i" : "SPEC_USD",
      "m" : "4611686018428158939"
    }, {
      "d" : "1756376126857958650",
      "t" : 1756376126857,
      "tn" : 1756376126857958650,
      "q" : "1200.0",
      "p" : "0.4760",
      "s" : "buy",
      "i" : "SPEC_USD",
      "m" : "4611686018428158938"
    } ]
  }
}