{
  "id" : -1,
  "method" : "public/get-trades",
  "code" : 0,
  "result" : {
    "data" : [ {
      "d" : "1756462012824094250",
      "t" : 1756462012824,
      "tn" : 1756462012824094250,
      "q" : "25200",
      "p" : "0.0004874",
      "s" : "buy",
      "i" : "SPELL_USD",
      "m" : "4611686018430479995"
    }, {
      "d" : "1756461087804497736",
      "t" : 1756461087804,
      "tn" : 1756461087804497736,
      "q" : "103100",
      "p" : "0.0004878",
      "s" : "buy",
      "i" : "SPELL_USD",
      "m" : "4611686018430479994"
    }, {
      "d" : "1756460730604448166",
      "t" : 1756460730604,
      "tn" : 1756460730604448166,
      "q" : "17500",
      "p" : "0.0004867",
      "s" : "sell",
      "i" : "SPELL_USD",
      "m" : "4611686018430479993"
    }, {
      "d" : "1756460547610531519",
      "t" : 1756460547610,
      "tn" : 1756460547610531519,
      "q" : "99100",
      "p" : "0.0004859",
      "s" : "buy",
      "i" : "SPELL_USD",
      "m" : "4611686018430479992"
    }, {
      "d" : "1756460468690645832",
      "t" : 1756460468690,
      "tn" : 1756460468690645832,
      "q" : "50000",
      "p" : "0.0004856",
      "s" : "buy",
      "i" : "SPELL_USD",
      "m" : "4611686018430479991"
    }, {
      "d" : "1756460412708705022",
      "t" : 1756460412708,
      "tn" : 1756460412708705022,
      "q" : "50000",
      "p" : "0.0004860",
      "s" : "buy",
      "i" : "SPELL_USD",
      "m" : "4611686018430479990"
    }, {
      "d" : "1756460250399896281",
      "t" : 1756460250399,
      "tn" : 1756460250399896281,
      "q" : "37700",
      "p" : "0.0004851",
      "s" : "sell",
      "i" : "SPELL_USD",
      "m" : "4611686018430479989"
    }, {
      "d" : "1756460250395972441",
      "t" : 1756460250395,
      "tn" : 1756460250395972441,
      "q" : "30000",
      "p" : "0.0004851",
      "s" : "buy",
      "i" : "SPELL_USD",
      "m" : "4611686018430479988"
    }, {
      "d" : "1756458143363200457",
      "t" : 1756458143363,
      "tn" : 1756458143363200457,
      "q" : "9000",
      "p" : "0.0004831",
      "s" : "sell",
      "i" : "SPELL_USD",
      "m" : "4611686018430479987"
    }, {
      "d" : "1756457228244445584",
      "t" : 1756457228244,
      "tn" : 1756457228244445584,
      "q" : "30000",
      "p" : "0.0004864",
      "s" : "sell",
      "i" : "SPELL_USD",
      "m" : "4611686018430479986"
    }, {
      "d" : "1756455350881687313",
      "t" : 1756455350881,
      "tn" : 1756455350881687313,
      "q" : "20200",
      "p" : "0.0004915",
      "s" : "buy",
      "i" : "SPELL_USD",
      "m" : "4611686018430479985"
    }, {
      "d" : "1756452342094047623",
      "t" : 1756452342094,
      "tn" : 1756452342094047623,
      "q" : "40000",
      "p" : "0.0004947",
      "s" : "sell",
      "i" : "SPELL_USD",
      "m" : "4611686018430479984"
    }, {
      "d" : "1756452342087944096",
      "t" : 1756452342087,
      "tn" : 1756452342087944096,
      "q" : "252400",
      "p" : "0.0004947",
      "s" : "buy",
      "i" : "SPELL_USD",
      "m" : "4611686018430479983"
    }, {
      "d" : "1756452209933497915",
      "t" : 1756452209933,
      "tn" : 1756452209933497915,
      "q" : "211100",
      "p" : "0.0004939",
      "s" : "sell",
      "i" : "SPELL_USD",
      "m" : "4611686018430479982"
    }, {
      "d" : "1756452209927972727",
      "t" : 1756452209927,
      "tn" : 1756452209927972727,
      "q" : "92400",
      "p" : "0.0004939",
      "s" : "buy",
      "i" : "SPELL_USD",
      "m" : "4611686018430479981"
    }, {
      "d" : "1756451574982286477",
      "t" : 1756451574982,
      "tn" : 1756451574982286477,
      "q" : "330700",
      "p" : "0.0004925",
      "s" : "sell",
      "i" : "SPELL_USD",
      "m" : "4611686018430479980"
    }, {
      "d" : "1756451209010284073",
      "t" : 1756451209010,
      "tn" : 1756451209010284073,
      "q" : "66500",
      "p" : "0.0004918",
      "s" : "sell",
      "i" : "SPELL_USD",
      "m" : "4611686018430479979"
    }, {
      "d" : "1756450543563161450",
      "t" : 1756450543563,
      "tn" : 1756450543563161450,
      "q" : "93900",
      "p" : "0.0004939",
      "s" : "buy",
      "i" : "SPELL_USD",
      "m" : "4611686018430479978"
    }, {
      "d" : "1756449626968647678",
      "t" : 1756449626968,
      "tn" : 1756449626968647678,
      "q" : "70600",
      "p" : "0.0004939",
      "s" : "sell",
      "i" : "SPELL_USD",
      "m" : "4611686018430479977"
    }, {
      "d" : "1756449626968257395",
      "t" : 1756449626968,
      "tn" : 1756449626968257394,
      "q" : "64100",
      "p" : "0.0004939",
      "s" : "sell",
      "i" : "SPELL_USD",
      "m" : "4611686018430479976"
    }, {
      "d" : "1756449626968257394",
      "t" : 1756449626968,
      "tn" : 1756449626968257394,
      "q" : "135900",
      "p" : "0.0004939",
      "s" : "sell",
      "i" : "SPELL_USD",
      "m" : "4611686018430479976"
    }, {
      "d" : "1756449626537690772",
      "t" : 1756449626537,
      "tn" : 1756449626537690771,
      "q" : "168000",
      "p" : "0.0004937",
      "s" : "sell",
      "i" : "SPELL_USD",
      "m" : "4611686018430479975"
    }, {
      "d" : "1756449626537690771",
      "t" : 1756449626537,
      "tn" : 1756449626537690771,
      "q" : "135900",
      "p" : "0.0004937",
      "s" : "sell",
      "i" : "SPELL_USD",
      "m" : "4611686018430479975"
    }, {
      "d" : "1756449626537687126",
      "t" : 1756449626537,
      "tn" : 1756449626537687125,
      "q" : "372600",
      "p" : "0.0004939",
      "s" : "sell",
      "i" : "SPELL_USD",
      "m" : "4611686018430479974"
    }, {
      "d" : "1756449626537687125",
      "t" : 1756449626537,
      "tn" : 1756449626537687125,
      "q" : "8800",
      "p" : "0.0004939",
      "s" : "sell",
      "i" : "SPELL_USD",
      "m" : "4611686018430479974"
    }, {
      "d" : "1756449624278936257",
      "t" : 1756449624278,
      "tn" : 1756449624278936257,
      "q" : "69700",
      "p" : "0.0004952",
      "s" : "sell",
      "i" : "SPELL_USD",
      "m" : "4611686018430479973"
    }, {
      "d" : "1756446005083618316",
      "t" : 1756446005083,
      "tn" : 1756446005083618316,
      "q" : "22700",
      "p" : "0.0005001",
      "s" : "sell",
      "i" : "SPELL_USD",
      "m" : "4611686018430479972"
    }, {
      "d" : "1756445209998648364",
      "t" : 1756445209998,
      "tn" : 1756445209998648364,
      "q" : "16500",
      "p" : "0.0005013",
      "s" : "buy",
      "i" : "SPELL_USD",
      "m" : "4611686018430479971"
    }, {
      "d" : "1756444820115860944",
      "t" : 1756444820115,
      "tn" : 1756444820115860944,
      "q" : "306000",
      "p" : "0.0005019",
      "s" : "sell",
      "i" : "SPELL_USD",
      "m" : "4611686018430479970"
    }, {
      "d" : "1756444820111245653",
      "t" : 1756444820111,
      "tn" : 1756444820111245653,
      "q" : "92400",
      "p" : "0.0005019",
      "s" : "buy",
      "i" : "SPELL_USD",
      "m" : "4611686018430479969"
    }, {
      "d" : "1756444643364111272",
      "t" : 1756444643364,
      "tn" : 1756444643364111272,
      "q" : "92400",
      "p" : "0.0005010",
      "s" : "sell",
      "i" : "SPELL_USD",
      "m" : "4611686018430479968"
    }, {
      "d" : "1756443147945506446",
      "t" : 1756443147945,
      "tn" : 1756443147945506446,
      "q" : "116500",
      "p" : "0.0005049",
      "s" : "sell",
      "i" : "SPELL_USD",
      "m" : "4611686018430479967"
    }, {
      "d" : "1756443147939877550",
      "t" : 1756443147939,
      "tn" : 1756443147939877550,
      "q" : "92400",
      "p" : "0.0005049",
      "s" : "buy",
      "i" : "SPELL_USD",
      "m" : "4611686018430479966"
    }, {
      "d" : "1756440386372017345",
      "t" : 1756440386372,
      "tn" : 1756440386372017345,
      "q" : "351800",
      "p" : "0.0005028",
      "s" : "sell",
      "i" : "SPELL_USD",
      "m" : "4611686018430479965"
    }, {
      "d" : "1756440386372015422",
      "t" : 1756440386372,
      "tn" : 1756440386372015422,
      "q" : "99000",
      "p" : "0.0005029",
      "s" : "sell",
      "i" : "SPELL_USD",
      "m" : "4611686018430479964"
    }, {
      "d" : "1756440386372012434",
      "t" : 1756440386372,
      "tn" : 1756440386372012434,
      "q" : "53300",
      "p" : "0.0005030",
      "s" : "sell",
      "i" : "SPELL_USD",
      "m" : "4611686018430479963"
    }, {
      "d" : "1756439245937495700",
      "t" : 1756439245937,
      "tn" : 1756439245937495700,
      "q" : "403900",
      "p" : "0.0005033",
      "s" : "sell",
      "i" : "SPELL_USD",
      "m" : "4611686018430479962"
    }, {
      "d" : "1756438928030381700",
      "t" : 1756438928030,
      "tn" : 1756438928030381700,
      "q" : "32400",
      "p" : "0.0005040",
      "s" : "sell",
      "i" : "SPELL_USD",
      "m" : "4611686018430479961"
    }, {
      "d" : "1756438682181210606",
      "t" : 1756438682181,
      "tn" : 1756438682181210606,
      "q" : "177900",
      "p" : "0.0005059",
      "s" : "buy",
      "i" : "SPELL_USD",
      "m" : "4611686018430479960"
    }, {
      "d" : "1756438682054874602",
      "t" : 1756438682054,
      "tn" : 1756438682054874602,
      "q" : "63600",
      "p" : "0.0005059",
      "s" : "buy",
      "i" : "SPELL_USD",
      "m" : "4611686018430479959"
    }, {
      "d" : "1756438136249848755",
      "t" : 1756438136249,
      "tn" : 1756438136249848755,
      "q" : "15000",
      "p" : "0.0005040",
      "s" : "sell",
      "i" : "SPELL_USD",
      "m" : "4611686018430479958"
    }, {
      "d" : "1756438130135129450",
      "t" : 1756438130135,
      "tn" : 1756438130135129450,
      "q" : "203500",
      "p" : "0.0005041",
      "s" : "buy",
      "i" : "SPELL_USD",
      "m" : "4611686018430479957"
    }, {
      "d" : "1756437984284693428",
      "t" : 1756437984284,
      "tn" : 1756437984284693428,
      "q" : "609000",
      "p" : "0.0005039",
      "s" : "sell",
      "i" : "SPELL_USD",
      "m" : "4611686018430479956"
    }, {
      "d" : "1756437920839656636",
      "t" : 1756437920839,
      "tn" : 1756437920839656636,
      "q" : "57500",
      "p" : "0.0005048",
      "s" : "sell",
      "i" : "SPELL_USD",
      "m" : "4611686018430479955"
    }, {
      "d" : "1756437911869264980",
      "t" : 1756437911869,
      "tn" : 1756437911869264980,
      "q" : "44500",
      "p" : "0.0005080",
      "s" : "buy",
      "i" : "SPELL_USD",
      "m" : "4611686018430479954"
    }, {
      "d" : "1756436838884846867",
      "t" : 1756436838884,
      "tn" : 1756436838884846867,
      "q" : "62300",
      "p" : "0.0005039",
      "s" : "sell",
      "i" : "SPELL_USD",
      "m" : "4611686018430479953"
    }, {
      "d" : "1756435812146892528",
      "t" : 1756435812146,
      "tn" : 1756435812146892528,
      "q" : "17100",
      "p" : "0.0005042",
      "s" : "sell",
      "i" : "SPELL_USD",
      "m" : "4611686018430479952"
    }, {
      "d" : "1756435596282014063",
      "t" : 1756435596282,
      "tn" : 1756435596282014063,
      "q" : "14400",
      "p" : "0.0005051",
      "s" : "buy",
      "i" : "SPELL_USD",
      "m" : "4611686018430479951"
    }, {
      "d" : "1756435595473235287",
      "t" : 1756435595473,
      "tn" : 1756435595473235287,
      "q" : "158400",
      "p" : "0.0005051",
      "s" : "buy",
      "i" : "SPELL_USD",
      "m" : "4611686018430479950"
    }, {
      "d" : "1756435595216238784",
      "t" : 1756435595216,
      "tn" : 1756435595216238784,
      "q" : "178200",
      "p" : "0.0005051",
      "s" : "buy",
      "i" : "SPELL_USD",
      "m" : "4611686018430479949"
    }, {
      "d" : "1756435595010753155",
      "t" : 1756435595010,
      "tn" : 1756435595010753155,
      "q" : "70300",
      "p" : "0.0005051",
      "s" : "buy",
      "i" : "SPELL_USD",
      "m" : "4611686018430479948"
    }, {
      "d" : "1756435594950525700",
      "t" : 1756435594950,
      "tn" : 1756435594950525700,
      "q" : "178200",
      "p" : "0.0005051",
      "s" : "buy",
      "i" : "SPELL_USD",
      "m" : "4611686018430479947"
    }, {
      "d" : "1756435594676575483",
      "t" : 1756435594676,
      "tn" : 1756435594676575483,
      "q" : "178200",
      "p" : "0.0005051",
      "s" : "buy",
      "i" : "SPELL_USD",
      "m" : "4611686018430479946"
    }, {
      "d" : "1756435594379209408",
      "t" : 1756435594379,
      "tn" : 1756435594379209408,
      "q" : "178200",
      "p" : "0.0005051",
      "s" : "buy",
      "i" : "SPELL_USD",
      "m" : "4611686018430479945"
    }, {
      "d" : "1756435589477081064",
      "t" : 1756435589477,
      "tn" : 1756435589477081064,
      "q" : "65700",
      "p" : "0.0005049",
      "s" : "buy",
      "i" : "SPELL_USD",
      "m" : "4611686018430479944"
    }, {
      "d" : "1756435499180056652",
      "t" : 1756435499180,
      "tn" : 1756435499180056652,
      "q" : "23200",
      "p" : "0.0005025",
      "s" : "sell",
      "i" : "SPELL_USD",
      "m" : "4611686018430479943"
    }, {
      "d" : "1756434592806820882",
      "t" : 1756434592806,
      "tn" : 1756434592806820882,
      "q" : "28700",
      "p" : "0.0005042",
      "s" : "buy",
      "i" : "SPELL_USD",
      "m" : "4611686018430479942"
    }, {
      "d" : "1756434438438637544",
      "t" : 1756434438438,
      "tn" : 1756434438438637544,
      "q" : "26700",
      "p" : "0.0005018",
      "s" : "sell",
      "i" : "SPELL_USD",
      "m" : "4611686018430479941"
    }, {
      "d" : "1756434066016890027",
      "t" : 1756434066016,
      "tn" : 1756434066016890027,
      "q" : "44500",
      "p" : "0.0005008",
      "s" : "sell",
      "i" : "SPELL_USD",
      "m" : "4611686018430479940"
    }, {
      "d" : "1756433524669865563",
      "t" : 1756433524669,
      "tn" : 1756433524669865563,
      "q" : "7600",
      "p" : "0.0005023",
      "s" : "sell",
      "i" : "SPELL_USD",
      "m" : "4611686018430479939"
    }, {
      "d" : "1756433524668420675",
      "t" : 1756433524668,
      "tn" : 1756433524668420675,
      "q" : "92400",
      "p" : "0.0005023",
      "s" : "buy",
      "i" : "SPELL_USD",
      "m" : "4611686018430479938"
    }, {
      "d" : "1756433458059891116",
      "t" : 1756433458059,
      "tn" : 1756433458059891116,
      "q" : "15300",
      "p" : "0.0004993",
      "s" : "sell",
      "i" : "SPELL_USD",
      "m" : "4611686018430479937"
    }, {
      "d" : "1756430762187009488",
      "t" : 1756430762187,
      "tn" : 1756430762187009488,
      "q" : "180000",
      "p" : "0.0004999",
      "s" : "buy",
      "i" : "SPELL_USD",
      "m" : "4611686018430479936"
    }, {
      "d" : "1756429948300609246",
      "t" : 1756429948300,
      "tn" : 1756429948300609246,
      "q" : "6100",
      "p" : "0.0005007",
      "s" : "buy",
      "i" : "SPELL_USD",
      "m" : "4611686018430479935"
    }, {
      "d" : "1756429948294220659",
      "t" : 1756429948294,
      "tn" : 1756429948294220659,
      "q" : "65900",
      "p" : "0.0005007",
      "s" : "sell",
      "i" : "SPELL_USD",
      "m" : "4611686018430479934"
    }, {
      "d" : "1756428202535897802",
      "t" : 1756428202535,
      "tn" : 1756428202535897802,
      "q" : "300300",
      "p" : "0.0005035",
      "s" : "buy",
      "i" : "SPELL_USD",
      "m" : "4611686018430479933"
    }, {
      "d" : "1756428202531268606",
      "t" : 1756428202531,
      "tn" : 1756428202531268605,
      "q" : "61400",
      "p" : "0.0005036",
      "s" : "sell",
      "i" : "SPELL_USD",
      "m" : "4611686018430479932"
    }, {
      "d" : "1756428202531268605",
      "t" : 1756428202531,
      "tn" : 1756428202531268605,
      "q" : "156400",
      "p" : "0.0005036",
      "s" : "sell",
      "i" : "SPELL_USD",
      "m" : "4611686018430479932"
    }, {
      "d" : "1756428202531263975",
      "t" : 1756428202531,
      "tn" : 1756428202531263975,
      "q" : "92400",
      "p" : "0.0005037",
      "s" : "sell",
      "i" : "SPELL_USD",
      "m" : "4611686018430479931"
    }, {
      "d" : "1756426714395442017",
      "t" : 1756426714395,
      "tn" : 1756426714395442017,
      "q" : "31700",
      "p" : "0.0005059",
      "s" : "buy",
      "i" : "SPELL_USD",
      "m" : "4611686018430479930"
    }, {
      "d" : "1756425667548381644",
      "t" : 1756425667548,
      "tn" : 1756425667548381644,
      "q" : "104100",
      "p" : "0.0005087",
      "s" : "buy",
      "i" : "SPELL_USD",
      "m" : "4611686018430479929"
    }, {
      "d" : "1756425667548379948",
      "t" : 1756425667548,
      "tn" : 1756425667548379948,
      "q" : "13800",
      "p" : "0.0005086",
      "s" : "buy",
      "i" : "SPELL_USD",
      "m" : "4611686018430479928"
    }, {
      "d" : "1756425667532367730",
      "t" : 1756425667532,
      "tn" : 1756425667532367730,
      "q" : "78600",
      "p" : "0.0005086",
      "s" : "buy",
      "i" : "SPELL_USD",
      "m" : "4611686018430479927"
    }, {
      "d" : "1756425494488920324",
      "t" : 1756425494488,
      "tn" : 1756425494488920324,
      "q" : "20000",
      "p" : "0.0005025",
      "s" : "buy",
      "i" : "SPELL_USD",
      "m" : "4611686018430479926"
    }, {
      "d" : "1756425083922739509",
      "t" : 1756425083922,
      "tn" : 1756425083922739509,
      "q" : "8800",
      "p" : "0.0005046",
      "s" : "buy",
      "i" : "SPELL_USD",
      "m" : "4611686018430479925"
    }, {
      "d" : "1756425083919318989",
      "t" : 1756425083919,
      "tn" : 1756425083919318989,
      "q" : "112600",
      "p" : "0.0005024",
      "s" : "buy",
      "i" : "SPELL_USD",
      "m" : "4611686018430479924"
    }, {
      "d" : "1756425083908836817",
      "t" : 1756425083908,
      "tn" : 1756425083908836817,
      "q" : "199000",
      "p" : "0.0005024",
      "s" : "sell",
      "i" : "SPELL_USD",
      "m" : "4611686018430479923"
    }, {
      "d" : "1756425083908833864",
      "t" : 1756425083908,
      "tn" : 1756425083908833864,
      "q" : "92400",
      "p" : "0.0005034",
      "s" : "sell",
      "i" : "SPELL_USD",
      "m" : "4611686018430479922"
    }, {
      "d" : "1756424495536981114",
      "t" : 1756424495536,
      "tn" : 1756424495536981114,
      "q" : "24200",
      "p" : "0.0005022",
      "s" : "sell",
      "i" : "SPELL_USD",
      "m" : "4611686018430479921"
    }, {
      "d" : "1756422497558354765",
      "t" : 1756422497558,
      "tn" : 1756422497558354765,
      "q" : "547600",
      "p" : "0.0005027",
      "s" : "sell",
      "i" : "SPELL_USD",
      "m" : "4611686018430479920"
    }, {
      "d" : "1756422497552930541",
      "t" : 1756422497552,
      "tn" : 1756422497552930541,
      "q" : "248100",
      "p" : "0.0005027",
      "s" : "buy",
      "i" : "SPELL_USD",
      "m" : "4611686018430479919"
    }, {
      "d" : "1756421328438020086",
      "t" : 1756421328438,
      "tn" : 1756421328438020086,
      "q" : "796000",
      "p" : "0.0005025",
      "s" : "sell",
      "i" : "SPELL_USD",
      "m" : "4611686018430479918"
    }, {
      "d" : "1756419915321067889",
      "t" : 1756419915321,
      "tn" : 1756419915321067889,
      "q" : "150400",
      "p" : "0.0005022",
      "s" : "sell",
      "i" : "SPELL_USD",
      "m" : "4611686018430479917"
    }, {
      "d" : "1756419915316768769",
      "t" : 1756419915316,
      "tn" : 1756419915316768769,
      "q" : "36700",
      "p" : "0.0005022",
      "s" : "buy",
      "i" : "SPELL_USD",
      "m" : "4611686018430479916"
    }, {
      "d" : "1756419362571919284",
      "t" : 1756419362571,
      "tn" : 1756419362571919284,
      "q" : "59200",
      "p" : "0.0004985",
      "s" : "buy",
      "i" : "SPELL_USD",
      "m" : "4611686018430479915"
    }, {
      "d" : "1756418783043551920",
      "t" : 1756418783043,
      "tn" : 1756418783043551920,
      "q" : "250000",
      "p" : "0.0005019",
      "s" : "sell",
      "i" : "SPELL_USD",
      "m" : "4611686018430479914"
    }, {
      "d" : "1756418197318079923",
      "t" : 1756418197318,
      "tn" : 1756418197318079923,
      "q" : "55700",
      "p" : "0.0004988",
      "s" : "buy",
      "i" : "SPELL_USD",
      "m" : "4611686018430479913"
    }, {
      "d" : "1756417010907030641",
      "t" : 1756417010907,
      "tn" : 1756417010907030641,
      "q" : "190900",
      "p" : "0.0005003",
      "s" : "sell",
      "i" : "SPELL_USD",
      "m" : "4611686018430479912"
    }, {
      "d" : "1756416650792392482",
      "t" : 1756416650792,
      "tn" : 1756416650792392482,
      "q" : "582200",
      "p" : "0.0004962",
      "s" : "buy",
      "i" : "SPELL_USD",
      "m" : "4611686018430479911"
    }, {
      "d" : "1756416650787683234",
      "t" : 1756416650787,
      "tn" : 1756416650787683234,
      "q" : "92400",
      "p" : "0.0004962",
      "s" : "sell",
      "i" : "SPELL_USD",
      "m" : "4611686018430479910"
    }, {
      "d" : "1756416113745109240",
      "t" : 1756416113745,
      "tn" : 1756416113745109240,
      "q" : "8400",
      "p" : "0.0004996",
      "s" : "sell",
      "i" : "SPELL_USD",
      "m" : "4611686018430479909"
    }, {
      "d" : "1756416113742626468",
      "t" : 1756416113742,
      "tn" : 1756416113742626468,
      "q" : "92400",
      "p" : "0.0004996",
      "s" : "buy",
      "i" : "SPELL_USD",
      "m" : "4611686018430479908"
    }, {
      "d" : "1756415419806613177",
      "t" : 1756415419806,
      "tn" : 1756415419806613177,
      "q" : "105100",
      "p" : "0.0004950",
      "s" : "sell",
      "i" : "SPELL_USD",
      "m" : "4611686018430479907"
    }, {
      "d" : "1756415223281749098",
      "t" : 1756415223281,
      "tn" : 1756415223281749098,
      "q" : "50000",
      "p" : "0.0004952",
      "s" : "sell",
      "i" : "SPELL_USD",
      "m" : "4611686018430479906"
    }, {
      "d" : "1756414471469416486",
      "t" : 1756414471469,
      "tn" : 1756414471469416486,
      "q" : "54400",
      "p" : "0.0004947",
      "s" : "sell",
      "i" : "SPELL_USD",
      "m" : "4611686018430479905"
    }, {
      "d" : "1756414171236298206",
      "t" : 1756414171236,
      "tn" : 1756414171236298206,
      "q" : "255900",
      "p" : "0.0004961",
      "s" : "sell",
      "i" : "SPELL_USD",
      "m" : "4611686018430479904"
    }, {
      "d" : "1756412525381174837",
      "t" : 1756412525381,
      "tn" : 1756412525381174837,
      "q" : "76000",
      "p" : "0.0004965",
      "s" : "sell",
      "i" : "SPELL_USD",
      "m" : "4611686018430479903"
    }, {
      "d" : "1756412457175482194",
      "t" : 1756412457175,
      "tn" : 1756412457175482194,
      "q" : "12200",
      "p" : "0.0004966",
      "s" : "buy",
      "i" : "SPELL_USD",
      "m" : "4611686018430479902"
    }, {
      "d" : "1756412457174809557",
      "t" : 1756412457174,
      "tn" : 1756412457174809557,
      "q" : "60400",
      "p" : "0.0004966",
      "s" : "buy",
      "i" : "SPELL_USD",
      "m" : "4611686018430479901"
    }, {
      "d" : "1756412457169195653",
      "t" : 1756412457169,
      "tn" : 1756412457169195653,
      "q" : "92400",
      "p" : "0.0004966",
      "s" : "sell",
      "i" : "SPELL_USD",
      "m" : "4611686018430479900"
    }, {
      "d" : "1756412283211281285",
      "t" : 1756412283211,
      "tn" : 1756412283211281285,
      "q" : "3400",
      "p" : "0.0004998",
      "s" : "sell",
      "i" : "SPELL_USD",
      "m" : "4611686018430479899"
    }, {
      "d" : "1756412283205987593",
      "t" : 1756412283205,
      "tn" : 1756412283205987593,
      "q" : "92400",
      "p" : "0.0004998",
      "s" : "buy",
      "i" : "SPELL_USD",
      "m" : "4611686018430479898"
    }, {
      "d" : "1756412119530981790",
      "t" : 1756412119530,
      "tn" : 1756412119530981790,
      "q" : "61800",
      "p" : "0.0004954",
      "s" : "buy",
      "i" : "SPELL_USD",
      "m" : "4611686018430479897"
    }, {
      "d" : "1756411679768551439",
      "t" : 1756411679768,
      "tn" : 1756411679768551439,
      "q" : "19400",
      "p" : "0.0004967",
      "s" : "buy",
      "i" : "SPELL_USD",
      "m" : "4611686018430479896"
    }, {
      "d" : "1756410860670027667",
      "t" : 1756410860670,
      "tn" : 1756410860670027667,
      "q" : "30600",
      "p" : "0.0004941",
      "s" : "buy",
      "i" : "SPELL_USD",
      "m" : "4611686018430479895"
    }, {
      "d" : "1756410860666311186",
      "t" : 1756410860666,
      "tn" : 1756410860666311185,
      "q" : "416900",
      "p" : "0.0004941",
      "s" : "sell",
      "i" : "SPELL_USD",
      "m" : "4611686018430479894"
    }, {
      "d" : "1756410860666311185",
      "t" : 1756410860666,
      "tn" : 1756410860666311185,
      "q" : "52500",
      "p" : "0.0004941",
      "s" : "sell",
      "i" : "SPELL_USD",
      "m" : "4611686018430479894"
    }, {
      "d" : "1756410460510545360",
      "t" : 1756410460510,
      "tn" : 1756410460510545360,
      "q" : "37700",
      "p" : "0.0004951",
      "s" : "sell",
      "i" : "SPELL_USD",
      "m" : "4611686018430479893"
    }, {
      "d" : "1756409866417986139",
      "t" : 1756409866417,
      "tn" : 1756409866417986139,
      "q" : "88400",
      "p" : "0.0004959",
      "s" : "buy",
      "i" : "SPELL_USD",
      "m" : "4611686018430479892"
    }, {
      "d" : "1756409866410399428",
      "t" : 1756409866410,
      "tn" : 1756409866410399428,
      "q" : "201600",
      "p" : "0.0004959",
      "s" : "sell",
      "i" : "SPELL_USD",
      "m" : "4611686018430479891"
    }, {
      "d" : "1756409863017978009",
      "t" : 1756409863017,
      "tn" : 1756409863017978009,
      "q" : "92400",
      "p" : "0.0004974",
      "s" : "sell",
      "i" : "SPELL_USD",
      "m" : "4611686018430479890"
    }, {
      "d" : "1756408840390385898",
      "t" : 1756408840390,
      "tn" : 1756408840390385898,
      "q" : "207200",
      "p" : "0.0005002",
      "s" : "buy",
      "i" : "SPELL_USD",
      "m" : "4611686018430479889"
    }, {
      "d" : "1756406423651758501",
      "t" : 1756406423651,
      "tn" : 1756406423651758500,
      "q" : "349700",
      "p" : "0.0005014",
      "s" : "buy",
      "i" : "SPELL_USD",
      "m" : "4611686018430479888"
    }, {
      "d" : "1756406423651758500",
      "t" : 1756406423651,
      "tn" : 1756406423651758500,
      "q" : "248600",
      "p" : "0.0005014",
      "s" : "buy",
      "i" : "SPELL_USD",
      "m" : "4611686018430479888"
    }, {
      "d" : "1756404747707809357",
      "t" : 1756404747707,
      "tn" : 1756404747707809357,
      "q" : "107600",
      "p" : "0.0004978",
      "s" : "sell",
      "i" : "SPELL_USD",
      "m" : "4611686018430479887"
    }, {
      "d" : "1756404747701808349",
      "t" : 1756404747701,
      "tn" : 1756404747701808349,
      "q" : "92400",
      "p" : "0.0004978",
      "s" : "buy",
      "i" : "SPELL_USD",
      "m" : "4611686018430479886"
    }, {
      "d" : "1756404645357431314",
      "t" : 1756404645357,
      "tn" : 1756404645357431314,
      "q" : "92400",
      "p" : "0.0004965",
      "s" : "sell",
      "i" : "SPELL_USD",
      "m" : "4611686018430479885"
    }, {
      "d" : "1756403212943032999",
      "t" : 1756403212943,
      "tn" : 1756403212943032998,
      "q" : "365800",
      "p" : "0.0004997",
      "s" : "buy",
      "i" : "SPELL_USD",
      "m" : "4611686018430479884"
    }, {
      "d" : "1756403212943032998",
      "t" : 1756403212943,
      "tn" : 1756403212943032998,
      "q" : "34400",
      "p" : "0.0004997",
      "s" : "buy",
      "i" : "SPELL_USD",
      "m" : "4611686018430479884"
    }, {
      "d" : "1756401600294495502",
      "t" : 1756401600294,
      "tn" : 1756401600294495502,
      "q" : "19300",
      "p" : "0.0004974",
      "s" : "buy",
      "i" : "SPELL_USD",
      "m" : "4611686018430479883"
    }, {
      "d" : "1756401505360306443",
      "t" : 1756401505360,
      "tn" : 1756401505360306443,
      "q" : "19300",
      "p" : "0.0004967",
      "s" : "buy",
      "i" : "SPELL_USD",
      "m" : "4611686018430479882"
    }, {
      "d" : "1756401462174556418",
      "t" : 1756401462174,
      "tn" : 1756401462174556418,
      "q" : "19400",
      "p" : "0.0004960",
      "s" : "buy",
      "i" : "SPELL_USD",
      "m" : "4611686018430479881"
    }, {
      "d" : "1756401422495926902",
      "t" : 1756401422495,
      "tn" : 1756401422495926902,
      "q" : "19400",
      "p" : "0.0004967",
      "s" : "sell",
      "i" : "SPELL_USD",
      "m" : "4611686018430479880"
    }, {
      "d" : "1756400830014219220",
      "t" : 1756400830014,
      "tn" : 1756400830014219220,
      "q" : "4900",
      "p" : "0.0004930",
      "s" : "buy",
      "i" : "SPELL_USD",
      "m" : "4611686018430479879"
    }, {
      "d" : "1756400830013887757",
      "t" : 1756400830013,
      "tn" : 1756400830013887757,
      "q" : "419100",
      "p" : "0.0004930",
      "s" : "buy",
      "i" : "SPELL_USD",
      "m" : "4611686018430479878"
    }, {
      "d" : "1756400830007246648",
      "t" : 1756400830007,
      "tn" : 1756400830007246648,
      "q" : "8800",
      "p" : "0.0004939",
      "s" : "sell",
      "i" : "SPELL_USD",
      "m" : "4611686018430479877"
    }, {
      "d" : "1756400830007243794",
      "t" : 1756400830007,
      "tn" : 1756400830007243794,
      "q" : "152900",
      "p" : "0.0004940",
      "s" : "sell",
      "i" : "SPELL_USD",
      "m" : "4611686018430479876"
    }, {
      "d" : "1756400692458244761",
      "t" : 1756400692458,
      "tn" : 1756400692458244761,
      "q" : "15200",
      "p" : "0.0004944",
      "s" : "buy",
      "i" : "SPELL_USD",
      "m" : "4611686018430479875"
    }, {
      "d" : "1756399623480216289",
      "t" : 1756399623480,
      "tn" : 1756399623480216289,
      "q" : "613000",
      "p" : "0.0004993",
      "s" : "sell",
      "i" : "SPELL_USD",
      "m" : "4611686018430479874"
    }, {
      "d" : "1756399518634645792",
      "t" : 1756399518634,
      "tn" : 1756399518634645792,
      "q" : "618700",
      "p" : "0.0004994",
      "s" : "sell",
      "i" : "SPELL_USD",
      "m" : "4611686018430479873"
    }, {
      "d" : "1756397379105610341",
      "t" : 1756397379105,
      "tn" : 1756397379105610341,
      "q" : "16800",
      "p" : "0.0004974",
      "s" : "sell",
      "i" : "SPELL_USD",
      "m" : "4611686018430479872"
    }, {
      "d" : "1756396298972304323",
      "t" : 1756396298972,
      "tn" : 1756396298972304323,
      "q" : "183600",
      "p" : "0.0004952",
      "s" : "sell",
      "i" : "SPELL_USD",
      "m" : "4611686018430479871"
    }, {
      "d" : "1756395744856901651",
      "t" : 1756395744856,
      "tn" : 1756395744856901651,
      "q" : "95700",
      "p" : "0.0004979",
      "s" : "sell",
      "i" : "SPELL_USD",
      "m" : "4611686018430479870"
    }, {
      "d" : "1756392944446944877",
      "t" : 1756392944446,
      "tn" : 1756392944446944877,
      "q" : "608200",
      "p" : "0.0005010",
      "s" : "sell",
      "i" : "SPELL_USD",
      "m" : "4611686018430479869"
    }, {
      "d" : "1756392571171865491",
      "t" : 1756392571171,
      "tn" : 1756392571171865491,
      "q" : "39600",
      "p" : "0.0005008",
      "s" : "buy",
      "i" : "SPELL_USD",
      "m" : "4611686018430479868"
    }, {
      "d" : "1756392013038620577",
      "t" : 1756392013038,
      "tn" : 1756392013038620577,
      "q" : "68900",
      "p" : "0.0004994",
      "s" : "sell",
      "i" : "SPELL_USD",
      "m" : "4611686018430479867"
    }, {
      "d" : "1756391921338296194",
      "t" : 1756391921338,
      "tn" : 1756391921338296194,
      "q" : "623100",
      "p" : "0.0004996",
      "s" : "sell",
      "i" : "SPELL_USD",
      "m" : "4611686018430479866"
    }, {
      "d" : "1756391354552505531",
      "t" : 1756391354552,
      "tn" : 1756391354552505531,
      "q" : "50900",
      "p" : "0.0004985",
      "s" : "sell",
      "i" : "SPELL_USD",
      "m" : "4611686018430479865"
    }, {
      "d" : "1756391075920369903",
      "t" : 1756391075920,
      "tn" : 1756391075920369903,
      "q" : "50000",
      "p" : "0.0005004",
      "s" : "buy",
      "i" : "SPELL_USD",
      "m" : "4611686018430479864"
    }, {
      "d" : "1756391075917972330",
      "t" : 1756391075917,
      "tn" : 1756391075917972330,
      "q" : "63000",
      "p" : "0.0005004",
      "s" : "sell",
      "i" : "SPELL_USD",
      "m" : "4611686018430479863"
    }, {
      "d" : "1756390715316963830",
      "t" : 1756390715316,
      "tn" : 1756390715316963830,
      "q" : "208500",
      "p" : "0.0005002",
      "s" : "sell",
      "i" : "SPELL_USD",
      "m" : "4611686018430479862"
    }, {
      "d" : "1756390715316961105",
      "t" : 1756390715316,
      "tn" : 1756390715316961105,
      "q" : "199800",
      "p" : "0.0005003",
      "s" : "sell",
      "i" : "SPELL_USD",
      "m" : "4611686018430479861"
    }, {
      "d" : "1756390190221264829",
      "t" : 1756390190221,
      "tn" : 1756390190221264829,
      "q" : "351500",
      "p" : "0.0004999",
      "s" : "buy",
      "i" : "SPELL_USD",
      "m" : "4611686018430479860"
    }, {
      "d" : "1756390190221028977",
      "t" : 1756390190221,
      "tn" : 1756390190221028977,
      "q" : "58100",
      "p" : "0.0004999",
      "s" : "buy",
      "i" : "SPELL_USD",
      "m" : "4611686018430479859"
    }, {
      "d" : "1756390104571125931",
      "t" : 1756390104571,
      "tn" : 1756390104571125931,
      "q" : "5300",
      "p" : "0.0005029",
      "s" : "sell",
      "i" : "SPELL_USD",
      "m" : "4611686018430479858"
    }, {
      "d" : "1756390104568202255",
      "t" : 1756390104568,
      "tn" : 1756390104568202255,
      "q" : "246900",
      "p" : "0.0005029",
      "s" : "buy",
      "i" : "SPELL_USD",
      "m" : "4611686018430479857"
    }, {
      "d" : "1756389259520071459",
      "t" : 1756389259520,
      "tn" : 1756389259520071459,
      "q" : "626000",
      "p" : "0.0004985",
      "s" : "sell",
      "i" : "SPELL_USD",
      "m" : "4611686018430479856"
    }, {
      "d" : "1756388798522054613",
      "t" : 1756388798522,
      "tn" : 1756388798522054613,
      "q" : "21200",
      "p" : "0.0004999",
      "s" : "sell",
      "i" : "SPELL_USD",
      "m" : "4611686018430479855"
    }, {
      "d" : "1756388343737726756",
      "t" : 1756388343737,
      "tn" : 1756388343737726756,
      "q" : "17400",
      "p" : "0.0005042",
      "s" : "buy",
      "i" : "SPELL_USD",
      "m" : "4611686018430479854"
    }, {
      "d" : "1756388092110227454",
      "t" : 1756388092110,
      "tn" : 1756388092110227454,
      "q" : "55500",
      "p" : "0.0005024",
      "s" : "sell",
      "i" : "SPELL_USD",
      "m" : "4611686018430479853"
    } ]
  }
}