{
  "id" : -1,
  "method" : "public/get-trades",
  "code" : 0,
  "result" : {
    "data" : [ {
      "d" : "1756458166437457304",
      "t" : 1756458166437,
      "tn" : 1756458166437457304,
      "q" : "314",
      "p" : "0.057174",
      "s" : "sell",
      "i" : "SPK_USD",
      "m" : "4611686018427433515"
    }, {
      "d" : "1756458166422301046",
      "t" : 1756458166422,
      "tn" : 1756458166422301046,
      "q" : "35",
      "p" : "0.057174",
      "s" : "sell",
      "i" : "SPK_USD",
      "m" : "4611686018427433514"
    }, {
      "d" : "1756455775119752973",
      "t" : 1756455775119,
      "tn" : 1756455775119752973,
      "q" : "246",
      "p" : "0.058288",
      "s" : "sell",
      "i" : "SPK_USD",
      "m" : "4611686018427433513"
    }, {
      "d" : "1756453993031802767",
      "t" : 1756453993031,
      "tn" : 1756453993031802767,
      "q" : "112",
      "p" : "0.058970",
      "s" : "sell",
      "i" : "SPK_USD",
      "m" : "4611686018427433512"
    }, {
      "d" : "1756453970538026610",
      "t" : 1756453970538,
      "tn" : 1756453970538026610,
      "q" : "34",
      "p" : "0.058970",
      "s" : "sell",
      "i" : "SPK_USD",
      "m" : "4611686018427433511"
    }, {
      "d" : "1756453926865150865",
      "t" : 1756453926865,
      "tn" : 1756453926865150865,
      "q" : "193",
      "p" : "0.058970",
      "s" : "sell",
      "i" : "SPK_USD",
      "m" : "4611686018427433510"
    }, {
      "d" : "1756452397937099588",
      "t" : 1756452397937,
      "tn" : 1756452397937099588,
      "q" : "1187",
      "p" : "0.059655",
      "s" : "buy",
      "i" : "SPK_USD",
      "m" : "4611686018427433509"
    }, {
      "d" : "1756452397824372865",
      "t" : 1756452397824,
      "tn" : 1756452397824372865,
      "q" : "163",
      "p" : "0.059484",
      "s" : "sell",
      "i" : "SPK_USD",
      "m" : "4611686018427433508"
    }, {
      "d" : "1756452397824189923",
      "t" : 1756452397824,
      "tn" : 1756452397824189923,
      "q" : "79",
      "p" : "0.059484",
      "s" : "sell",
      "i" : "SPK_USD",
      "m" : "4611686018427433507"
    }, {
      "d" : "1756452393087699935",
      "t" : 1756452393087,
      "tn" : 1756452393087699935,
      "q" : "243",
      "p" : "0.059912",
      "s" : "sell",
      "i" : "SPK_USD",
      "m" : "4611686018427433506"
    }, {
      "d" : "1756449517314859745",
      "t" : 1756449517314,
      "tn" : 1756449517314859745,
      "q" : "1133",
      "p" : "0.060536",
      "s" : "buy",
      "i" : "SPK_USD",
      "m" : "4611686018427433505"
    }, {
      "d" : "1756422825842124481",
      "t" : 1756422825842,
      "tn" : 1756422825842124481,
      "q" : "9563",
      "p" : "0.060943",
      "s" : "sell",
      "i" : "SPK_USD",
      "m" : "4611686018427433504"
    }, {
      "d" : "1756412087411991906",
      "t" : 1756412087411,
      "tn" : 1756412087411991906,
      "q" : "240",
      "p" : "0.060248",
      "s" : "buy",
      "i" : "SPK_USD",
      "m" : "4611686018427433503"
    }, {
      "d" : "1756400401149811972",
      "t" : 1756400401149,
      "tn" : 1756400401149811972,
      "q" : "248",
      "p" : "0.060042",
      "s" : "sell",
      "i" : "SPK_USD",
      "m" : "4611686018427433502"
    }, {
      "d" : "1756400045750605791",
      "t" : 1756400045750,
      "tn" : 1756400045750605791,
      "q" : "329",
      "p" : "0.060766",
      "s" : "sell",
      "i" : "SPK_USD",
      "m" : "4611686018427433501"
    }, {
      "d" : "1756398215704597037",
      "t" : 1756398215704,
      "tn" : 1756398215704597037,
      "q" : "246",
      "p" : "0.061244",
      "s" : "sell",
      "i" : "SPK_USD",
      "m" : "4611686018427433500"
    }, {
      "d" : "1756391338440416040",
      "t" : 1756391338440,
      "tn" : 1756391338440416040,
      "q" : "245",
      "p" : "0.061406",
      "s" : "sell",
      "i" : "SPK_USD",
      "m" : "4611686018427433499"
    }, {
      "d" : "1756388154768059191",
      "t" : 1756388154768,
      "tn" : 1756388154768059191,
      "q" : "248",
      "p" : "0.062074",
      "s" : "buy",
      "i" : "SPK_USD",
      "m" : "4611686018427433498"
    }, {
      "d" : "1756388003234715177",
      "t" : 1756388003234,
      "tn" : 1756388003234715177,
      "q" : "246",
      "p" : "0.061868",
      "s" : "sell",
      "i" : "SPK_USD",
      "m" : "4611686018427433497"
    }, {
      "d" : "1756387525213782555",
      "t" : 1756387525213,
      "tn" : 1756387525213782555,
      "q" : "261",
      "p" : "0.062023",
      "s" : "sell",
      "i" : "SPK_USD",
      "m" : "4611686018427433496"
    }, {
      "d" : "1756386105145784120",
      "t" : 1756386105145,
      "tn" : 1756386105145784120,
      "q" : "249",
      "p" : "0.061987",
      "s" : "sell",
      "i" : "SPK_USD",
      "m" : "4611686018427433495"
    }, {
      "d" : "1756384004135110752",
      "t" : 1756384004135,
      "tn" : 1756384004135110752,
      "q" : "537",
      "p" : "0.061715",
      "s" : "sell",
      "i" : "SPK_USD",
      "m" : "4611686018427433494"
    } ]
  }
}