{
  "id" : -1,
  "method" : "public/get-trades",
  "code" : 0,
  "result" : {
    "data" : [ {
      "d" : "1756453945841259086",
      "t" : 1756453945841,
      "tn" : 1756453945841259086,
      "q" : "110",
      "p" : "0.058926",
      "s" : "sell",
      "i" : "SPKUSD-PERP",
      "m" : "4611686018427839816"
    }, {
      "d" : "1756453945531267180",
      "t" : 1756453945531,
      "tn" : 1756453945531267180,
      "q" : "1690",
      "p" : "0.058926",
      "s" : "sell",
      "i" : "SPKUSD-PERP",
      "m" : "4611686018427839815"
    }, {
      "d" : "1756453945221410583",
      "t" : 1756453945221,
      "tn" : 1756453945221410583,
      "q" : "1690",
      "p" : "0.058926",
      "s" : "sell",
      "i" : "SPKUSD-PERP",
      "m" : "4611686018427839814"
    }, {
      "d" : "1756453944911248501",
      "t" : 1756453944911,
      "tn" : 1756453944911248501,
      "q" : "1690",
      "p" : "0.058926",
      "s" : "sell",
      "i" : "SPKUSD-PERP",
      "m" : "4611686018427839813"
    }, {
      "d" : "1756453934601606458",
      "t" : 1756453934601,
      "tn" : 1756453934601606458,
      "q" : "1690",
      "p" : "0.058926",
      "s" : "sell",
      "i" : "SPKUSD-PERP",
      "m" : "4611686018427839812"
    }, {
      "d" : "1756453934291298839",
      "t" : 1756453934291,
      "tn" : 1756453934291298839,
      "q" : "1690",
      "p" : "0.058926",
      "s" : "sell",
      "i" : "SPKUSD-PERP",
      "m" : "4611686018427839811"
    }, {
      "d" : "1756453933981250850",
      "t" : 1756453933981,
      "tn" : 1756453933981250850,
      "q" : "1690",
      "p" : "0.058926",
      "s" : "sell",
      "i" : "SPKUSD-PERP",
      "m" : "4611686018427839810"
    }, {
      "d" : "1756453933441207917",
      "t" : 1756453933441,
      "tn" : 1756453933441207917,
      "q" : "1690",
      "p" : "0.058926",
      "s" : "sell",
      "i" : "SPKUSD-PERP",
      "m" : "4611686018427839809"
    }, {
      "d" : "1756453933131301540",
      "t" : 1756453933131,
      "tn" : 1756453933131301540,
      "q" : "1690",
      "p" : "0.058926",
      "s" : "sell",
      "i" : "SPKUSD-PERP",
      "m" : "4611686018427839808"
    }, {
      "d" : "1756453932821217124",
      "t" : 1756453932821,
      "tn" : 1756453932821217124,
      "q" : "1690",
      "p" : "0.058926",
      "s" : "sell",
      "i" : "SPKUSD-PERP",
      "m" : "4611686018427839807"
    }, {
      "d" : "1756453932511272289",
      "t" : 1756453932511,
      "tn" : 1756453932511272289,
      "q" : "1690",
      "p" : "0.058926",
      "s" : "sell",
      "i" : "SPKUSD-PERP",
      "m" : "4611686018427839806"
    }, {
      "d" : "1756453932201245472",
      "t" : 1756453932201,
      "tn" : 1756453932201245472,
      "q" : "1690",
      "p" : "0.058926",
      "s" : "sell",
      "i" : "SPKUSD-PERP",
      "m" : "4611686018427839805"
    }, {
      "d" : "1756453928649427283",
      "t" : 1756453928649,
      "tn" : 1756453928649427283,
      "q" : "10",
      "p" : "0.058879",
      "s" : "buy",
      "i" : "SPKUSD-PERP",
      "m" : "4611686018427839804"
    }, {
      "d" : "1756452409715776738",
      "t" : 1756452409715,
      "tn" : 1756452409715776738,
      "q" : "1680",
      "p" : "0.059364",
      "s" : "buy",
      "i" : "SPKUSD-PERP",
      "m" : "4611686018427839803"
    }, {
      "d" : "1756452397830434865",
      "t" : 1756452397830,
      "tn" : 1756452397830434865,
      "q" : "15690",
      "p" : "0.059364",
      "s" : "sell",
      "i" : "SPKUSD-PERP",
      "m" : "4611686018427839802"
    }, {
      "d" : "1756452397825770072",
      "t" : 1756452397825,
      "tn" : 1756452397825770072,
      "q" : "10",
      "p" : "0.059412",
      "s" : "sell",
      "i" : "SPKUSD-PERP",
      "m" : "4611686018427839801"
    }, {
      "d" : "1756452397765717774",
      "t" : 1756452397765,
      "tn" : 1756452397765717774,
      "q" : "10",
      "p" : "0.059604",
      "s" : "sell",
      "i" : "SPKUSD-PERP",
      "m" : "4611686018427839800"
    }, {
      "d" : "1756452397765716007",
      "t" : 1756452397765,
      "tn" : 1756452397765716007,
      "q" : "10",
      "p" : "0.059605",
      "s" : "sell",
      "i" : "SPKUSD-PERP",
      "m" : "4611686018427839799"
    }, {
      "d" : "1756452394008493284",
      "t" : 1756452394008,
      "tn" : 1756452394008493284,
      "q" : "10",
      "p" : "0.059706",
      "s" : "sell",
      "i" : "SPKUSD-PERP",
      "m" : "4611686018427839798"
    }, {
      "d" : "1756452393256432481",
      "t" : 1756452393256,
      "tn" : 1756452393256432481,
      "q" : "10",
      "p" : "0.059710",
      "s" : "buy",
      "i" : "SPKUSD-PERP",
      "m" : "4611686018427839797"
    }, {
      "d" : "1756452393089455315",
      "t" : 1756452393089,
      "tn" : 1756452393089455315,
      "q" : "10",
      "p" : "0.059844",
      "s" : "sell",
      "i" : "SPKUSD-PERP",
      "m" : "4611686018427839796"
    }, {
      "d" : "1756452393089453485",
      "t" : 1756452393089,
      "tn" : 1756452393089453485,
      "q" : "10",
      "p" : "0.059846",
      "s" : "sell",
      "i" : "SPKUSD-PERP",
      "m" : "4611686018427839795"
    }, {
      "d" : "1756452096387701368",
      "t" : 1756452096387,
      "tn" : 1756452096387701368,
      "q" : "10",
      "p" : "0.060338",
      "s" : "sell",
      "i" : "SPKUSD-PERP",
      "m" : "4611686018427839794"
    }, {
      "d" : "1756452096387698916",
      "t" : 1756452096387,
      "tn" : 1756452096387698916,
      "q" : "10",
      "p" : "0.060348",
      "s" : "sell",
      "i" : "SPKUSD-PERP",
      "m" : "4611686018427839793"
    }, {
      "d" : "1756451753259258619",
      "t" : 1756451753259,
      "tn" : 1756451753259258619,
      "q" : "10",
      "p" : "0.060189",
      "s" : "sell",
      "i" : "SPKUSD-PERP",
      "m" : "4611686018427839792"
    }, {
      "d" : "1756451753259256155",
      "t" : 1756451753259,
      "tn" : 1756451753259256155,
      "q" : "10",
      "p" : "0.060192",
      "s" : "sell",
      "i" : "SPKUSD-PERP",
      "m" : "4611686018427839791"
    }, {
      "d" : "1756451719310489747",
      "t" : 1756451719310,
      "tn" : 1756451719310489747,
      "q" : "10",
      "p" : "0.060276",
      "s" : "sell",
      "i" : "SPKUSD-PERP",
      "m" : "4611686018427839790"
    }, {
      "d" : "1756451585217263494",
      "t" : 1756451585217,
      "tn" : 1756451585217263494,
      "q" : "10",
      "p" : "0.060030",
      "s" : "sell",
      "i" : "SPKUSD-PERP",
      "m" : "4611686018427839789"
    }, {
      "d" : "1756451585217261308",
      "t" : 1756451585217,
      "tn" : 1756451585217261308,
      "q" : "10",
      "p" : "0.060033",
      "s" : "sell",
      "i" : "SPKUSD-PERP",
      "m" : "4611686018427839788"
    }, {
      "d" : "1756451558038940406",
      "t" : 1756451558038,
      "tn" : 1756451558038940406,
      "q" : "10",
      "p" : "0.060011",
      "s" : "sell",
      "i" : "SPKUSD-PERP",
      "m" : "4611686018427839787"
    }, {
      "d" : "1756451557568711737",
      "t" : 1756451557568,
      "tn" : 1756451557568711736,
      "q" : "10",
      "p" : "0.060102",
      "s" : "sell",
      "i" : "SPKUSD-PERP",
      "m" : "4611686018427839786"
    }, {
      "d" : "1756451557568711736",
      "t" : 1756451557568,
      "tn" : 1756451557568711736,
      "q" : "10",
      "p" : "0.060102",
      "s" : "sell",
      "i" : "SPKUSD-PERP",
      "m" : "4611686018427839786"
    }, {
      "d" : "1756451508257879991",
      "t" : 1756451508257,
      "tn" : 1756451508257879991,
      "q" : "10",
      "p" : "0.060192",
      "s" : "sell",
      "i" : "SPKUSD-PERP",
      "m" : "4611686018427839785"
    }, {
      "d" : "1756451508257878023",
      "t" : 1756451508257,
      "tn" : 1756451508257878023,
      "q" : "10",
      "p" : "0.060193",
      "s" : "sell",
      "i" : "SPKUSD-PERP",
      "m" : "4611686018427839784"
    }, {
      "d" : "1756451382418712637",
      "t" : 1756451382418,
      "tn" : 1756451382418712637,
      "q" : "10",
      "p" : "0.060534",
      "s" : "sell",
      "i" : "SPKUSD-PERP",
      "m" : "4611686018427839783"
    }, {
      "d" : "1756451380329952124",
      "t" : 1756451380329,
      "tn" : 1756451380329952124,
      "q" : "10",
      "p" : "0.060566",
      "s" : "sell",
      "i" : "SPKUSD-PERP",
      "m" : "4611686018427839782"
    }, {
      "d" : "1756451379776741656",
      "t" : 1756451379776,
      "tn" : 1756451379776741655,
      "q" : "10",
      "p" : "0.060635",
      "s" : "sell",
      "i" : "SPKUSD-PERP",
      "m" : "4611686018427839781"
    }, {
      "d" : "1756451379776741655",
      "t" : 1756451379776,
      "tn" : 1756451379776741655,
      "q" : "10",
      "p" : "0.060635",
      "s" : "sell",
      "i" : "SPKUSD-PERP",
      "m" : "4611686018427839781"
    }, {
      "d" : "1756451282436028500",
      "t" : 1756451282436,
      "tn" : 1756451282436028500,
      "q" : "10",
      "p" : "0.060718",
      "s" : "sell",
      "i" : "SPKUSD-PERP",
      "m" : "4611686018427839780"
    }, {
      "d" : "1756451280730724314",
      "t" : 1756451280730,
      "tn" : 1756451280730724314,
      "q" : "10",
      "p" : "0.060789",
      "s" : "sell",
      "i" : "SPKUSD-PERP",
      "m" : "4611686018427839779"
    }, {
      "d" : "1756451034401316003",
      "t" : 1756451034401,
      "tn" : 1756451034401316003,
      "q" : "1640",
      "p" : "0.060696",
      "s" : "buy",
      "i" : "SPKUSD-PERP",
      "m" : "4611686018427839778"
    }, {
      "d" : "1756450868125859165",
      "t" : 1756450868125,
      "tn" : 1756450868125859165,
      "q" : "1640",
      "p" : "0.060888",
      "s" : "buy",
      "i" : "SPKUSD-PERP",
      "m" : "4611686018427839777"
    }, {
      "d" : "1756450829131761538",
      "t" : 1756450829131,
      "tn" : 1756450829131761538,
      "q" : "1640",
      "p" : "0.060840",
      "s" : "buy",
      "i" : "SPKUSD-PERP",
      "m" : "4611686018427839776"
    }, {
      "d" : "1756450819780558990",
      "t" : 1756450819780,
      "tn" : 1756450819780558990,
      "q" : "1640",
      "p" : "0.060840",
      "s" : "buy",
      "i" : "SPKUSD-PERP",
      "m" : "4611686018427839775"
    }, {
      "d" : "1756450471785663793",
      "t" : 1756450471785,
      "tn" : 1756450471785663793,
      "q" : "1640",
      "p" : "0.060720",
      "s" : "buy",
      "i" : "SPKUSD-PERP",
      "m" : "4611686018427839774"
    }, {
      "d" : "1756450471285611946",
      "t" : 1756450471285,
      "tn" : 1756450471285611946,
      "q" : "1640",
      "p" : "0.060720",
      "s" : "buy",
      "i" : "SPKUSD-PERP",
      "m" : "4611686018427839773"
    }, {
      "d" : "1756450470786492822",
      "t" : 1756450470786,
      "tn" : 1756450470786492822,
      "q" : "1640",
      "p" : "0.060720",
      "s" : "buy",
      "i" : "SPKUSD-PERP",
      "m" : "4611686018427839772"
    }, {
      "d" : "1756450133939767315",
      "t" : 1756450133939,
      "tn" : 1756450133939767315,
      "q" : "1650",
      "p" : "0.060528",
      "s" : "buy",
      "i" : "SPKUSD-PERP",
      "m" : "4611686018427839771"
    }, {
      "d" : "1756450097833666159",
      "t" : 1756450097833,
      "tn" : 1756450097833666159,
      "q" : "1650",
      "p" : "0.060468",
      "s" : "buy",
      "i" : "SPKUSD-PERP",
      "m" : "4611686018427839770"
    }, {
      "d" : "1756449879286187349",
      "t" : 1756449879286,
      "tn" : 1756449879286187349,
      "q" : "1650",
      "p" : "0.060396",
      "s" : "buy",
      "i" : "SPKUSD-PERP",
      "m" : "4611686018427839769"
    }, {
      "d" : "1756447581173573782",
      "t" : 1756447581173,
      "tn" : 1756447581173573782,
      "q" : "10",
      "p" : "0.060381",
      "s" : "buy",
      "i" : "SPKUSD-PERP",
      "m" : "4611686018427839768"
    }, {
      "d" : "1756446859505001062",
      "t" : 1756446859505,
      "tn" : 1756446859505001062,
      "q" : "10",
      "p" : "0.060460",
      "s" : "buy",
      "i" : "SPKUSD-PERP",
      "m" : "4611686018427839767"
    }, {
      "d" : "1756446360699266335",
      "t" : 1756446360699,
      "tn" : 1756446360699266335,
      "q" : "1640",
      "p" : "0.060612",
      "s" : "buy",
      "i" : "SPKUSD-PERP",
      "m" : "4611686018427839766"
    }, {
      "d" : "1756446360699264223",
      "t" : 1756446360699,
      "tn" : 1756446360699264223,
      "q" : "10",
      "p" : "0.060594",
      "s" : "buy",
      "i" : "SPKUSD-PERP",
      "m" : "4611686018427839765"
    }, {
      "d" : "1756446360695237562",
      "t" : 1756446360695,
      "tn" : 1756446360695237562,
      "q" : "10",
      "p" : "0.060559",
      "s" : "buy",
      "i" : "SPKUSD-PERP",
      "m" : "4611686018427839764"
    }, {
      "d" : "1756443662939628928",
      "t" : 1756443662939,
      "tn" : 1756443662939628928,
      "q" : "10",
      "p" : "0.060378",
      "s" : "buy",
      "i" : "SPKUSD-PERP",
      "m" : "4611686018427839763"
    }, {
      "d" : "1756442682278963023",
      "t" : 1756442682278,
      "tn" : 1756442682278963023,
      "q" : "10",
      "p" : "0.060529",
      "s" : "buy",
      "i" : "SPKUSD-PERP",
      "m" : "4611686018427839762"
    }, {
      "d" : "1756442497944709055",
      "t" : 1756442497944,
      "tn" : 1756442497944709055,
      "q" : "10",
      "p" : "0.060687",
      "s" : "buy",
      "i" : "SPKUSD-PERP",
      "m" : "4611686018427839761"
    }, {
      "d" : "1756442001399397330",
      "t" : 1756442001399,
      "tn" : 1756442001399397330,
      "q" : "10",
      "p" : "0.060709",
      "s" : "buy",
      "i" : "SPKUSD-PERP",
      "m" : "4611686018427839760"
    }, {
      "d" : "1756441975776282831",
      "t" : 1756441975776,
      "tn" : 1756441975776282831,
      "q" : "10",
      "p" : "0.060635",
      "s" : "buy",
      "i" : "SPKUSD-PERP",
      "m" : "4611686018427839759"
    }, {
      "d" : "1756441357210951241",
      "t" : 1756441357210,
      "tn" : 1756441357210951241,
      "q" : "10",
      "p" : "0.060623",
      "s" : "buy",
      "i" : "SPKUSD-PERP",
      "m" : "4611686018427839758"
    }, {
      "d" : "1756441283108516099",
      "t" : 1756441283108,
      "tn" : 1756441283108516099,
      "q" : "10",
      "p" : "0.060622",
      "s" : "buy",
      "i" : "SPKUSD-PERP",
      "m" : "4611686018427839757"
    }, {
      "d" : "1756441268257495160",
      "t" : 1756441268257,
      "tn" : 1756441268257495160,
      "q" : "10",
      "p" : "0.060601",
      "s" : "buy",
      "i" : "SPKUSD-PERP",
      "m" : "4611686018427839756"
    }, {
      "d" : "1756441082201001342",
      "t" : 1756441082201,
      "tn" : 1756441082201001342,
      "q" : "10",
      "p" : "0.060625",
      "s" : "buy",
      "i" : "SPKUSD-PERP",
      "m" : "4611686018427839755"
    }, {
      "d" : "1756440902175385809",
      "t" : 1756440902175,
      "tn" : 1756440902175385809,
      "q" : "10",
      "p" : "0.060718",
      "s" : "buy",
      "i" : "SPKUSD-PERP",
      "m" : "4611686018427839754"
    }, {
      "d" : "1756440881277539066",
      "t" : 1756440881277,
      "tn" : 1756440881277539066,
      "q" : "10",
      "p" : "0.060687",
      "s" : "buy",
      "i" : "SPKUSD-PERP",
      "m" : "4611686018427839753"
    }, {
      "d" : "1756440724470605077",
      "t" : 1756440724470,
      "tn" : 1756440724470605077,
      "q" : "10",
      "p" : "0.060566",
      "s" : "buy",
      "i" : "SPKUSD-PERP",
      "m" : "4611686018427839752"
    }, {
      "d" : "1756440363412650875",
      "t" : 1756440363412,
      "tn" : 1756440363412650875,
      "q" : "20370",
      "p" : "0.060653",
      "s" : "sell",
      "i" : "SPKUSD-PERP",
      "m" : "4611686018427839751"
    }, {
      "d" : "1756440363040587876",
      "t" : 1756440363040,
      "tn" : 1756440363040587876,
      "q" : "10",
      "p" : "0.060723",
      "s" : "sell",
      "i" : "SPKUSD-PERP",
      "m" : "4611686018427839750"
    }, {
      "d" : "1756440363040585782",
      "t" : 1756440363040,
      "tn" : 1756440363040585782,
      "q" : "10",
      "p" : "0.060726",
      "s" : "sell",
      "i" : "SPKUSD-PERP",
      "m" : "4611686018427839749"
    }, {
      "d" : "1756440362228126804",
      "t" : 1756440362228,
      "tn" : 1756440362228126804,
      "q" : "10",
      "p" : "0.060794",
      "s" : "sell",
      "i" : "SPKUSD-PERP",
      "m" : "4611686018427839748"
    }, {
      "d" : "1756440362221929875",
      "t" : 1756440362221,
      "tn" : 1756440362221929875,
      "q" : "10",
      "p" : "0.060804",
      "s" : "sell",
      "i" : "SPKUSD-PERP",
      "m" : "4611686018427839747"
    }, {
      "d" : "1756440337912034981",
      "t" : 1756440337912,
      "tn" : 1756440337912034981,
      "q" : "10",
      "p" : "0.060887",
      "s" : "sell",
      "i" : "SPKUSD-PERP",
      "m" : "4611686018427839746"
    }, {
      "d" : "1756440241200536135",
      "t" : 1756440241200,
      "tn" : 1756440241200536135,
      "q" : "10",
      "p" : "0.061008",
      "s" : "sell",
      "i" : "SPKUSD-PERP",
      "m" : "4611686018427839745"
    }, {
      "d" : "1756440168519309525",
      "t" : 1756440168519,
      "tn" : 1756440168519309525,
      "q" : "10",
      "p" : "0.061038",
      "s" : "sell",
      "i" : "SPKUSD-PERP",
      "m" : "4611686018427839744"
    }, {
      "d" : "1756440072645772737",
      "t" : 1756440072645,
      "tn" : 1756440072645772737,
      "q" : "10",
      "p" : "0.061008",
      "s" : "sell",
      "i" : "SPKUSD-PERP",
      "m" : "4611686018427839743"
    }, {
      "d" : "1756440057065250151",
      "t" : 1756440057065,
      "tn" : 1756440057065250151,
      "q" : "10",
      "p" : "0.060918",
      "s" : "sell",
      "i" : "SPKUSD-PERP",
      "m" : "4611686018427839742"
    }, {
      "d" : "1756440002118554877",
      "t" : 1756440002118,
      "tn" : 1756440002118554877,
      "q" : "10",
      "p" : "0.060978",
      "s" : "sell",
      "i" : "SPKUSD-PERP",
      "m" : "4611686018427839741"
    }, {
      "d" : "1756439846377327622",
      "t" : 1756439846377,
      "tn" : 1756439846377327622,
      "q" : "10",
      "p" : "0.061068",
      "s" : "sell",
      "i" : "SPKUSD-PERP",
      "m" : "4611686018427839740"
    }, {
      "d" : "1756439794781453067",
      "t" : 1756439794781,
      "tn" : 1756439794781453067,
      "q" : "1630",
      "p" : "0.061036",
      "s" : "sell",
      "i" : "SPKUSD-PERP",
      "m" : "4611686018427839739"
    }, {
      "d" : "1756439794776013056",
      "t" : 1756439794776,
      "tn" : 1756439794776013056,
      "q" : "10",
      "p" : "0.061098",
      "s" : "sell",
      "i" : "SPKUSD-PERP",
      "m" : "4611686018427839738"
    }, {
      "d" : "1756439596298748323",
      "t" : 1756439596298,
      "tn" : 1756439596298748323,
      "q" : "10",
      "p" : "0.061206",
      "s" : "sell",
      "i" : "SPKUSD-PERP",
      "m" : "4611686018427839737"
    }, {
      "d" : "1756439581774539341",
      "t" : 1756439581774,
      "tn" : 1756439581774539341,
      "q" : "10",
      "p" : "0.061247",
      "s" : "sell",
      "i" : "SPKUSD-PERP",
      "m" : "4611686018427839736"
    }, {
      "d" : "1756439341716495343",
      "t" : 1756439341716,
      "tn" : 1756439341716495343,
      "q" : "10",
      "p" : "0.061278",
      "s" : "sell",
      "i" : "SPKUSD-PERP",
      "m" : "4611686018427839735"
    }, {
      "d" : "1756439318255159975",
      "t" : 1756439318255,
      "tn" : 1756439318255159975,
      "q" : "10",
      "p" : "0.061338",
      "s" : "sell",
      "i" : "SPKUSD-PERP",
      "m" : "4611686018427839734"
    }, {
      "d" : "1756439221399618501",
      "t" : 1756439221399,
      "tn" : 1756439221399618501,
      "q" : "10",
      "p" : "0.061248",
      "s" : "sell",
      "i" : "SPKUSD-PERP",
      "m" : "4611686018427839733"
    }, {
      "d" : "1756439006289283533",
      "t" : 1756439006289,
      "tn" : 1756439006289283533,
      "q" : "10",
      "p" : "0.061416",
      "s" : "sell",
      "i" : "SPKUSD-PERP",
      "m" : "4611686018427839732"
    }, {
      "d" : "1756438925385927587",
      "t" : 1756438925385,
      "tn" : 1756438925385927587,
      "q" : "10",
      "p" : "0.061458",
      "s" : "sell",
      "i" : "SPKUSD-PERP",
      "m" : "4611686018427839731"
    }, {
      "d" : "1756438800325393368",
      "t" : 1756438800325,
      "tn" : 1756438800325393368,
      "q" : "10",
      "p" : "0.061345",
      "s" : "sell",
      "i" : "SPKUSD-PERP",
      "m" : "4611686018427839730"
    }, {
      "d" : "1756438800325391085",
      "t" : 1756438800325,
      "tn" : 1756438800325391085,
      "q" : "10",
      "p" : "0.061356",
      "s" : "sell",
      "i" : "SPKUSD-PERP",
      "m" : "4611686018427839729"
    }, {
      "d" : "1756438633750861669",
      "t" : 1756438633750,
      "tn" : 1756438633750861669,
      "q" : "10",
      "p" : "0.061206",
      "s" : "sell",
      "i" : "SPKUSD-PERP",
      "m" : "4611686018427839728"
    }, {
      "d" : "1756438349364112767",
      "t" : 1756438349364,
      "tn" : 1756438349364112767,
      "q" : "10",
      "p" : "0.061194",
      "s" : "sell",
      "i" : "SPKUSD-PERP",
      "m" : "4611686018427839727"
    }, {
      "d" : "1756438340885726021",
      "t" : 1756438340885,
      "tn" : 1756438340885726021,
      "q" : "10",
      "p" : "0.061254",
      "s" : "sell",
      "i" : "SPKUSD-PERP",
      "m" : "4611686018427839726"
    }, {
      "d" : "1756438279280629554",
      "t" : 1756438279280,
      "tn" : 1756438279280629554,
      "q" : "10",
      "p" : "0.061308",
      "s" : "sell",
      "i" : "SPKUSD-PERP",
      "m" : "4611686018427839725"
    }, {
      "d" : "1756438205160209868",
      "t" : 1756438205160,
      "tn" : 1756438205160209868,
      "q" : "10",
      "p" : "0.061416",
      "s" : "sell",
      "i" : "SPKUSD-PERP",
      "m" : "4611686018427839724"
    }, {
      "d" : "1756438040950243913",
      "t" : 1756438040950,
      "tn" : 1756438040950243913,
      "q" : "1630",
      "p" : "0.061200",
      "s" : "buy",
      "i" : "SPKUSD-PERP",
      "m" : "4611686018427839723"
    }, {
      "d" : "1756437853330609695",
      "t" : 1756437853330,
      "tn" : 1756437853330609695,
      "q" : "10",
      "p" : "0.061278",
      "s" : "sell",
      "i" : "SPKUSD-PERP",
      "m" : "4611686018427839722"
    }, {
      "d" : "1756437725530351702",
      "t" : 1756437725530,
      "tn" : 1756437725530351702,
      "q" : "1630",
      "p" : "0.061212",
      "s" : "buy",
      "i" : "SPKUSD-PERP",
      "m" : "4611686018427839721"
    }, {
      "d" : "1756436723448799881",
      "t" : 1756436723448,
      "tn" : 1756436723448799881,
      "q" : "10",
      "p" : "0.061326",
      "s" : "sell",
      "i" : "SPKUSD-PERP",
      "m" : "4611686018427839720"
    }, {
      "d" : "1756436720987240185",
      "t" : 1756436720987,
      "tn" : 1756436720987240185,
      "q" : "10",
      "p" : "0.061368",
      "s" : "sell",
      "i" : "SPKUSD-PERP",
      "m" : "4611686018427839719"
    }, {
      "d" : "1756436435428670699",
      "t" : 1756436435428,
      "tn" : 1756436435428670699,
      "q" : "10",
      "p" : "0.061866",
      "s" : "sell",
      "i" : "SPKUSD-PERP",
      "m" : "4611686018427839718"
    }, {
      "d" : "1756436231860880102",
      "t" : 1756436231860,
      "tn" : 1756436231860880102,
      "q" : "10",
      "p" : "0.061665",
      "s" : "sell",
      "i" : "SPKUSD-PERP",
      "m" : "4611686018427839717"
    }, {
      "d" : "1756436231860878054",
      "t" : 1756436231860,
      "tn" : 1756436231860878054,
      "q" : "10",
      "p" : "0.061668",
      "s" : "sell",
      "i" : "SPKUSD-PERP",
      "m" : "4611686018427839716"
    }, {
      "d" : "1756436103666666911",
      "t" : 1756436103666,
      "tn" : 1756436103666666911,
      "q" : "10",
      "p" : "0.061944",
      "s" : "sell",
      "i" : "SPKUSD-PERP",
      "m" : "4611686018427839715"
    }, {
      "d" : "1756435985627731380",
      "t" : 1756435985627,
      "tn" : 1756435985627731380,
      "q" : "10",
      "p" : "0.061788",
      "s" : "sell",
      "i" : "SPKUSD-PERP",
      "m" : "4611686018427839714"
    }, {
      "d" : "1756435872378720063",
      "t" : 1756435872378,
      "tn" : 1756435872378720063,
      "q" : "10",
      "p" : "0.061727",
      "s" : "sell",
      "i" : "SPKUSD-PERP",
      "m" : "4611686018427839713"
    }, {
      "d" : "1756435637397095010",
      "t" : 1756435637397,
      "tn" : 1756435637397095010,
      "q" : "10",
      "p" : "0.061338",
      "s" : "sell",
      "i" : "SPKUSD-PERP",
      "m" : "4611686018427839712"
    }, {
      "d" : "1756435484189139503",
      "t" : 1756435484189,
      "tn" : 1756435484189139503,
      "q" : "10",
      "p" : "0.061278",
      "s" : "sell",
      "i" : "SPKUSD-PERP",
      "m" : "4611686018427839711"
    }, {
      "d" : "1756434659797547414",
      "t" : 1756434659797,
      "tn" : 1756434659797547414,
      "q" : "10",
      "p" : "0.061068",
      "s" : "sell",
      "i" : "SPKUSD-PERP",
      "m" : "4611686018427839710"
    }, {
      "d" : "1756434156318353206",
      "t" : 1756434156318,
      "tn" : 1756434156318353206,
      "q" : "10",
      "p" : "0.061067",
      "s" : "sell",
      "i" : "SPKUSD-PERP",
      "m" : "4611686018427839709"
    }, {
      "d" : "1756434114044618747",
      "t" : 1756434114044,
      "tn" : 1756434114044618747,
      "q" : "1640",
      "p" : "0.060818",
      "s" : "buy",
      "i" : "SPKUSD-PERP",
      "m" : "4611686018427839708"
    }, {
      "d" : "1756433843986826844",
      "t" : 1756433843986,
      "tn" : 1756433843986826844,
      "q" : "1650",
      "p" : "0.060444",
      "s" : "buy",
      "i" : "SPKUSD-PERP",
      "m" : "4611686018427839707"
    }, {
      "d" : "1756433365068302327",
      "t" : 1756433365068,
      "tn" : 1756433365068302327,
      "q" : "1650",
      "p" : "0.060336",
      "s" : "buy",
      "i" : "SPKUSD-PERP",
      "m" : "4611686018427839706"
    }, {
      "d" : "1756432841439733207",
      "t" : 1756432841439,
      "tn" : 1756432841439733207,
      "q" : "1650",
      "p" : "0.060420",
      "s" : "buy",
      "i" : "SPKUSD-PERP",
      "m" : "4611686018427839705"
    }, {
      "d" : "1756432819165067117",
      "t" : 1756432819165,
      "tn" : 1756432819165067117,
      "q" : "1650",
      "p" : "0.060300",
      "s" : "buy",
      "i" : "SPKUSD-PERP",
      "m" : "4611686018427839704"
    }, {
      "d" : "1756432186034630348",
      "t" : 1756432186034,
      "tn" : 1756432186034630348,
      "q" : "1650",
      "p" : "0.060288",
      "s" : "buy",
      "i" : "SPKUSD-PERP",
      "m" : "4611686018427839703"
    }, {
      "d" : "1756431037296566377",
      "t" : 1756431037296,
      "tn" : 1756431037296566377,
      "q" : "10",
      "p" : "0.060505",
      "s" : "buy",
      "i" : "SPKUSD-PERP",
      "m" : "4611686018427839702"
    }, {
      "d" : "1756431037296564002",
      "t" : 1756431037296,
      "tn" : 1756431037296564002,
      "q" : "1650",
      "p" : "0.060504",
      "s" : "buy",
      "i" : "SPKUSD-PERP",
      "m" : "4611686018427839701"
    }, {
      "d" : "1756431022760703976",
      "t" : 1756431022760,
      "tn" : 1756431022760703976,
      "q" : "1650",
      "p" : "0.060372",
      "s" : "buy",
      "i" : "SPKUSD-PERP",
      "m" : "4611686018427839700"
    }, {
      "d" : "1756430470077835260",
      "t" : 1756430470077,
      "tn" : 1756430470077835260,
      "q" : "11540",
      "p" : "0.060307",
      "s" : "sell",
      "i" : "SPKUSD-PERP",
      "m" : "4611686018427839699"
    }, {
      "d" : "1756426248040687985",
      "t" : 1756426248040,
      "tn" : 1756426248040687985,
      "q" : "10",
      "p" : "0.060494",
      "s" : "sell",
      "i" : "SPKUSD-PERP",
      "m" : "4611686018427839698"
    }, {
      "d" : "1756425014530911466",
      "t" : 1756425014530,
      "tn" : 1756425014530911465,
      "q" : "10",
      "p" : "0.060882",
      "s" : "sell",
      "i" : "SPKUSD-PERP",
      "m" : "4611686018427839697"
    }, {
      "d" : "1756425014530911465",
      "t" : 1756425014530,
      "tn" : 1756425014530911465,
      "q" : "10",
      "p" : "0.060882",
      "s" : "sell",
      "i" : "SPKUSD-PERP",
      "m" : "4611686018427839697"
    }, {
      "d" : "1756423827139011077",
      "t" : 1756423827139,
      "tn" : 1756423827139011077,
      "q" : "10",
      "p" : "0.060906",
      "s" : "sell",
      "i" : "SPKUSD-PERP",
      "m" : "4611686018427839696"
    }, {
      "d" : "1756423409296031136",
      "t" : 1756423409296,
      "tn" : 1756423409296031135,
      "q" : "10",
      "p" : "0.060959",
      "s" : "sell",
      "i" : "SPKUSD-PERP",
      "m" : "4611686018427839695"
    }, {
      "d" : "1756423409296031135",
      "t" : 1756423409296,
      "tn" : 1756423409296031135,
      "q" : "10",
      "p" : "0.060959",
      "s" : "sell",
      "i" : "SPKUSD-PERP",
      "m" : "4611686018427839695"
    }, {
      "d" : "1756422363640954353",
      "t" : 1756422363640,
      "tn" : 1756422363640954353,
      "q" : "10",
      "p" : "0.061245",
      "s" : "sell",
      "i" : "SPKUSD-PERP",
      "m" : "4611686018427839694"
    }, {
      "d" : "1756422363640951697",
      "t" : 1756422363640,
      "tn" : 1756422363640951697,
      "q" : "10",
      "p" : "0.061254",
      "s" : "sell",
      "i" : "SPKUSD-PERP",
      "m" : "4611686018427839693"
    }, {
      "d" : "1756421301211211492",
      "t" : 1756421301211,
      "tn" : 1756421301211211492,
      "q" : "10",
      "p" : "0.061163",
      "s" : "sell",
      "i" : "SPKUSD-PERP",
      "m" : "4611686018427839692"
    }, {
      "d" : "1756420607033178372",
      "t" : 1756420607033,
      "tn" : 1756420607033178372,
      "q" : "10",
      "p" : "0.061176",
      "s" : "sell",
      "i" : "SPKUSD-PERP",
      "m" : "4611686018427839691"
    }, {
      "d" : "1756415505827379630",
      "t" : 1756415505827,
      "tn" : 1756415505827379630,
      "q" : "10",
      "p" : "0.060588",
      "s" : "sell",
      "i" : "SPKUSD-PERP",
      "m" : "4611686018427839690"
    }, {
      "d" : "1756415102210973323",
      "t" : 1756415102210,
      "tn" : 1756415102210973323,
      "q" : "10",
      "p" : "0.060356",
      "s" : "sell",
      "i" : "SPKUSD-PERP",
      "m" : "4611686018427839689"
    }, {
      "d" : "1756415102210971165",
      "t" : 1756415102210,
      "tn" : 1756415102210971165,
      "q" : "10",
      "p" : "0.060366",
      "s" : "sell",
      "i" : "SPKUSD-PERP",
      "m" : "4611686018427839688"
    }, {
      "d" : "1756414260234352852",
      "t" : 1756414260234,
      "tn" : 1756414260234352852,
      "q" : "10",
      "p" : "0.060438",
      "s" : "sell",
      "i" : "SPKUSD-PERP",
      "m" : "4611686018427839687"
    }, {
      "d" : "1756411964319855330",
      "t" : 1756411964319,
      "tn" : 1756411964319855330,
      "q" : "10",
      "p" : "0.060036",
      "s" : "sell",
      "i" : "SPKUSD-PERP",
      "m" : "4611686018427839686"
    }, {
      "d" : "1756411964319853680",
      "t" : 1756411964319,
      "tn" : 1756411964319853680,
      "q" : "10",
      "p" : "0.060038",
      "s" : "sell",
      "i" : "SPKUSD-PERP",
      "m" : "4611686018427839685"
    }, {
      "d" : "1756411506475035974",
      "t" : 1756411506475,
      "tn" : 1756411506475035974,
      "q" : "10",
      "p" : "0.060089",
      "s" : "sell",
      "i" : "SPKUSD-PERP",
      "m" : "4611686018427839684"
    }, {
      "d" : "1756411506475033341",
      "t" : 1756411506475,
      "tn" : 1756411506475033341,
      "q" : "10",
      "p" : "0.060096",
      "s" : "sell",
      "i" : "SPKUSD-PERP",
      "m" : "4611686018427839683"
    }, {
      "d" : "1756411390386899137",
      "t" : 1756411390386,
      "tn" : 1756411390386899137,
      "q" : "10",
      "p" : "0.060263",
      "s" : "sell",
      "i" : "SPKUSD-PERP",
      "m" : "4611686018427839682"
    }, {
      "d" : "1756411368127655198",
      "t" : 1756411368127,
      "tn" : 1756411368127655198,
      "q" : "10",
      "p" : "0.060288",
      "s" : "sell",
      "i" : "SPKUSD-PERP",
      "m" : "4611686018427839681"
    }, {
      "d" : "1756410520704427539",
      "t" : 1756410520704,
      "tn" : 1756410520704427539,
      "q" : "10",
      "p" : "0.060251",
      "s" : "sell",
      "i" : "SPKUSD-PERP",
      "m" : "4611686018427839680"
    }, {
      "d" : "1756410520704424456",
      "t" : 1756410520704,
      "tn" : 1756410520704424456,
      "q" : "10",
      "p" : "0.060258",
      "s" : "sell",
      "i" : "SPKUSD-PERP",
      "m" : "4611686018427839679"
    }, {
      "d" : "1756410077266848968",
      "t" : 1756410077266,
      "tn" : 1756410077266848968,
      "q" : "830",
      "p" : "0.060228",
      "s" : "buy",
      "i" : "SPKUSD-PERP",
      "m" : "4611686018427839678"
    }, {
      "d" : "1756410077266846628",
      "t" : 1756410077266,
      "tn" : 1756410077266846627,
      "q" : "1660",
      "p" : "0.060224",
      "s" : "buy",
      "i" : "SPKUSD-PERP",
      "m" : "4611686018427839677"
    }, {
      "d" : "1756410077266846627",
      "t" : 1756410077266,
      "tn" : 1756410077266846627,
      "q" : "10",
      "p" : "0.060224",
      "s" : "buy",
      "i" : "SPKUSD-PERP",
      "m" : "4611686018427839677"
    }, {
      "d" : "1756409694733644032",
      "t" : 1756409694733,
      "tn" : 1756409694733644032,
      "q" : "1650",
      "p" : "0.060276",
      "s" : "buy",
      "i" : "SPKUSD-PERP",
      "m" : "4611686018427839676"
    }, {
      "d" : "1756409132014781824",
      "t" : 1756409132014,
      "tn" : 1756409132014781824,
      "q" : "1650",
      "p" : "0.060564",
      "s" : "buy",
      "i" : "SPKUSD-PERP",
      "m" : "4611686018427839675"
    }, {
      "d" : "1756408858722407909",
      "t" : 1756408858722,
      "tn" : 1756408858722407909,
      "q" : "1640",
      "p" : "0.060588",
      "s" : "buy",
      "i" : "SPKUSD-PERP",
      "m" : "4611686018427839674"
    }, {
      "d" : "1756408593365700472",
      "t" : 1756408593365,
      "tn" : 1756408593365700472,
      "q" : "1640",
      "p" : "0.060588",
      "s" : "buy",
      "i" : "SPKUSD-PERP",
      "m" : "4611686018427839673"
    }, {
      "d" : "1756408546666601756",
      "t" : 1756408546666,
      "tn" : 1756408546666601756,
      "q" : "1650",
      "p" : "0.060576",
      "s" : "buy",
      "i" : "SPKUSD-PERP",
      "m" : "4611686018427839672"
    } ]
  }
}