{
  "id" : -1,
  "method" : "public/get-trades",
  "code" : 0,
  "result" : {
    "data" : [ {
      "d" : "1756458137351340283",
      "t" : 1756458137351,
      "tn" : 1756458137351340283,
      "q" : "5997",
      "p" : "0.008762",
      "s" : "sell",
      "i" : "SPS_USD",
      "m" : "4611686018430075141"
    }, {
      "d" : "1756457866195254206",
      "t" : 1756457866195,
      "tn" : 1756457866195254206,
      "q" : "460",
      "p" : "0.008593",
      "s" : "sell",
      "i" : "SPS_USD",
      "m" : "4611686018430075140"
    }, {
      "d" : "1756457847757185245",
      "t" : 1756457847757,
      "tn" : 1756457847757185245,
      "q" : "4641",
      "p" : "0.008618",
      "s" : "buy",
      "i" : "SPS_USD",
      "m" : "4611686018430075139"
    }, {
      "d" : "1756456643160219217",
      "t" : 1756456643160,
      "tn" : 1756456643160219217,
      "q" : "1162",
      "p" : "0.008597",
      "s" : "sell",
      "i" : "SPS_USD",
      "m" : "4611686018430075138"
    }, {
      "d" : "1756455906211732264",
      "t" : 1756455906211,
      "tn" : 1756455906211732264,
      "q" : "5887",
      "p" : "0.008493",
      "s" : "buy",
      "i" : "SPS_USD",
      "m" : "4611686018430075137"
    }, {
      "d" : "1756454806938755356",
      "t" : 1756454806938,
      "tn" : 1756454806938755356,
      "q" : "8090",
      "p" : "0.008653",
      "s" : "buy",
      "i" : "SPS_USD",
      "m" : "4611686018430075136"
    }, {
      "d" : "1756454017504251305",
      "t" : 1756454017504,
      "tn" : 1756454017504251305,
      "q" : "2191",
      "p" : "0.009129",
      "s" : "sell",
      "i" : "SPS_USD",
      "m" : "4611686018430075135"
    }, {
      "d" : "1756454017416353082",
      "t" : 1756454017416,
      "tn" : 1756454017416353082,
      "q" : "4382",
      "p" : "0.009129",
      "s" : "sell",
      "i" : "SPS_USD",
      "m" : "4611686018430075134"
    }, {
      "d" : "1756452444389699318",
      "t" : 1756452444389,
      "tn" : 1756452444389699318,
      "q" : "1841",
      "p" : "0.008813",
      "s" : "buy",
      "i" : "SPS_USD",
      "m" : "4611686018430075133"
    }, {
      "d" : "1756452444389697002",
      "t" : 1756452444389,
      "tn" : 1756452444389697002,
      "q" : "380",
      "p" : "0.008637",
      "s" : "buy",
      "i" : "SPS_USD",
      "m" : "4611686018430075132"
    }, {
      "d" : "1756451552908777266",
      "t" : 1756451552908,
      "tn" : 1756451552908777266,
      "q" : "1053",
      "p" : "0.008836",
      "s" : "buy",
      "i" : "SPS_USD",
      "m" : "4611686018430075131"
    }, {
      "d" : "1756443984984407399",
      "t" : 1756443984984,
      "tn" : 1756443984984407399,
      "q" : "4410",
      "p" : "0.009070",
      "s" : "sell",
      "i" : "SPS_USD",
      "m" : "4611686018430075130"
    }, {
      "d" : "1756443984928333538",
      "t" : 1756443984928,
      "tn" : 1756443984928333538,
      "q" : "8820",
      "p" : "0.009070",
      "s" : "sell",
      "i" : "SPS_USD",
      "m" : "4611686018430075129"
    }, {
      "d" : "1756440383017957992",
      "t" : 1756440383017,
      "tn" : 1756440383017957992,
      "q" : "8775",
      "p" : "0.008719",
      "s" : "sell",
      "i" : "SPS_USD",
      "m" : "4611686018430075128"
    }, {
      "d" : "1756440305075001036",
      "t" : 1756440305075,
      "tn" : 1756440305075001036,
      "q" : "4960",
      "p" : "0.008719",
      "s" : "sell",
      "i" : "SPS_USD",
      "m" : "4611686018430075127"
    }, {
      "d" : "1756439829216921627",
      "t" : 1756439829216,
      "tn" : 1756439829216921626,
      "q" : "1749",
      "p" : "0.008893",
      "s" : "sell",
      "i" : "SPS_USD",
      "m" : "4611686018430075126"
    }, {
      "d" : "1756439829216921626",
      "t" : 1756439829216,
      "tn" : 1756439829216921626,
      "q" : "2059",
      "p" : "0.008893",
      "s" : "sell",
      "i" : "SPS_USD",
      "m" : "4611686018430075126"
    }, {
      "d" : "1756439490344109164",
      "t" : 1756439490344,
      "tn" : 1756439490344109164,
      "q" : "5012",
      "p" : "0.008719",
      "s" : "sell",
      "i" : "SPS_USD",
      "m" : "4611686018430075125"
    }, {
      "d" : "1756439490344106442",
      "t" : 1756439490344,
      "tn" : 1756439490344106442,
      "q" : "1018",
      "p" : "0.008893",
      "s" : "sell",
      "i" : "SPS_USD",
      "m" : "4611686018430075124"
    }, {
      "d" : "1756439176454294346",
      "t" : 1756439176454,
      "tn" : 1756439176454294346,
      "q" : "4998",
      "p" : "0.008719",
      "s" : "sell",
      "i" : "SPS_USD",
      "m" : "4611686018430075123"
    }, {
      "d" : "1756438777375602246",
      "t" : 1756438777375,
      "tn" : 1756438777375602246,
      "q" : "2731",
      "p" : "0.008880",
      "s" : "sell",
      "i" : "SPS_USD",
      "m" : "4611686018430075122"
    }, {
      "d" : "1756438769215917729",
      "t" : 1756438769215,
      "tn" : 1756438769215917729,
      "q" : "1423",
      "p" : "0.009058",
      "s" : "sell",
      "i" : "SPS_USD",
      "m" : "4611686018430075121"
    }, {
      "d" : "1756435931387303050",
      "t" : 1756435931387,
      "tn" : 1756435931387303050,
      "q" : "171",
      "p" : "0.008722",
      "s" : "sell",
      "i" : "SPS_USD",
      "m" : "4611686018430075120"
    }, {
      "d" : "1756435918973279577",
      "t" : 1756435918973,
      "tn" : 1756435918973279577,
      "q" : "5720",
      "p" : "0.008742",
      "s" : "buy",
      "i" : "SPS_USD",
      "m" : "4611686018430075119"
    }, {
      "d" : "1756434767635796260",
      "t" : 1756434767635,
      "tn" : 1756434767635796260,
      "q" : "5755",
      "p" : "0.008722",
      "s" : "sell",
      "i" : "SPS_USD",
      "m" : "4611686018430075118"
    }, {
      "d" : "1756434767635793890",
      "t" : 1756434767635,
      "tn" : 1756434767635793890,
      "q" : "3002",
      "p" : "0.008725",
      "s" : "sell",
      "i" : "SPS_USD",
      "m" : "4611686018430075117"
    }, {
      "d" : "1756434124546351563",
      "t" : 1756434124546,
      "tn" : 1756434124546351563,
      "q" : "7533",
      "p" : "0.008886",
      "s" : "sell",
      "i" : "SPS_USD",
      "m" : "4611686018430075116"
    }, {
      "d" : "1756433951748668968",
      "t" : 1756433951748,
      "tn" : 1756433951748668968,
      "q" : "2743",
      "p" : "0.009115",
      "s" : "buy",
      "i" : "SPS_USD",
      "m" : "4611686018430075115"
    }, {
      "d" : "1756433949584541857",
      "t" : 1756433949584,
      "tn" : 1756433949584541857,
      "q" : "18553",
      "p" : "0.009093",
      "s" : "sell",
      "i" : "SPS_USD",
      "m" : "4611686018430075114"
    }, {
      "d" : "1756432224696176099",
      "t" : 1756432224696,
      "tn" : 1756432224696176099,
      "q" : "1236",
      "p" : "0.008952",
      "s" : "buy",
      "i" : "SPS_USD",
      "m" : "4611686018430075113"
    }, {
      "d" : "1756429842455870844",
      "t" : 1756429842455,
      "tn" : 1756429842455870844,
      "q" : "8750",
      "p" : "0.008942",
      "s" : "sell",
      "i" : "SPS_USD",
      "m" : "4611686018430075112"
    }, {
      "d" : "1756429841902959296",
      "t" : 1756429841902,
      "tn" : 1756429841902959296,
      "q" : "4257",
      "p" : "0.008941",
      "s" : "sell",
      "i" : "SPS_USD",
      "m" : "4611686018430075111"
    }, {
      "d" : "1756429841902957418",
      "t" : 1756429841902,
      "tn" : 1756429841902957418,
      "q" : "217",
      "p" : "0.009118",
      "s" : "sell",
      "i" : "SPS_USD",
      "m" : "4611686018430075110"
    }, {
      "d" : "1756429655098370206",
      "t" : 1756429655098,
      "tn" : 1756429655098370206,
      "q" : "2179",
      "p" : "0.009013",
      "s" : "sell",
      "i" : "SPS_USD",
      "m" : "4611686018430075109"
    }, {
      "d" : "1756429638259463702",
      "t" : 1756429638259,
      "tn" : 1756429638259463702,
      "q" : "8746",
      "p" : "0.008995",
      "s" : "sell",
      "i" : "SPS_USD",
      "m" : "4611686018430075108"
    }, {
      "d" : "1756427667512182626",
      "t" : 1756427667512,
      "tn" : 1756427667512182626,
      "q" : "8742",
      "p" : "0.008783",
      "s" : "sell",
      "i" : "SPS_USD",
      "m" : "4611686018430075107"
    }, {
      "d" : "1756424793820857071",
      "t" : 1756424793820,
      "tn" : 1756424793820857071,
      "q" : "859",
      "p" : "0.008741",
      "s" : "sell",
      "i" : "SPS_USD",
      "m" : "4611686018430075106"
    }, {
      "d" : "1756424769867771483",
      "t" : 1756424769867,
      "tn" : 1756424769867771483,
      "q" : "5000",
      "p" : "0.008906",
      "s" : "buy",
      "i" : "SPS_USD",
      "m" : "4611686018430075105"
    }, {
      "d" : "1756422636547077976",
      "t" : 1756422636547,
      "tn" : 1756422636547077976,
      "q" : "8762",
      "p" : "0.008905",
      "s" : "buy",
      "i" : "SPS_USD",
      "m" : "4611686018430075104"
    }, {
      "d" : "1756422433180189910",
      "t" : 1756422433180,
      "tn" : 1756422433180189910,
      "q" : "42",
      "p" : "0.008884",
      "s" : "buy",
      "i" : "SPS_USD",
      "m" : "4611686018430075103"
    }, {
      "d" : "1756422433180187802",
      "t" : 1756422433180,
      "tn" : 1756422433180187802,
      "q" : "8738",
      "p" : "0.008883",
      "s" : "buy",
      "i" : "SPS_USD",
      "m" : "4611686018430075102"
    }, {
      "d" : "1756422128142972993",
      "t" : 1756422128142,
      "tn" : 1756422128142972993,
      "q" : "8798",
      "p" : "0.008904",
      "s" : "buy",
      "i" : "SPS_USD",
      "m" : "4611686018430075101"
    }, {
      "d" : "1756422006850245764",
      "t" : 1756422006850,
      "tn" : 1756422006850245764,
      "q" : "2509",
      "p" : "0.008904",
      "s" : "buy",
      "i" : "SPS_USD",
      "m" : "4611686018430075100"
    }, {
      "d" : "1756421467730778483",
      "t" : 1756421467730,
      "tn" : 1756421467730778483,
      "q" : "1097",
      "p" : "0.008904",
      "s" : "buy",
      "i" : "SPS_USD",
      "m" : "4611686018430075099"
    }, {
      "d" : "1756418887648800737",
      "t" : 1756418887648,
      "tn" : 1756418887648800737,
      "q" : "8816",
      "p" : "0.008904",
      "s" : "buy",
      "i" : "SPS_USD",
      "m" : "4611686018430075098"
    }, {
      "d" : "1756418649953617481",
      "t" : 1756418649953,
      "tn" : 1756418649953617481,
      "q" : "8835",
      "p" : "0.008904",
      "s" : "buy",
      "i" : "SPS_USD",
      "m" : "4611686018430075097"
    }, {
      "d" : "1756417884920388528",
      "t" : 1756417884920,
      "tn" : 1756417884920388528,
      "q" : "2178",
      "p" : "0.008790",
      "s" : "buy",
      "i" : "SPS_USD",
      "m" : "4611686018430075096"
    }, {
      "d" : "1756417591854256480",
      "t" : 1756417591854,
      "tn" : 1756417591854256480,
      "q" : "8853",
      "p" : "0.008904",
      "s" : "buy",
      "i" : "SPS_USD",
      "m" : "4611686018430075095"
    }, {
      "d" : "1756417388033607774",
      "t" : 1756417388033,
      "tn" : 1756417388033607774,
      "q" : "8871",
      "p" : "0.008904",
      "s" : "buy",
      "i" : "SPS_USD",
      "m" : "4611686018430075094"
    }, {
      "d" : "1756406351208298220",
      "t" : 1756406351208,
      "tn" : 1756406351208298220,
      "q" : "1654",
      "p" : "0.008904",
      "s" : "buy",
      "i" : "SPS_USD",
      "m" : "4611686018430075093"
    }, {
      "d" : "1756406351208295947",
      "t" : 1756406351208,
      "tn" : 1756406351208295947,
      "q" : "7234",
      "p" : "0.008903",
      "s" : "buy",
      "i" : "SPS_USD",
      "m" : "4611686018430075092"
    }, {
      "d" : "1756403210080571556",
      "t" : 1756403210080,
      "tn" : 1756403210080571556,
      "q" : "6678",
      "p" : "0.008985",
      "s" : "buy",
      "i" : "SPS_USD",
      "m" : "4611686018430075091"
    }, {
      "d" : "1756403205891784341",
      "t" : 1756403205891,
      "tn" : 1756403205891784341,
      "q" : "8436",
      "p" : "0.008984",
      "s" : "sell",
      "i" : "SPS_USD",
      "m" : "4611686018430075090"
    }, {
      "d" : "1756400723978146462",
      "t" : 1756400723978,
      "tn" : 1756400723978146462,
      "q" : "8884",
      "p" : "0.008704",
      "s" : "sell",
      "i" : "SPS_USD",
      "m" : "4611686018430075089"
    }, {
      "d" : "1756400554441848979",
      "t" : 1756400554441,
      "tn" : 1756400554441848979,
      "q" : "8880",
      "p" : "0.008669",
      "s" : "sell",
      "i" : "SPS_USD",
      "m" : "4611686018430075088"
    }, {
      "d" : "1756400180186150641",
      "t" : 1756400180186,
      "tn" : 1756400180186150641,
      "q" : "8876",
      "p" : "0.008669",
      "s" : "sell",
      "i" : "SPS_USD",
      "m" : "4611686018430075087"
    }, {
      "d" : "1756399908893961210",
      "t" : 1756399908893,
      "tn" : 1756399908893961210,
      "q" : "8872",
      "p" : "0.008671",
      "s" : "sell",
      "i" : "SPS_USD",
      "m" : "4611686018430075086"
    }, {
      "d" : "1756399613248447172",
      "t" : 1756399613248,
      "tn" : 1756399613248447172,
      "q" : "8868",
      "p" : "0.008617",
      "s" : "sell",
      "i" : "SPS_USD",
      "m" : "4611686018430075085"
    }, {
      "d" : "1756399537221402980",
      "t" : 1756399537221,
      "tn" : 1756399537221402980,
      "q" : "2720",
      "p" : "0.008588",
      "s" : "sell",
      "i" : "SPS_USD",
      "m" : "4611686018430075084"
    }, {
      "d" : "1756399537221400687",
      "t" : 1756399537221,
      "tn" : 1756399537221400687,
      "q" : "635",
      "p" : "0.008759",
      "s" : "sell",
      "i" : "SPS_USD",
      "m" : "4611686018430075083"
    }, {
      "d" : "1756394902941328542",
      "t" : 1756394902941,
      "tn" : 1756394902941328542,
      "q" : "5506",
      "p" : "0.008783",
      "s" : "sell",
      "i" : "SPS_USD",
      "m" : "4611686018430075082"
    }, {
      "d" : "1756393377902445212",
      "t" : 1756393377902,
      "tn" : 1756393377902445212,
      "q" : "1887",
      "p" : "0.008608",
      "s" : "sell",
      "i" : "SPS_USD",
      "m" : "4611686018430075081"
    }, {
      "d" : "1756393377902442900",
      "t" : 1756393377902,
      "tn" : 1756393377902442900,
      "q" : "22019",
      "p" : "0.008609",
      "s" : "sell",
      "i" : "SPS_USD",
      "m" : "4611686018430075080"
    }, {
      "d" : "1756392017185494862",
      "t" : 1756392017185,
      "tn" : 1756392017185494862,
      "q" : "8857",
      "p" : "0.008578",
      "s" : "sell",
      "i" : "SPS_USD",
      "m" : "4611686018430075079"
    }, {
      "d" : "1756391741025456460",
      "t" : 1756391741025,
      "tn" : 1756391741025456460,
      "q" : "8853",
      "p" : "0.008575",
      "s" : "sell",
      "i" : "SPS_USD",
      "m" : "4611686018430075078"
    }, {
      "d" : "1756391643438553221",
      "t" : 1756391643438,
      "tn" : 1756391643438553221,
      "q" : "8849",
      "p" : "0.008575",
      "s" : "sell",
      "i" : "SPS_USD",
      "m" : "4611686018430075077"
    }, {
      "d" : "1756390660105323733",
      "t" : 1756390660105,
      "tn" : 1756390660105323733,
      "q" : "3494",
      "p" : "0.008586",
      "s" : "buy",
      "i" : "SPS_USD",
      "m" : "4611686018430075076"
    }, {
      "d" : "1756390002966631433",
      "t" : 1756390002966,
      "tn" : 1756390002966631433,
      "q" : "630",
      "p" : "0.008611",
      "s" : "sell",
      "i" : "SPS_USD",
      "m" : "4611686018430075075"
    }, {
      "d" : "1756389638266768217",
      "t" : 1756389638266,
      "tn" : 1756389638266768217,
      "q" : "8845",
      "p" : "0.008618",
      "s" : "sell",
      "i" : "SPS_USD",
      "m" : "4611686018430075074"
    }, {
      "d" : "1756389231836251083",
      "t" : 1756389231836,
      "tn" : 1756389231836251083,
      "q" : "8841",
      "p" : "0.008627",
      "s" : "sell",
      "i" : "SPS_USD",
      "m" : "4611686018430075073"
    }, {
      "d" : "1756388757157106957",
      "t" : 1756388757157,
      "tn" : 1756388757157106957,
      "q" : "8837",
      "p" : "0.008693",
      "s" : "sell",
      "i" : "SPS_USD",
      "m" : "4611686018430075072"
    }, {
      "d" : "1756388621637025800",
      "t" : 1756388621637,
      "tn" : 1756388621637025800,
      "q" : "4669",
      "p" : "0.008715",
      "s" : "sell",
      "i" : "SPS_USD",
      "m" : "4611686018430075071"
    }, {
      "d" : "1756387161661654018",
      "t" : 1756387161661,
      "tn" : 1756387161661654018,
      "q" : "4682",
      "p" : "0.008674",
      "s" : "buy",
      "i" : "SPS_USD",
      "m" : "4611686018430075070"
    }, {
      "d" : "1756382967498190992",
      "t" : 1756382967498,
      "tn" : 1756382967498190992,
      "q" : "253",
      "p" : "0.008941",
      "s" : "buy",
      "i" : "SPS_USD",
      "m" : "4611686018430075069"
    }, {
      "d" : "1756382857852697636",
      "t" : 1756382857852,
      "tn" : 1756382857852697636,
      "q" : "8862",
      "p" : "0.008902",
      "s" : "buy",
      "i" : "SPS_USD",
      "m" : "4611686018430075068"
    }, {
      "d" : "1756382689155410504",
      "t" : 1756382689155,
      "tn" : 1756382689155410504,
      "q" : "8881",
      "p" : "0.008902",
      "s" : "buy",
      "i" : "SPS_USD",
      "m" : "4611686018430075067"
    }, {
      "d" : "1756382385873568302",
      "t" : 1756382385873,
      "tn" : 1756382385873568302,
      "q" : "1308",
      "p" : "0.008902",
      "s" : "buy",
      "i" : "SPS_USD",
      "m" : "4611686018430075066"
    }, {
      "d" : "1756382385873566163",
      "t" : 1756382385873,
      "tn" : 1756382385873566163,
      "q" : "7591",
      "p" : "0.008901",
      "s" : "buy",
      "i" : "SPS_USD",
      "m" : "4611686018430075065"
    }, {
      "d" : "1756381845779325428",
      "t" : 1756381845779,
      "tn" : 1756381845779325428,
      "q" : "8917",
      "p" : "0.008897",
      "s" : "buy",
      "i" : "SPS_USD",
      "m" : "4611686018430075064"
    } ]
  }
}