{
  "id" : -1,
  "method" : "public/get-trades",
  "code" : 0,
  "result" : {
    "data" : [ {
      "d" : "1756462457128280328",
      "t" : 1756462457128,
      "tn" : 1756462457128280328,
      "q" : "7.6",
      "p" : "1.12311",
      "s" : "sell",
      "i" : "SPX_USD",
      "m" : "4611686018427408619"
    }, {
      "d" : "1756462131892115889",
      "t" : 1756462131892,
      "tn" : 1756462131892115889,
      "q" : "166.4",
      "p" : "1.13083",
      "s" : "buy",
      "i" : "SPX_USD",
      "m" : "4611686018427408618"
    }, {
      "d" : "1756462131892113796",
      "t" : 1756462131892,
      "tn" : 1756462131892113796,
      "q" : "7.6",
      "p" : "1.13027",
      "s" : "buy",
      "i" : "SPX_USD",
      "m" : "4611686018427408617"
    }, {
      "d" : "1756458514902148168",
      "t" : 1756458514902,
      "tn" : 1756458514902148168,
      "q" : "140.6",
      "p" : "1.10833",
      "s" : "sell",
      "i" : "SPX_USD",
      "m" : "4611686018427408616"
    }, {
      "d" : "1756458514902146430",
      "t" : 1756458514902,
      "tn" : 1756458514902146430,
      "q" : "565.4",
      "p" : "1.10861",
      "s" : "sell",
      "i" : "SPX_USD",
      "m" : "4611686018427408615"
    }, {
      "d" : "1756458115175678006",
      "t" : 1756458115175,
      "tn" : 1756458115175678006,
      "q" : "565.4",
      "p" : "1.11350",
      "s" : "sell",
      "i" : "SPX_USD",
      "m" : "4611686018427408614"
    }, {
      "d" : "1756458115175675660",
      "t" : 1756458115175,
      "tn" : 1756458115175675660,
      "q" : "7.6",
      "p" : "1.11353",
      "s" : "sell",
      "i" : "SPX_USD",
      "m" : "4611686018427408613"
    }, {
      "d" : "1756457241883423519",
      "t" : 1756457241883,
      "tn" : 1756457241883423519,
      "q" : "495.3",
      "p" : "1.12243",
      "s" : "buy",
      "i" : "SPX_USD",
      "m" : "4611686018427408612"
    }, {
      "d" : "1756457241883420725",
      "t" : 1756457241883,
      "tn" : 1756457241883420725,
      "q" : "7.7",
      "p" : "1.12242",
      "s" : "buy",
      "i" : "SPX_USD",
      "m" : "4611686018427408611"
    }, {
      "d" : "1756455218285337933",
      "t" : 1756455218285,
      "tn" : 1756455218285337933,
      "q" : "565.4",
      "p" : "1.13198",
      "s" : "sell",
      "i" : "SPX_USD",
      "m" : "4611686018427408610"
    }, {
      "d" : "1756455218285335623",
      "t" : 1756455218285,
      "tn" : 1756455218285335623,
      "q" : "7.6",
      "p" : "1.13199",
      "s" : "sell",
      "i" : "SPX_USD",
      "m" : "4611686018427408609"
    }, {
      "d" : "1756455173049151350",
      "t" : 1756455173049,
      "tn" : 1756455173049151350,
      "q" : "138.0",
      "p" : "1.13781",
      "s" : "buy",
      "i" : "SPX_USD",
      "m" : "4611686018427408608"
    }, {
      "d" : "1756455173049148706",
      "t" : 1756455173049,
      "tn" : 1756455173049148706,
      "q" : "7.6",
      "p" : "1.13780",
      "s" : "buy",
      "i" : "SPX_USD",
      "m" : "4611686018427408607"
    }, {
      "d" : "1756452723053449634",
      "t" : 1756452723053,
      "tn" : 1756452723053449634,
      "q" : "756.6",
      "p" : "1.14819",
      "s" : "sell",
      "i" : "SPX_USD",
      "m" : "4611686018427408606"
    }, {
      "d" : "1756452723053447194",
      "t" : 1756452723053,
      "tn" : 1756452723053447194,
      "q" : "144.0",
      "p" : "1.14866",
      "s" : "sell",
      "i" : "SPX_USD",
      "m" : "4611686018427408605"
    }, {
      "d" : "1756452240684721717",
      "t" : 1756452240684,
      "tn" : 1756452240684721717,
      "q" : "407.9",
      "p" : "1.15176",
      "s" : "sell",
      "i" : "SPX_USD",
      "m" : "4611686018427408604"
    }, {
      "d" : "1756452240684720066",
      "t" : 1756452240684,
      "tn" : 1756452240684720066,
      "q" : "565.4",
      "p" : "1.15195",
      "s" : "sell",
      "i" : "SPX_USD",
      "m" : "4611686018427408603"
    }, {
      "d" : "1756452240684717164",
      "t" : 1756452240684,
      "tn" : 1756452240684717164,
      "q" : "220.0",
      "p" : "1.15249",
      "s" : "sell",
      "i" : "SPX_USD",
      "m" : "4611686018427408602"
    }, {
      "d" : "1756452240684714356",
      "t" : 1756452240684,
      "tn" : 1756452240684714356,
      "q" : "7.6",
      "p" : "1.15250",
      "s" : "sell",
      "i" : "SPX_USD",
      "m" : "4611686018427408601"
    }, {
      "d" : "1756452183933196977",
      "t" : 1756452183933,
      "tn" : 1756452183933196977,
      "q" : "5.0",
      "p" : "1.15714",
      "s" : "buy",
      "i" : "SPX_USD",
      "m" : "4611686018427408600"
    }, {
      "d" : "1756452111090920538",
      "t" : 1756452111090,
      "tn" : 1756452111090920538,
      "q" : "5.4",
      "p" : "1.15714",
      "s" : "buy",
      "i" : "SPX_USD",
      "m" : "4611686018427408599"
    }, {
      "d" : "1756452111090917778",
      "t" : 1756452111090,
      "tn" : 1756452111090917778,
      "q" : "7.6",
      "p" : "1.15713",
      "s" : "buy",
      "i" : "SPX_USD",
      "m" : "4611686018427408598"
    }, {
      "d" : "1756452104733864931",
      "t" : 1756452104733,
      "tn" : 1756452104733864931,
      "q" : "13.0",
      "p" : "1.15714",
      "s" : "buy",
      "i" : "SPX_USD",
      "m" : "4611686018427408597"
    }, {
      "d" : "1756451974723945390",
      "t" : 1756451974723,
      "tn" : 1756451974723945390,
      "q" : "7.6",
      "p" : "1.15299",
      "s" : "sell",
      "i" : "SPX_USD",
      "m" : "4611686018427408596"
    }, {
      "d" : "1756451846576023654",
      "t" : 1756451846576,
      "tn" : 1756451846576023654,
      "q" : "61.4",
      "p" : "1.15964",
      "s" : "buy",
      "i" : "SPX_USD",
      "m" : "4611686018427408595"
    }, {
      "d" : "1756451846576021089",
      "t" : 1756451846576,
      "tn" : 1756451846576021089,
      "q" : "7.6",
      "p" : "1.15963",
      "s" : "buy",
      "i" : "SPX_USD",
      "m" : "4611686018427408594"
    }, {
      "d" : "1756451667042256362",
      "t" : 1756451667042,
      "tn" : 1756451667042256362,
      "q" : "69.8",
      "p" : "1.15959",
      "s" : "sell",
      "i" : "SPX_USD",
      "m" : "4611686018427408593"
    }, {
      "d" : "1756451623408401152",
      "t" : 1756451623408,
      "tn" : 1756451623408401152,
      "q" : "9.0",
      "p" : "1.15959",
      "s" : "sell",
      "i" : "SPX_USD",
      "m" : "4611686018427408592"
    }, {
      "d" : "1756451587203783649",
      "t" : 1756451587203,
      "tn" : 1756451587203783649,
      "q" : "86.2",
      "p" : "1.16000",
      "s" : "sell",
      "i" : "SPX_USD",
      "m" : "4611686018427408591"
    }, {
      "d" : "1756451587203782674",
      "t" : 1756451587203,
      "tn" : 1756451587203782674,
      "q" : "7.6",
      "p" : "1.16001",
      "s" : "sell",
      "i" : "SPX_USD",
      "m" : "4611686018427408590"
    }, {
      "d" : "1756451431568375833",
      "t" : 1756451431568,
      "tn" : 1756451431568375833,
      "q" : "0.4",
      "p" : "1.17082",
      "s" : "sell",
      "i" : "SPX_USD",
      "m" : "4611686018427408589"
    }, {
      "d" : "1756451429584785111",
      "t" : 1756451429584,
      "tn" : 1756451429584785111,
      "q" : "7.6",
      "p" : "1.17082",
      "s" : "buy",
      "i" : "SPX_USD",
      "m" : "4611686018427408588"
    }, {
      "d" : "1756451379176274594",
      "t" : 1756451379176,
      "tn" : 1756451379176274594,
      "q" : "69.0",
      "p" : "1.16629",
      "s" : "buy",
      "i" : "SPX_USD",
      "m" : "4611686018427408587"
    }, {
      "d" : "1756450898105119451",
      "t" : 1756450898105,
      "tn" : 1756450898105119451,
      "q" : "66.0",
      "p" : "1.16803",
      "s" : "sell",
      "i" : "SPX_USD",
      "m" : "4611686018427408586"
    }, {
      "d" : "1756450897625162291",
      "t" : 1756450897625,
      "tn" : 1756450897625162290,
      "q" : "65.2",
      "p" : "1.17211",
      "s" : "sell",
      "i" : "SPX_USD",
      "m" : "4611686018427408585"
    }, {
      "d" : "1756450897625162290",
      "t" : 1756450897625,
      "tn" : 1756450897625162290,
      "q" : "66.7",
      "p" : "1.17211",
      "s" : "sell",
      "i" : "SPX_USD",
      "m" : "4611686018427408585"
    }, {
      "d" : "1756450713730255083",
      "t" : 1756450713730,
      "tn" : 1756450713730255083,
      "q" : "23.0",
      "p" : "1.17767",
      "s" : "buy",
      "i" : "SPX_USD",
      "m" : "4611686018427408584"
    }, {
      "d" : "1756450106545301295",
      "t" : 1756450106545,
      "tn" : 1756450106545301295,
      "q" : "235.6",
      "p" : "1.17869",
      "s" : "sell",
      "i" : "SPX_USD",
      "m" : "4611686018427408583"
    }, {
      "d" : "1756450106545298748",
      "t" : 1756450106545,
      "tn" : 1756450106545298748,
      "q" : "565.4",
      "p" : "1.17940",
      "s" : "sell",
      "i" : "SPX_USD",
      "m" : "4611686018427408582"
    }, {
      "d" : "1756450106545295680",
      "t" : 1756450106545,
      "tn" : 1756450106545295680,
      "q" : "360.0",
      "p" : "1.17953",
      "s" : "sell",
      "i" : "SPX_USD",
      "m" : "4611686018427408581"
    }, {
      "d" : "1756450083870508697",
      "t" : 1756450083870,
      "tn" : 1756450083870508697,
      "q" : "1158.4",
      "p" : "1.17903",
      "s" : "sell",
      "i" : "SPX_USD",
      "m" : "4611686018427408580"
    }, {
      "d" : "1756450083870505940",
      "t" : 1756450083870,
      "tn" : 1756450083870505940,
      "q" : "7.6",
      "p" : "1.17904",
      "s" : "sell",
      "i" : "SPX_USD",
      "m" : "4611686018427408579"
    }, {
      "d" : "1756449906195397245",
      "t" : 1756449906195,
      "tn" : 1756449906195397245,
      "q" : "105.4",
      "p" : "1.18369",
      "s" : "buy",
      "i" : "SPX_USD",
      "m" : "4611686018427408578"
    }, {
      "d" : "1756449906195394904",
      "t" : 1756449906195,
      "tn" : 1756449906195394904,
      "q" : "7.6",
      "p" : "1.18368",
      "s" : "buy",
      "i" : "SPX_USD",
      "m" : "4611686018427408577"
    }, {
      "d" : "1756449711333632132",
      "t" : 1756449711333,
      "tn" : 1756449711333632132,
      "q" : "326.0",
      "p" : "1.17801",
      "s" : "sell",
      "i" : "SPX_USD",
      "m" : "4611686018427408576"
    }, {
      "d" : "1756449695797700228",
      "t" : 1756449695797,
      "tn" : 1756449695797700228,
      "q" : "628.7",
      "p" : "1.17693",
      "s" : "sell",
      "i" : "SPX_USD",
      "m" : "4611686018427408575"
    }, {
      "d" : "1756449695797697910",
      "t" : 1756449695797,
      "tn" : 1756449695797697910,
      "q" : "723.7",
      "p" : "1.17749",
      "s" : "sell",
      "i" : "SPX_USD",
      "m" : "4611686018427408574"
    }, {
      "d" : "1756449695797696191",
      "t" : 1756449695797,
      "tn" : 1756449695797696191,
      "q" : "347.0",
      "p" : "1.17820",
      "s" : "sell",
      "i" : "SPX_USD",
      "m" : "4611686018427408573"
    }, {
      "d" : "1756449695797693368",
      "t" : 1756449695797,
      "tn" : 1756449695797693368,
      "q" : "7.6",
      "p" : "1.17821",
      "s" : "sell",
      "i" : "SPX_USD",
      "m" : "4611686018427408572"
    }, {
      "d" : "1756448210607359515",
      "t" : 1756448210607,
      "tn" : 1756448210607359515,
      "q" : "0.1",
      "p" : "1.18420",
      "s" : "sell",
      "i" : "SPX_USD",
      "m" : "4611686018427408571"
    }, {
      "d" : "1756448142603352419",
      "t" : 1756448142603,
      "tn" : 1756448142603352418,
      "q" : "64.4",
      "p" : "1.18420",
      "s" : "sell",
      "i" : "SPX_USD",
      "m" : "4611686018427408570"
    }, {
      "d" : "1756448142603352418",
      "t" : 1756448142603,
      "tn" : 1756448142603352418,
      "q" : "62.1",
      "p" : "1.18420",
      "s" : "sell",
      "i" : "SPX_USD",
      "m" : "4611686018427408570"
    }, {
      "d" : "1756433610787049392",
      "t" : 1756433610787,
      "tn" : 1756433610787049392,
      "q" : "586.8",
      "p" : "1.20177",
      "s" : "buy",
      "i" : "SPX_USD",
      "m" : "4611686018427408569"
    }, {
      "d" : "1756433610787047182",
      "t" : 1756433610787,
      "tn" : 1756433610787047182,
      "q" : "322.0",
      "p" : "1.20173",
      "s" : "buy",
      "i" : "SPX_USD",
      "m" : "4611686018427408568"
    }, {
      "d" : "1756433610787043557",
      "t" : 1756433610787,
      "tn" : 1756433610787043557,
      "q" : "7.6",
      "p" : "1.20172",
      "s" : "buy",
      "i" : "SPX_USD",
      "m" : "4611686018427408567"
    }, {
      "d" : "1756430876480649579",
      "t" : 1756430876480,
      "tn" : 1756430876480649578,
      "q" : "61.3",
      "p" : "1.19754",
      "s" : "sell",
      "i" : "SPX_USD",
      "m" : "4611686018427408566"
    }, {
      "d" : "1756430876480649578",
      "t" : 1756430876480,
      "tn" : 1756430876480649578,
      "q" : "60.5",
      "p" : "1.19754",
      "s" : "sell",
      "i" : "SPX_USD",
      "m" : "4611686018427408566"
    }, {
      "d" : "1756430873635268962",
      "t" : 1756430873635,
      "tn" : 1756430873635268962,
      "q" : "7.6",
      "p" : "1.20056",
      "s" : "sell",
      "i" : "SPX_USD",
      "m" : "4611686018427408565"
    }, {
      "d" : "1756422369991706549",
      "t" : 1756422369991,
      "tn" : 1756422369991706549,
      "q" : "54.7",
      "p" : "1.23317",
      "s" : "buy",
      "i" : "SPX_USD",
      "m" : "4611686018427408564"
    }, {
      "d" : "1756422369991704406",
      "t" : 1756422369991,
      "tn" : 1756422369991704403,
      "q" : "74.2",
      "p" : "1.23211",
      "s" : "buy",
      "i" : "SPX_USD",
      "m" : "4611686018427408563"
    }, {
      "d" : "1756422369991704405",
      "t" : 1756422369991,
      "tn" : 1756422369991704403,
      "q" : "62.0",
      "p" : "1.23211",
      "s" : "buy",
      "i" : "SPX_USD",
      "m" : "4611686018427408563"
    }, {
      "d" : "1756422369991704404",
      "t" : 1756422369991,
      "tn" : 1756422369991704403,
      "q" : "62.0",
      "p" : "1.23211",
      "s" : "buy",
      "i" : "SPX_USD",
      "m" : "4611686018427408563"
    }, {
      "d" : "1756422369991704403",
      "t" : 1756422369991,
      "tn" : 1756422369991704403,
      "q" : "59.6",
      "p" : "1.23211",
      "s" : "buy",
      "i" : "SPX_USD",
      "m" : "4611686018427408563"
    }, {
      "d" : "1756421349873940695",
      "t" : 1756421349873,
      "tn" : 1756421349873940695,
      "q" : "166.4",
      "p" : "1.22939",
      "s" : "sell",
      "i" : "SPX_USD",
      "m" : "4611686018427408562"
    }, {
      "d" : "1756420928913491517",
      "t" : 1756420928913,
      "tn" : 1756420928913491517,
      "q" : "341.0",
      "p" : "1.23307",
      "s" : "buy",
      "i" : "SPX_USD",
      "m" : "4611686018427408561"
    }, {
      "d" : "1756420928310963450",
      "t" : 1756420928310,
      "tn" : 1756420928310963450,
      "q" : "291.0",
      "p" : "1.23307",
      "s" : "buy",
      "i" : "SPX_USD",
      "m" : "4611686018427408560"
    }, {
      "d" : "1756420928022354026",
      "t" : 1756420928022,
      "tn" : 1756420928022354026,
      "q" : "41.0",
      "p" : "1.23307",
      "s" : "buy",
      "i" : "SPX_USD",
      "m" : "4611686018427408559"
    }, {
      "d" : "1756420896666264809",
      "t" : 1756420896666,
      "tn" : 1756420896666264809,
      "q" : "0.5",
      "p" : "1.23307",
      "s" : "buy",
      "i" : "SPX_USD",
      "m" : "4611686018427408558"
    }, {
      "d" : "1756420896666262525",
      "t" : 1756420896666,
      "tn" : 1756420896666262525,
      "q" : "140.6",
      "p" : "1.23041",
      "s" : "buy",
      "i" : "SPX_USD",
      "m" : "4611686018427408557"
    }, {
      "d" : "1756420859086166953",
      "t" : 1756420859086,
      "tn" : 1756420859086166953,
      "q" : "401.8",
      "p" : "1.23041",
      "s" : "buy",
      "i" : "SPX_USD",
      "m" : "4611686018427408556"
    }, {
      "d" : "1756420859075414016",
      "t" : 1756420859075,
      "tn" : 1756420859075414016,
      "q" : "297.0",
      "p" : "1.23041",
      "s" : "sell",
      "i" : "SPX_USD",
      "m" : "4611686018427408555"
    }, {
      "d" : "1756419772136296566",
      "t" : 1756419772136,
      "tn" : 1756419772136296566,
      "q" : "28.5",
      "p" : "1.22898",
      "s" : "buy",
      "i" : "SPX_USD",
      "m" : "4611686018427408554"
    }, {
      "d" : "1756419657339423329",
      "t" : 1756419657339,
      "tn" : 1756419657339423328,
      "q" : "35.1",
      "p" : "1.22898",
      "s" : "buy",
      "i" : "SPX_USD",
      "m" : "4611686018427408553"
    }, {
      "d" : "1756419657339423328",
      "t" : 1756419657339,
      "tn" : 1756419657339423328,
      "q" : "38.0",
      "p" : "1.22898",
      "s" : "buy",
      "i" : "SPX_USD",
      "m" : "4611686018427408553"
    }, {
      "d" : "1756419657023906192",
      "t" : 1756419657023,
      "tn" : 1756419657023906191,
      "q" : "21.9",
      "p" : "1.22898",
      "s" : "buy",
      "i" : "SPX_USD",
      "m" : "4611686018427408552"
    }, {
      "d" : "1756419657023906191",
      "t" : 1756419657023,
      "tn" : 1756419657023906191,
      "q" : "59.0",
      "p" : "1.22898",
      "s" : "buy",
      "i" : "SPX_USD",
      "m" : "4611686018427408552"
    }, {
      "d" : "1756419474414320814",
      "t" : 1756419474414,
      "tn" : 1756419474414320814,
      "q" : "17.0",
      "p" : "1.22245",
      "s" : "sell",
      "i" : "SPX_USD",
      "m" : "4611686018427408551"
    }, {
      "d" : "1756414519465779270",
      "t" : 1756414519465,
      "tn" : 1756414519465779270,
      "q" : "16.4",
      "p" : "1.19301",
      "s" : "buy",
      "i" : "SPX_USD",
      "m" : "4611686018427408550"
    }, {
      "d" : "1756414124682478401",
      "t" : 1756414124682,
      "tn" : 1756414124682478401,
      "q" : "10.0",
      "p" : "1.19158",
      "s" : "sell",
      "i" : "SPX_USD",
      "m" : "4611686018427408549"
    }, {
      "d" : "1756414124661770349",
      "t" : 1756414124661,
      "tn" : 1756414124661770349,
      "q" : "32.0",
      "p" : "1.19158",
      "s" : "sell",
      "i" : "SPX_USD",
      "m" : "4611686018427408548"
    }, {
      "d" : "1756414117719271634",
      "t" : 1756414117719,
      "tn" : 1756414117719271634,
      "q" : "231.6",
      "p" : "1.19158",
      "s" : "sell",
      "i" : "SPX_USD",
      "m" : "4611686018427408547"
    }, {
      "d" : "1756414117643260766",
      "t" : 1756414117643,
      "tn" : 1756414117643260766,
      "q" : "243.5",
      "p" : "1.19158",
      "s" : "sell",
      "i" : "SPX_USD",
      "m" : "4611686018427408546"
    }, {
      "d" : "1756414117643201610",
      "t" : 1756414117643,
      "tn" : 1756414117643201610,
      "q" : "250.0",
      "p" : "1.19158",
      "s" : "sell",
      "i" : "SPX_USD",
      "m" : "4611686018427408545"
    }, {
      "d" : "1756414117533796170",
      "t" : 1756414117533,
      "tn" : 1756414117533796170,
      "q" : "72.9",
      "p" : "1.19158",
      "s" : "sell",
      "i" : "SPX_USD",
      "m" : "4611686018427408544"
    }, {
      "d" : "1756413973319349487",
      "t" : 1756413973319,
      "tn" : 1756413973319349487,
      "q" : "7.8",
      "p" : "1.19589",
      "s" : "sell",
      "i" : "SPX_USD",
      "m" : "4611686018427408543"
    }, {
      "d" : "1756413960973626932",
      "t" : 1756413960973,
      "tn" : 1756413960973626932,
      "q" : "311.5",
      "p" : "1.19589",
      "s" : "sell",
      "i" : "SPX_USD",
      "m" : "4611686018427408542"
    }, {
      "d" : "1756413960902579818",
      "t" : 1756413960902,
      "tn" : 1756413960902579818,
      "q" : "213.7",
      "p" : "1.19589",
      "s" : "sell",
      "i" : "SPX_USD",
      "m" : "4611686018427408541"
    }, {
      "d" : "1756413953991239518",
      "t" : 1756413953991,
      "tn" : 1756413953991239518,
      "q" : "307.0",
      "p" : "1.19589",
      "s" : "buy",
      "i" : "SPX_USD",
      "m" : "4611686018427408540"
    }, {
      "d" : "1756413595435949709",
      "t" : 1756413595435,
      "tn" : 1756413595435949709,
      "q" : "7.6",
      "p" : "1.19075",
      "s" : "buy",
      "i" : "SPX_USD",
      "m" : "4611686018427408539"
    }, {
      "d" : "1756413113475604511",
      "t" : 1756413113475,
      "tn" : 1756413113475604511,
      "q" : "7.6",
      "p" : "1.19239",
      "s" : "sell",
      "i" : "SPX_USD",
      "m" : "4611686018427408538"
    }, {
      "d" : "1756412318798421906",
      "t" : 1756412318798,
      "tn" : 1756412318798421906,
      "q" : "82.9",
      "p" : "1.19351",
      "s" : "buy",
      "i" : "SPX_USD",
      "m" : "4611686018427408537"
    }, {
      "d" : "1756411431231391462",
      "t" : 1756411431231,
      "tn" : 1756411431231391462,
      "q" : "7.6",
      "p" : "1.19457",
      "s" : "sell",
      "i" : "SPX_USD",
      "m" : "4611686018427408536"
    }, {
      "d" : "1756410264777018212",
      "t" : 1756410264777,
      "tn" : 1756410264777018212,
      "q" : "74.2",
      "p" : "1.18873",
      "s" : "sell",
      "i" : "SPX_USD",
      "m" : "4611686018427408535"
    }, {
      "d" : "1756404443209442541",
      "t" : 1756404443209,
      "tn" : 1756404443209442541,
      "q" : "7.5",
      "p" : "1.21709",
      "s" : "buy",
      "i" : "SPX_USD",
      "m" : "4611686018427408534"
    }, {
      "d" : "1756403617360505512",
      "t" : 1756403617360,
      "tn" : 1756403617360505512,
      "q" : "158.5",
      "p" : "1.22000",
      "s" : "sell",
      "i" : "SPX_USD",
      "m" : "4611686018427408533"
    }, {
      "d" : "1756401770387160259",
      "t" : 1756401770387,
      "tn" : 1756401770387160259,
      "q" : "7.5",
      "p" : "1.21769",
      "s" : "buy",
      "i" : "SPX_USD",
      "m" : "4611686018427408532"
    }, {
      "d" : "1756400356328452113",
      "t" : 1756400356328,
      "tn" : 1756400356328452111,
      "q" : "54.8",
      "p" : "1.22090",
      "s" : "sell",
      "i" : "SPX_USD",
      "m" : "4611686018427408531"
    }, {
      "d" : "1756400356328452112",
      "t" : 1756400356328,
      "tn" : 1756400356328452111,
      "q" : "62.0",
      "p" : "1.22090",
      "s" : "sell",
      "i" : "SPX_USD",
      "m" : "4611686018427408531"
    }, {
      "d" : "1756400356328452111",
      "t" : 1756400356328,
      "tn" : 1756400356328452111,
      "q" : "12.2",
      "p" : "1.22090",
      "s" : "sell",
      "i" : "SPX_USD",
      "m" : "4611686018427408531"
    }, {
      "d" : "1756400355530551482",
      "t" : 1756400355530,
      "tn" : 1756400355530551482,
      "q" : "51.4",
      "p" : "1.22090",
      "s" : "sell",
      "i" : "SPX_USD",
      "m" : "4611686018427408530"
    }, {
      "d" : "1756395949606237702",
      "t" : 1756395949606,
      "tn" : 1756395949606237700,
      "q" : "52.6",
      "p" : "1.23731",
      "s" : "sell",
      "i" : "SPX_USD",
      "m" : "4611686018427408529"
    }, {
      "d" : "1756395949606237701",
      "t" : 1756395949606,
      "tn" : 1756395949606237700,
      "q" : "62.0",
      "p" : "1.23731",
      "s" : "sell",
      "i" : "SPX_USD",
      "m" : "4611686018427408529"
    }, {
      "d" : "1756395949606237700",
      "t" : 1756395949606,
      "tn" : 1756395949606237700,
      "q" : "59.9",
      "p" : "1.23731",
      "s" : "sell",
      "i" : "SPX_USD",
      "m" : "4611686018427408529"
    }, {
      "d" : "1756392504032154998",
      "t" : 1756392504032,
      "tn" : 1756392504032154998,
      "q" : "1.3",
      "p" : "1.25954",
      "s" : "sell",
      "i" : "SPX_USD",
      "m" : "4611686018427408528"
    }, {
      "d" : "1756388746102532006",
      "t" : 1756388746102,
      "tn" : 1756388746102532004,
      "q" : "49.3",
      "p" : "1.25358",
      "s" : "sell",
      "i" : "SPX_USD",
      "m" : "4611686018427408527"
    }, {
      "d" : "1756388746102532005",
      "t" : 1756388746102,
      "tn" : 1756388746102532004,
      "q" : "59.6",
      "p" : "1.25358",
      "s" : "sell",
      "i" : "SPX_USD",
      "m" : "4611686018427408527"
    }, {
      "d" : "1756388746102532004",
      "t" : 1756388746102,
      "tn" : 1756388746102532004,
      "q" : "59.0",
      "p" : "1.25358",
      "s" : "sell",
      "i" : "SPX_USD",
      "m" : "4611686018427408527"
    }, {
      "d" : "1756385970420872758",
      "t" : 1756385970420,
      "tn" : 1756385970420872758,
      "q" : "7.6",
      "p" : "1.26090",
      "s" : "sell",
      "i" : "SPX_USD",
      "m" : "4611686018427408526"
    }, {
      "d" : "1756380279031545982",
      "t" : 1756380279031,
      "tn" : 1756380279031545982,
      "q" : "34.4",
      "p" : "1.26026",
      "s" : "sell",
      "i" : "SPX_USD",
      "m" : "4611686018427408525"
    }, {
      "d" : "1756380278968505115",
      "t" : 1756380278968,
      "tn" : 1756380278968505115,
      "q" : "79.0",
      "p" : "1.26026",
      "s" : "sell",
      "i" : "SPX_USD",
      "m" : "4611686018427408524"
    }, {
      "d" : "1756380231777716666",
      "t" : 1756380231777,
      "tn" : 1756380231777716666,
      "q" : "79.0",
      "p" : "1.26026",
      "s" : "sell",
      "i" : "SPX_USD",
      "m" : "4611686018427408523"
    }, {
      "d" : "1756380231212862356",
      "t" : 1756380231212,
      "tn" : 1756380231212862356,
      "q" : "7.6",
      "p" : "1.26026",
      "s" : "sell",
      "i" : "SPX_USD",
      "m" : "4611686018427408522"
    }, {
      "d" : "1756379062576806061",
      "t" : 1756379062576,
      "tn" : 1756379062576806061,
      "q" : "7.6",
      "p" : "1.26026",
      "s" : "sell",
      "i" : "SPX_USD",
      "m" : "4611686018427408521"
    } ]
  }
}