{
  "id" : -1,
  "method" : "public/get-trades",
  "code" : 0,
  "result" : {
    "data" : [ {
      "d" : "1756462529749363780",
      "t" : 1756462529749,
      "tn" : 1756462529749363780,
      "q" : "1",
      "p" : "1.12299",
      "s" : "buy",
      "i" : "SPXUSD-PERP",
      "m" : "4611686018427698349"
    }, {
      "d" : "1756462517083315475",
      "t" : 1756462517083,
      "tn" : 1756462517083315475,
      "q" : "1",
      "p" : "1.12343",
      "s" : "buy",
      "i" : "SPXUSD-PERP",
      "m" : "4611686018427698348"
    }, {
      "d" : "1756462516147504415",
      "t" : 1756462516147,
      "tn" : 1756462516147504415,
      "q" : "1",
      "p" : "1.12299",
      "s" : "buy",
      "i" : "SPXUSD-PERP",
      "m" : "4611686018427698347"
    }, {
      "d" : "1756462514408548994",
      "t" : 1756462514408,
      "tn" : 1756462514408548994,
      "q" : "1",
      "p" : "1.12288",
      "s" : "buy",
      "i" : "SPXUSD-PERP",
      "m" : "4611686018427698346"
    }, {
      "d" : "1756462514334139348",
      "t" : 1756462514334,
      "tn" : 1756462514334139348,
      "q" : "1",
      "p" : "1.12290",
      "s" : "buy",
      "i" : "SPXUSD-PERP",
      "m" : "4611686018427698345"
    }, {
      "d" : "1756462514334137119",
      "t" : 1756462514334,
      "tn" : 1756462514334137119,
      "q" : "1",
      "p" : "1.12277",
      "s" : "buy",
      "i" : "SPXUSD-PERP",
      "m" : "4611686018427698344"
    }, {
      "d" : "1756462511996502073",
      "t" : 1756462511996,
      "tn" : 1756462511996502073,
      "q" : "1",
      "p" : "1.12244",
      "s" : "buy",
      "i" : "SPXUSD-PERP",
      "m" : "4611686018427698343"
    }, {
      "d" : "1756462505863445838",
      "t" : 1756462505863,
      "tn" : 1756462505863445838,
      "q" : "1",
      "p" : "1.12354",
      "s" : "buy",
      "i" : "SPXUSD-PERP",
      "m" : "4611686018427698342"
    }, {
      "d" : "1756462504577429619",
      "t" : 1756462504577,
      "tn" : 1756462504577429619,
      "q" : "1",
      "p" : "1.12354",
      "s" : "buy",
      "i" : "SPXUSD-PERP",
      "m" : "4611686018427698341"
    }, {
      "d" : "1756462504434149426",
      "t" : 1756462504434,
      "tn" : 1756462504434149426,
      "q" : "1",
      "p" : "1.12356",
      "s" : "buy",
      "i" : "SPXUSD-PERP",
      "m" : "4611686018427698340"
    }, {
      "d" : "1756462504429391962",
      "t" : 1756462504429,
      "tn" : 1756462504429391962,
      "q" : "1",
      "p" : "1.12343",
      "s" : "buy",
      "i" : "SPXUSD-PERP",
      "m" : "4611686018427698339"
    }, {
      "d" : "1756462498946436681",
      "t" : 1756462498946,
      "tn" : 1756462498946436681,
      "q" : "1",
      "p" : "1.12290",
      "s" : "buy",
      "i" : "SPXUSD-PERP",
      "m" : "4611686018427698338"
    }, {
      "d" : "1756462488326577400",
      "t" : 1756462488326,
      "tn" : 1756462488326577400,
      "q" : "1",
      "p" : "1.12256",
      "s" : "buy",
      "i" : "SPXUSD-PERP",
      "m" : "4611686018427698337"
    }, {
      "d" : "1756462476647746961",
      "t" : 1756462476647,
      "tn" : 1756462476647746961,
      "q" : "1",
      "p" : "1.12392",
      "s" : "buy",
      "i" : "SPXUSD-PERP",
      "m" : "4611686018427698336"
    }, {
      "d" : "1756462458920478341",
      "t" : 1756462458920,
      "tn" : 1756462458920478341,
      "q" : "1",
      "p" : "1.12368",
      "s" : "buy",
      "i" : "SPXUSD-PERP",
      "m" : "4611686018427698335"
    }, {
      "d" : "1756462457347601183",
      "t" : 1756462457347,
      "tn" : 1756462457347601183,
      "q" : "1",
      "p" : "1.12364",
      "s" : "buy",
      "i" : "SPXUSD-PERP",
      "m" : "4611686018427698334"
    }, {
      "d" : "1756462457237298516",
      "t" : 1756462457237,
      "tn" : 1756462457237298516,
      "q" : "1",
      "p" : "1.12300",
      "s" : "buy",
      "i" : "SPXUSD-PERP",
      "m" : "4611686018427698333"
    }, {
      "d" : "1756462457128022853",
      "t" : 1756462457128,
      "tn" : 1756462457128022853,
      "q" : "7",
      "p" : "1.12222",
      "s" : "sell",
      "i" : "SPXUSD-PERP",
      "m" : "4611686018427698332"
    }, {
      "d" : "1756462457128020951",
      "t" : 1756462457128,
      "tn" : 1756462457128020951,
      "q" : "44",
      "p" : "1.12244",
      "s" : "sell",
      "i" : "SPXUSD-PERP",
      "m" : "4611686018427698331"
    }, {
      "d" : "1756462457128018539",
      "t" : 1756462457128,
      "tn" : 1756462457128018539,
      "q" : "44",
      "p" : "1.12266",
      "s" : "sell",
      "i" : "SPXUSD-PERP",
      "m" : "4611686018427698330"
    }, {
      "d" : "1756462457128016122",
      "t" : 1756462457128,
      "tn" : 1756462457128016122,
      "q" : "44",
      "p" : "1.12288",
      "s" : "sell",
      "i" : "SPXUSD-PERP",
      "m" : "4611686018427698329"
    }, {
      "d" : "1756462457128013356",
      "t" : 1756462457128,
      "tn" : 1756462457128013356,
      "q" : "1",
      "p" : "1.12398",
      "s" : "sell",
      "i" : "SPXUSD-PERP",
      "m" : "4611686018427698328"
    }, {
      "d" : "1756462457122279029",
      "t" : 1756462457122,
      "tn" : 1756462457122279029,
      "q" : "1",
      "p" : "1.12437",
      "s" : "sell",
      "i" : "SPXUSD-PERP",
      "m" : "4611686018427698327"
    }, {
      "d" : "1756462456534605707",
      "t" : 1756462456534,
      "tn" : 1756462456534605707,
      "q" : "1",
      "p" : "1.12461",
      "s" : "sell",
      "i" : "SPXUSD-PERP",
      "m" : "4611686018427698326"
    }, {
      "d" : "1756462454395252309",
      "t" : 1756462454395,
      "tn" : 1756462454395252309,
      "q" : "1",
      "p" : "1.12505",
      "s" : "sell",
      "i" : "SPXUSD-PERP",
      "m" : "4611686018427698325"
    }, {
      "d" : "1756462452351976521",
      "t" : 1756462452351,
      "tn" : 1756462452351976521,
      "q" : "1",
      "p" : "1.12498",
      "s" : "buy",
      "i" : "SPXUSD-PERP",
      "m" : "4611686018427698324"
    }, {
      "d" : "1756462446489754197",
      "t" : 1756462446489,
      "tn" : 1756462446489754197,
      "q" : "1",
      "p" : "1.12464",
      "s" : "buy",
      "i" : "SPXUSD-PERP",
      "m" : "4611686018427698323"
    }, {
      "d" : "1756462446372168589",
      "t" : 1756462446372,
      "tn" : 1756462446372168589,
      "q" : "1",
      "p" : "1.12460",
      "s" : "buy",
      "i" : "SPXUSD-PERP",
      "m" : "4611686018427698322"
    }, {
      "d" : "1756462445239975157",
      "t" : 1756462445239,
      "tn" : 1756462445239975157,
      "q" : "1",
      "p" : "1.12467",
      "s" : "sell",
      "i" : "SPXUSD-PERP",
      "m" : "4611686018427698321"
    }, {
      "d" : "1756462443828816752",
      "t" : 1756462443828,
      "tn" : 1756462443828816752,
      "q" : "1",
      "p" : "1.12420",
      "s" : "buy",
      "i" : "SPXUSD-PERP",
      "m" : "4611686018427698320"
    }, {
      "d" : "1756462443448392965",
      "t" : 1756462443448,
      "tn" : 1756462443448392965,
      "q" : "1",
      "p" : "1.12407",
      "s" : "sell",
      "i" : "SPXUSD-PERP",
      "m" : "4611686018427698319"
    }, {
      "d" : "1756462443336509280",
      "t" : 1756462443336,
      "tn" : 1756462443336509280,
      "q" : "1",
      "p" : "1.12431",
      "s" : "sell",
      "i" : "SPXUSD-PERP",
      "m" : "4611686018427698318"
    }, {
      "d" : "1756462443163446058",
      "t" : 1756462443163,
      "tn" : 1756462443163446058,
      "q" : "1",
      "p" : "1.12475",
      "s" : "sell",
      "i" : "SPXUSD-PERP",
      "m" : "4611686018427698317"
    }, {
      "d" : "1756462442393644338",
      "t" : 1756462442393,
      "tn" : 1756462442393644338,
      "q" : "1",
      "p" : "1.12468",
      "s" : "buy",
      "i" : "SPXUSD-PERP",
      "m" : "4611686018427698316"
    }, {
      "d" : "1756462441850228028",
      "t" : 1756462441850,
      "tn" : 1756462441850228028,
      "q" : "1",
      "p" : "1.12464",
      "s" : "buy",
      "i" : "SPXUSD-PERP",
      "m" : "4611686018427698315"
    }, {
      "d" : "1756462432426103948",
      "t" : 1756462432426,
      "tn" : 1756462432426103948,
      "q" : "1",
      "p" : "1.12470",
      "s" : "buy",
      "i" : "SPXUSD-PERP",
      "m" : "4611686018427698314"
    }, {
      "d" : "1756462432312211808",
      "t" : 1756462432312,
      "tn" : 1756462432312211808,
      "q" : "1",
      "p" : "1.12467",
      "s" : "buy",
      "i" : "SPXUSD-PERP",
      "m" : "4611686018427698313"
    }, {
      "d" : "1756462431946675378",
      "t" : 1756462431946,
      "tn" : 1756462431946675378,
      "q" : "1",
      "p" : "1.12503",
      "s" : "sell",
      "i" : "SPXUSD-PERP",
      "m" : "4611686018427698312"
    }, {
      "d" : "1756462426384964809",
      "t" : 1756462426384,
      "tn" : 1756462426384964809,
      "q" : "1",
      "p" : "1.12527",
      "s" : "buy",
      "i" : "SPXUSD-PERP",
      "m" : "4611686018427698311"
    }, {
      "d" : "1756462414013210859",
      "t" : 1756462414013,
      "tn" : 1756462414013210859,
      "q" : "1",
      "p" : "1.12573",
      "s" : "sell",
      "i" : "SPXUSD-PERP",
      "m" : "4611686018427698310"
    }, {
      "d" : "1756462408133846947",
      "t" : 1756462408133,
      "tn" : 1756462408133846947,
      "q" : "1",
      "p" : "1.12597",
      "s" : "buy",
      "i" : "SPXUSD-PERP",
      "m" : "4611686018427698309"
    }, {
      "d" : "1756462404576582060",
      "t" : 1756462404576,
      "tn" : 1756462404576582060,
      "q" : "1",
      "p" : "1.12583",
      "s" : "buy",
      "i" : "SPXUSD-PERP",
      "m" : "4611686018427698308"
    }, {
      "d" : "1756462403668108232",
      "t" : 1756462403668,
      "tn" : 1756462403668108232,
      "q" : "1",
      "p" : "1.12589",
      "s" : "sell",
      "i" : "SPXUSD-PERP",
      "m" : "4611686018427698307"
    }, {
      "d" : "1756462403208849212",
      "t" : 1756462403208,
      "tn" : 1756462403208849212,
      "q" : "1",
      "p" : "1.12613",
      "s" : "sell",
      "i" : "SPXUSD-PERP",
      "m" : "4611686018427698306"
    }, {
      "d" : "1756462401993770001",
      "t" : 1756462401993,
      "tn" : 1756462401993770001,
      "q" : "1",
      "p" : "1.12617",
      "s" : "buy",
      "i" : "SPXUSD-PERP",
      "m" : "4611686018427698305"
    }, {
      "d" : "1756462399673741251",
      "t" : 1756462399673,
      "tn" : 1756462399673741251,
      "q" : "1",
      "p" : "1.12643",
      "s" : "sell",
      "i" : "SPXUSD-PERP",
      "m" : "4611686018427698304"
    }, {
      "d" : "1756462397488977365",
      "t" : 1756462397488,
      "tn" : 1756462397488977365,
      "q" : "1",
      "p" : "1.12667",
      "s" : "sell",
      "i" : "SPXUSD-PERP",
      "m" : "4611686018427698303"
    }, {
      "d" : "1756462397318554569",
      "t" : 1756462397318,
      "tn" : 1756462397318554569,
      "q" : "1",
      "p" : "1.12681",
      "s" : "sell",
      "i" : "SPXUSD-PERP",
      "m" : "4611686018427698302"
    }, {
      "d" : "1756462397202216580",
      "t" : 1756462397202,
      "tn" : 1756462397202216580,
      "q" : "1",
      "p" : "1.12695",
      "s" : "sell",
      "i" : "SPXUSD-PERP",
      "m" : "4611686018427698301"
    }, {
      "d" : "1756462396485730461",
      "t" : 1756462396485,
      "tn" : 1756462396485730461,
      "q" : "1",
      "p" : "1.12689",
      "s" : "sell",
      "i" : "SPXUSD-PERP",
      "m" : "4611686018427698300"
    }, {
      "d" : "1756462396290350195",
      "t" : 1756462396290,
      "tn" : 1756462396290350195,
      "q" : "1",
      "p" : "1.12672",
      "s" : "buy",
      "i" : "SPXUSD-PERP",
      "m" : "4611686018427698299"
    }, {
      "d" : "1756462395844723383",
      "t" : 1756462395844,
      "tn" : 1756462395844723383,
      "q" : "1",
      "p" : "1.12638",
      "s" : "buy",
      "i" : "SPXUSD-PERP",
      "m" : "4611686018427698298"
    }, {
      "d" : "1756462395727145653",
      "t" : 1756462395727,
      "tn" : 1756462395727145653,
      "q" : "1",
      "p" : "1.12634",
      "s" : "buy",
      "i" : "SPXUSD-PERP",
      "m" : "4611686018427698297"
    }, {
      "d" : "1756462395522797992",
      "t" : 1756462395522,
      "tn" : 1756462395522797992,
      "q" : "1",
      "p" : "1.12630",
      "s" : "buy",
      "i" : "SPXUSD-PERP",
      "m" : "4611686018427698296"
    }, {
      "d" : "1756462395056121872",
      "t" : 1756462395056,
      "tn" : 1756462395056121872,
      "q" : "1",
      "p" : "1.12607",
      "s" : "buy",
      "i" : "SPXUSD-PERP",
      "m" : "4611686018427698295"
    }, {
      "d" : "1756462394943610038",
      "t" : 1756462394943,
      "tn" : 1756462394943610038,
      "q" : "1",
      "p" : "1.12603",
      "s" : "buy",
      "i" : "SPXUSD-PERP",
      "m" : "4611686018427698294"
    }, {
      "d" : "1756462394808659750",
      "t" : 1756462394808,
      "tn" : 1756462394808659750,
      "q" : "1",
      "p" : "1.12589",
      "s" : "buy",
      "i" : "SPXUSD-PERP",
      "m" : "4611686018427698293"
    }, {
      "d" : "1756462391695157382",
      "t" : 1756462391695,
      "tn" : 1756462391695157382,
      "q" : "1",
      "p" : "1.12575",
      "s" : "sell",
      "i" : "SPXUSD-PERP",
      "m" : "4611686018427698292"
    }, {
      "d" : "1756462391474825514",
      "t" : 1756462391474,
      "tn" : 1756462391474825514,
      "q" : "1",
      "p" : "1.12559",
      "s" : "buy",
      "i" : "SPXUSD-PERP",
      "m" : "4611686018427698291"
    }, {
      "d" : "1756462389822490999",
      "t" : 1756462389822,
      "tn" : 1756462389822490999,
      "q" : "1",
      "p" : "1.12605",
      "s" : "sell",
      "i" : "SPXUSD-PERP",
      "m" : "4611686018427698290"
    }, {
      "d" : "1756462389294831033",
      "t" : 1756462389294,
      "tn" : 1756462389294831033,
      "q" : "1",
      "p" : "1.12649",
      "s" : "sell",
      "i" : "SPXUSD-PERP",
      "m" : "4611686018427698289"
    }, {
      "d" : "1756462388787875407",
      "t" : 1756462388787,
      "tn" : 1756462388787875407,
      "q" : "1",
      "p" : "1.12663",
      "s" : "sell",
      "i" : "SPXUSD-PERP",
      "m" : "4611686018427698288"
    }, {
      "d" : "1756462388661390426",
      "t" : 1756462388661,
      "tn" : 1756462388661390426,
      "q" : "1",
      "p" : "1.12687",
      "s" : "sell",
      "i" : "SPXUSD-PERP",
      "m" : "4611686018427698287"
    }, {
      "d" : "1756462383264821711",
      "t" : 1756462383264,
      "tn" : 1756462383264821711,
      "q" : "1",
      "p" : "1.12721",
      "s" : "sell",
      "i" : "SPXUSD-PERP",
      "m" : "4611686018427698286"
    }, {
      "d" : "1756462382557898357",
      "t" : 1756462382557,
      "tn" : 1756462382557898357,
      "q" : "1",
      "p" : "1.12725",
      "s" : "sell",
      "i" : "SPXUSD-PERP",
      "m" : "4611686018427698285"
    }, {
      "d" : "1756462382440022469",
      "t" : 1756462382440,
      "tn" : 1756462382440022469,
      "q" : "1",
      "p" : "1.12749",
      "s" : "sell",
      "i" : "SPXUSD-PERP",
      "m" : "4611686018427698284"
    }, {
      "d" : "1756462381120725139",
      "t" : 1756462381120,
      "tn" : 1756462381120725139,
      "q" : "1",
      "p" : "1.12732",
      "s" : "buy",
      "i" : "SPXUSD-PERP",
      "m" : "4611686018427698283"
    }, {
      "d" : "1756462380664714919",
      "t" : 1756462380664,
      "tn" : 1756462380664714919,
      "q" : "1",
      "p" : "1.12728",
      "s" : "buy",
      "i" : "SPXUSD-PERP",
      "m" : "4611686018427698282"
    }, {
      "d" : "1756462380275916962",
      "t" : 1756462380275,
      "tn" : 1756462380275916962,
      "q" : "1",
      "p" : "1.12724",
      "s" : "buy",
      "i" : "SPXUSD-PERP",
      "m" : "4611686018427698281"
    }, {
      "d" : "1756462375583737249",
      "t" : 1756462375583,
      "tn" : 1756462375583737249,
      "q" : "1",
      "p" : "1.12741",
      "s" : "sell",
      "i" : "SPXUSD-PERP",
      "m" : "4611686018427698280"
    }, {
      "d" : "1756462373525213955",
      "t" : 1756462373525,
      "tn" : 1756462373525213955,
      "q" : "1",
      "p" : "1.12744",
      "s" : "buy",
      "i" : "SPXUSD-PERP",
      "m" : "4611686018427698279"
    }, {
      "d" : "1756462372224009870",
      "t" : 1756462372224,
      "tn" : 1756462372224009870,
      "q" : "1",
      "p" : "1.12730",
      "s" : "buy",
      "i" : "SPXUSD-PERP",
      "m" : "4611686018427698278"
    }, {
      "d" : "1756462371745198639",
      "t" : 1756462371745,
      "tn" : 1756462371745198639,
      "q" : "1",
      "p" : "1.12727",
      "s" : "buy",
      "i" : "SPXUSD-PERP",
      "m" : "4611686018427698277"
    }, {
      "d" : "1756462371173568935",
      "t" : 1756462371173,
      "tn" : 1756462371173568935,
      "q" : "1",
      "p" : "1.12733",
      "s" : "sell",
      "i" : "SPXUSD-PERP",
      "m" : "4611686018427698276"
    }, {
      "d" : "1756462370952589654",
      "t" : 1756462370952,
      "tn" : 1756462370952589654,
      "q" : "1",
      "p" : "1.12737",
      "s" : "sell",
      "i" : "SPXUSD-PERP",
      "m" : "4611686018427698275"
    }, {
      "d" : "1756462369708216237",
      "t" : 1756462369708,
      "tn" : 1756462369708216237,
      "q" : "1",
      "p" : "1.12720",
      "s" : "buy",
      "i" : "SPXUSD-PERP",
      "m" : "4611686018427698274"
    }, {
      "d" : "1756462369508451382",
      "t" : 1756462369508,
      "tn" : 1756462369508451382,
      "q" : "1",
      "p" : "1.12707",
      "s" : "buy",
      "i" : "SPXUSD-PERP",
      "m" : "4611686018427698273"
    }, {
      "d" : "1756462369067748467",
      "t" : 1756462369067,
      "tn" : 1756462369067748467,
      "q" : "1",
      "p" : "1.12733",
      "s" : "sell",
      "i" : "SPXUSD-PERP",
      "m" : "4611686018427698272"
    }, {
      "d" : "1756462368842871214",
      "t" : 1756462368842,
      "tn" : 1756462368842871214,
      "q" : "1",
      "p" : "1.12717",
      "s" : "buy",
      "i" : "SPXUSD-PERP",
      "m" : "4611686018427698271"
    }, {
      "d" : "1756462368721730173",
      "t" : 1756462368721,
      "tn" : 1756462368721730173,
      "q" : "1",
      "p" : "1.12703",
      "s" : "sell",
      "i" : "SPXUSD-PERP",
      "m" : "4611686018427698270"
    }, {
      "d" : "1756462367081458476",
      "t" : 1756462367081,
      "tn" : 1756462367081458476,
      "q" : "1",
      "p" : "1.12707",
      "s" : "sell",
      "i" : "SPXUSD-PERP",
      "m" : "4611686018427698269"
    }, {
      "d" : "1756462366917960356",
      "t" : 1756462366917,
      "tn" : 1756462366917960356,
      "q" : "1",
      "p" : "1.12690",
      "s" : "buy",
      "i" : "SPXUSD-PERP",
      "m" : "4611686018427698268"
    }, {
      "d" : "1756462366782990841",
      "t" : 1756462366782,
      "tn" : 1756462366782990841,
      "q" : "1",
      "p" : "1.12697",
      "s" : "sell",
      "i" : "SPXUSD-PERP",
      "m" : "4611686018427698267"
    }, {
      "d" : "1756462359068010124",
      "t" : 1756462359068,
      "tn" : 1756462359068010124,
      "q" : "1",
      "p" : "1.12740",
      "s" : "buy",
      "i" : "SPXUSD-PERP",
      "m" : "4611686018427698266"
    }, {
      "d" : "1756462357940068403",
      "t" : 1756462357940,
      "tn" : 1756462357940068403,
      "q" : "1",
      "p" : "1.12737",
      "s" : "sell",
      "i" : "SPXUSD-PERP",
      "m" : "4611686018427698265"
    }, {
      "d" : "1756462357157184825",
      "t" : 1756462357157,
      "tn" : 1756462357157184825,
      "q" : "1",
      "p" : "1.12730",
      "s" : "buy",
      "i" : "SPXUSD-PERP",
      "m" : "4611686018427698264"
    }, {
      "d" : "1756462345080225367",
      "t" : 1756462345080,
      "tn" : 1756462345080225367,
      "q" : "1",
      "p" : "1.12737",
      "s" : "sell",
      "i" : "SPXUSD-PERP",
      "m" : "4611686018427698263"
    }, {
      "d" : "1756462344967177486",
      "t" : 1756462344967,
      "tn" : 1756462344967177486,
      "q" : "1",
      "p" : "1.12741",
      "s" : "sell",
      "i" : "SPXUSD-PERP",
      "m" : "4611686018427698262"
    }, {
      "d" : "1756462344853447636",
      "t" : 1756462344853,
      "tn" : 1756462344853447636,
      "q" : "1",
      "p" : "1.12728",
      "s" : "buy",
      "i" : "SPXUSD-PERP",
      "m" : "4611686018427698261"
    }, {
      "d" : "1756462344848178548",
      "t" : 1756462344848,
      "tn" : 1756462344848178548,
      "q" : "1",
      "p" : "1.12704",
      "s" : "buy",
      "i" : "SPXUSD-PERP",
      "m" : "4611686018427698260"
    }, {
      "d" : "1756462343035427563",
      "t" : 1756462343035,
      "tn" : 1756462343035427563,
      "q" : "1",
      "p" : "1.12650",
      "s" : "buy",
      "i" : "SPXUSD-PERP",
      "m" : "4611686018427698259"
    }, {
      "d" : "1756462340069170226",
      "t" : 1756462340069,
      "tn" : 1756462340069170226,
      "q" : "1",
      "p" : "1.12637",
      "s" : "buy",
      "i" : "SPXUSD-PERP",
      "m" : "4611686018427698258"
    }, {
      "d" : "1756462337885808876",
      "t" : 1756462337885,
      "tn" : 1756462337885808876,
      "q" : "1",
      "p" : "1.12643",
      "s" : "sell",
      "i" : "SPXUSD-PERP",
      "m" : "4611686018427698257"
    }, {
      "d" : "1756462337157719152",
      "t" : 1756462337157,
      "tn" : 1756462337157719152,
      "q" : "1",
      "p" : "1.12657",
      "s" : "sell",
      "i" : "SPXUSD-PERP",
      "m" : "4611686018427698256"
    }, {
      "d" : "1756462337007316465",
      "t" : 1756462337007,
      "tn" : 1756462337007316465,
      "q" : "1",
      "p" : "1.12701",
      "s" : "sell",
      "i" : "SPXUSD-PERP",
      "m" : "4611686018427698255"
    }, {
      "d" : "1756462328137738854",
      "t" : 1756462328137,
      "tn" : 1756462328137738854,
      "q" : "1",
      "p" : "1.12714",
      "s" : "buy",
      "i" : "SPXUSD-PERP",
      "m" : "4611686018427698254"
    }, {
      "d" : "1756462327701901520",
      "t" : 1756462327701,
      "tn" : 1756462327701901520,
      "q" : "1",
      "p" : "1.12660",
      "s" : "buy",
      "i" : "SPXUSD-PERP",
      "m" : "4611686018427698253"
    }, {
      "d" : "1756462323499194441",
      "t" : 1756462323499,
      "tn" : 1756462323499194441,
      "q" : "1",
      "p" : "1.12667",
      "s" : "sell",
      "i" : "SPXUSD-PERP",
      "m" : "4611686018427698252"
    }, {
      "d" : "1756462321815047139",
      "t" : 1756462321815,
      "tn" : 1756462321815047139,
      "q" : "1",
      "p" : "1.12670",
      "s" : "buy",
      "i" : "SPXUSD-PERP",
      "m" : "4611686018427698251"
    }, {
      "d" : "1756462321135106040",
      "t" : 1756462321135,
      "tn" : 1756462321135106040,
      "q" : "1",
      "p" : "1.12647",
      "s" : "buy",
      "i" : "SPXUSD-PERP",
      "m" : "4611686018427698250"
    }, {
      "d" : "1756462320808163112",
      "t" : 1756462320808,
      "tn" : 1756462320808163112,
      "q" : "1",
      "p" : "1.12643",
      "s" : "buy",
      "i" : "SPXUSD-PERP",
      "m" : "4611686018427698249"
    }, {
      "d" : "1756462318074862185",
      "t" : 1756462318074,
      "tn" : 1756462318074862185,
      "q" : "1",
      "p" : "1.12669",
      "s" : "sell",
      "i" : "SPXUSD-PERP",
      "m" : "4611686018427698248"
    }, {
      "d" : "1756462315104078580",
      "t" : 1756462315104,
      "tn" : 1756462315104078580,
      "q" : "1",
      "p" : "1.12673",
      "s" : "sell",
      "i" : "SPXUSD-PERP",
      "m" : "4611686018427698247"
    }, {
      "d" : "1756462312899305524",
      "t" : 1756462312899,
      "tn" : 1756462312899305524,
      "q" : "1",
      "p" : "1.12667",
      "s" : "buy",
      "i" : "SPXUSD-PERP",
      "m" : "4611686018427698246"
    }, {
      "d" : "1756462311848333170",
      "t" : 1756462311848,
      "tn" : 1756462311848333170,
      "q" : "1",
      "p" : "1.12733",
      "s" : "sell",
      "i" : "SPXUSD-PERP",
      "m" : "4611686018427698245"
    }, {
      "d" : "1756462311735848422",
      "t" : 1756462311735,
      "tn" : 1756462311735848422,
      "q" : "1",
      "p" : "1.12717",
      "s" : "buy",
      "i" : "SPXUSD-PERP",
      "m" : "4611686018427698244"
    }, {
      "d" : "1756462311377338845",
      "t" : 1756462311377,
      "tn" : 1756462311377338845,
      "q" : "1",
      "p" : "1.12713",
      "s" : "buy",
      "i" : "SPXUSD-PERP",
      "m" : "4611686018427698243"
    }, {
      "d" : "1756462310818291122",
      "t" : 1756462310818,
      "tn" : 1756462310818291122,
      "q" : "1",
      "p" : "1.12719",
      "s" : "sell",
      "i" : "SPXUSD-PERP",
      "m" : "4611686018427698242"
    }, {
      "d" : "1756462305501733133",
      "t" : 1756462305501,
      "tn" : 1756462305501733133,
      "q" : "1",
      "p" : "1.12723",
      "s" : "buy",
      "i" : "SPXUSD-PERP",
      "m" : "4611686018427698241"
    }, {
      "d" : "1756462305169210879",
      "t" : 1756462305169,
      "tn" : 1756462305169210879,
      "q" : "1",
      "p" : "1.12709",
      "s" : "sell",
      "i" : "SPXUSD-PERP",
      "m" : "4611686018427698240"
    }, {
      "d" : "1756462304457848059",
      "t" : 1756462304457,
      "tn" : 1756462304457848059,
      "q" : "1",
      "p" : "1.12713",
      "s" : "sell",
      "i" : "SPXUSD-PERP",
      "m" : "4611686018427698239"
    }, {
      "d" : "1756462301608314355",
      "t" : 1756462301608,
      "tn" : 1756462301608314355,
      "q" : "1",
      "p" : "1.12717",
      "s" : "sell",
      "i" : "SPXUSD-PERP",
      "m" : "4611686018427698238"
    }, {
      "d" : "1756462296863641125",
      "t" : 1756462296863,
      "tn" : 1756462296863641125,
      "q" : "1",
      "p" : "1.12710",
      "s" : "buy",
      "i" : "SPXUSD-PERP",
      "m" : "4611686018427698237"
    }, {
      "d" : "1756462292262834240",
      "t" : 1756462292262,
      "tn" : 1756462292262834240,
      "q" : "1",
      "p" : "1.12707",
      "s" : "sell",
      "i" : "SPXUSD-PERP",
      "m" : "4611686018427698236"
    }, {
      "d" : "1756462291218233698",
      "t" : 1756462291218,
      "tn" : 1756462291218233698,
      "q" : "1",
      "p" : "1.12711",
      "s" : "sell",
      "i" : "SPXUSD-PERP",
      "m" : "4611686018427698235"
    }, {
      "d" : "1756462284397774223",
      "t" : 1756462284397,
      "tn" : 1756462284397774223,
      "q" : "1",
      "p" : "1.12695",
      "s" : "sell",
      "i" : "SPXUSD-PERP",
      "m" : "4611686018427698234"
    }, {
      "d" : "1756462283289389682",
      "t" : 1756462283289,
      "tn" : 1756462283289389682,
      "q" : "1",
      "p" : "1.12698",
      "s" : "buy",
      "i" : "SPXUSD-PERP",
      "m" : "4611686018427698233"
    }, {
      "d" : "1756462283131770887",
      "t" : 1756462283131,
      "tn" : 1756462283131770887,
      "q" : "1",
      "p" : "1.12735",
      "s" : "sell",
      "i" : "SPXUSD-PERP",
      "m" : "4611686018427698232"
    }, {
      "d" : "1756462278203794982",
      "t" : 1756462278203,
      "tn" : 1756462278203794982,
      "q" : "1",
      "p" : "1.12739",
      "s" : "sell",
      "i" : "SPXUSD-PERP",
      "m" : "4611686018427698231"
    }, {
      "d" : "1756462275850525321",
      "t" : 1756462275850,
      "tn" : 1756462275850525321,
      "q" : "1",
      "p" : "1.12732",
      "s" : "buy",
      "i" : "SPXUSD-PERP",
      "m" : "4611686018427698230"
    }, {
      "d" : "1756462273433526648",
      "t" : 1756462273433,
      "tn" : 1756462273433526648,
      "q" : "1",
      "p" : "1.12728",
      "s" : "buy",
      "i" : "SPXUSD-PERP",
      "m" : "4611686018427698229"
    }, {
      "d" : "1756462272630651633",
      "t" : 1756462272630,
      "tn" : 1756462272630651633,
      "q" : "1",
      "p" : "1.12704",
      "s" : "buy",
      "i" : "SPXUSD-PERP",
      "m" : "4611686018427698228"
    }, {
      "d" : "1756462266687393964",
      "t" : 1756462266687,
      "tn" : 1756462266687393964,
      "q" : "1",
      "p" : "1.12680",
      "s" : "buy",
      "i" : "SPXUSD-PERP",
      "m" : "4611686018427698227"
    }, {
      "d" : "1756462265763956662",
      "t" : 1756462265763,
      "tn" : 1756462265763956662,
      "q" : "1",
      "p" : "1.12677",
      "s" : "sell",
      "i" : "SPXUSD-PERP",
      "m" : "4611686018427698226"
    }, {
      "d" : "1756462263308564139",
      "t" : 1756462263308,
      "tn" : 1756462263308564139,
      "q" : "1",
      "p" : "1.12706",
      "s" : "sell",
      "i" : "SPXUSD-PERP",
      "m" : "4611686018427698225"
    }, {
      "d" : "1756462263284245969",
      "t" : 1756462263284,
      "tn" : 1756462263284245969,
      "q" : "1",
      "p" : "1.12741",
      "s" : "sell",
      "i" : "SPXUSD-PERP",
      "m" : "4611686018427698224"
    }, {
      "d" : "1756462261639452969",
      "t" : 1756462261639,
      "tn" : 1756462261639452969,
      "q" : "1",
      "p" : "1.12744",
      "s" : "buy",
      "i" : "SPXUSD-PERP",
      "m" : "4611686018427698223"
    }, {
      "d" : "1756462261189026380",
      "t" : 1756462261189,
      "tn" : 1756462261189026380,
      "q" : "1",
      "p" : "1.12761",
      "s" : "sell",
      "i" : "SPXUSD-PERP",
      "m" : "4611686018427698222"
    }, {
      "d" : "1756462260956618810",
      "t" : 1756462260956,
      "tn" : 1756462260956618810,
      "q" : "1",
      "p" : "1.12775",
      "s" : "sell",
      "i" : "SPXUSD-PERP",
      "m" : "4611686018427698221"
    }, {
      "d" : "1756462260846731982",
      "t" : 1756462260846,
      "tn" : 1756462260846731982,
      "q" : "1",
      "p" : "1.12809",
      "s" : "sell",
      "i" : "SPXUSD-PERP",
      "m" : "4611686018427698220"
    }, {
      "d" : "1756462260627959945",
      "t" : 1756462260627,
      "tn" : 1756462260627959945,
      "q" : "1",
      "p" : "1.12812",
      "s" : "sell",
      "i" : "SPXUSD-PERP",
      "m" : "4611686018427698219"
    }, {
      "d" : "1756462259904703857",
      "t" : 1756462259904,
      "tn" : 1756462259904703857,
      "q" : "1",
      "p" : "1.12796",
      "s" : "buy",
      "i" : "SPXUSD-PERP",
      "m" : "4611686018427698218"
    }, {
      "d" : "1756462252149842273",
      "t" : 1756462252149,
      "tn" : 1756462252149842273,
      "q" : "1",
      "p" : "1.12732",
      "s" : "buy",
      "i" : "SPXUSD-PERP",
      "m" : "4611686018427698217"
    }, {
      "d" : "1756462252035067018",
      "t" : 1756462252035,
      "tn" : 1756462252035067018,
      "q" : "1",
      "p" : "1.12718",
      "s" : "buy",
      "i" : "SPXUSD-PERP",
      "m" : "4611686018427698216"
    }, {
      "d" : "1756462250403344018",
      "t" : 1756462250403,
      "tn" : 1756462250403344018,
      "q" : "1",
      "p" : "1.12704",
      "s" : "buy",
      "i" : "SPXUSD-PERP",
      "m" : "4611686018427698215"
    }, {
      "d" : "1756462243438272013",
      "t" : 1756462243438,
      "tn" : 1756462243438272013,
      "q" : "1",
      "p" : "1.12691",
      "s" : "sell",
      "i" : "SPXUSD-PERP",
      "m" : "4611686018427698214"
    }, {
      "d" : "1756462241649823820",
      "t" : 1756462241649,
      "tn" : 1756462241649823820,
      "q" : "1",
      "p" : "1.12674",
      "s" : "buy",
      "i" : "SPXUSD-PERP",
      "m" : "4611686018427698213"
    }, {
      "d" : "1756462241144400574",
      "t" : 1756462241144,
      "tn" : 1756462241144400574,
      "q" : "1",
      "p" : "1.12660",
      "s" : "buy",
      "i" : "SPXUSD-PERP",
      "m" : "4611686018427698212"
    }, {
      "d" : "1756462239929724498",
      "t" : 1756462239929,
      "tn" : 1756462239929724498,
      "q" : "1",
      "p" : "1.12677",
      "s" : "sell",
      "i" : "SPXUSD-PERP",
      "m" : "4611686018427698211"
    }, {
      "d" : "1756462237468055560",
      "t" : 1756462237468,
      "tn" : 1756462237468055560,
      "q" : "1",
      "p" : "1.12710",
      "s" : "buy",
      "i" : "SPXUSD-PERP",
      "m" : "4611686018427698210"
    }, {
      "d" : "1756462236343541559",
      "t" : 1756462236343,
      "tn" : 1756462236343541559,
      "q" : "1",
      "p" : "1.12717",
      "s" : "sell",
      "i" : "SPXUSD-PERP",
      "m" : "4611686018427698209"
    }, {
      "d" : "1756462235240346074",
      "t" : 1756462235240,
      "tn" : 1756462235240346074,
      "q" : "1",
      "p" : "1.12731",
      "s" : "sell",
      "i" : "SPXUSD-PERP",
      "m" : "4611686018427698208"
    }, {
      "d" : "1756462235038168109",
      "t" : 1756462235038,
      "tn" : 1756462235038168109,
      "q" : "1",
      "p" : "1.12734",
      "s" : "buy",
      "i" : "SPXUSD-PERP",
      "m" : "4611686018427698207"
    }, {
      "d" : "1756462234790722411",
      "t" : 1756462234790,
      "tn" : 1756462234790722411,
      "q" : "1",
      "p" : "1.12680",
      "s" : "buy",
      "i" : "SPXUSD-PERP",
      "m" : "4611686018427698206"
    }, {
      "d" : "1756462225384079202",
      "t" : 1756462225384,
      "tn" : 1756462225384079202,
      "q" : "1",
      "p" : "1.12697",
      "s" : "sell",
      "i" : "SPXUSD-PERP",
      "m" : "4611686018427698205"
    }, {
      "d" : "1756462220981024272",
      "t" : 1756462220981,
      "tn" : 1756462220981024272,
      "q" : "1",
      "p" : "1.12691",
      "s" : "sell",
      "i" : "SPXUSD-PERP",
      "m" : "4611686018427698204"
    }, {
      "d" : "1756462220237065248",
      "t" : 1756462220237,
      "tn" : 1756462220237065248,
      "q" : "1",
      "p" : "1.12644",
      "s" : "buy",
      "i" : "SPXUSD-PERP",
      "m" : "4611686018427698203"
    }, {
      "d" : "1756462219168186761",
      "t" : 1756462219168,
      "tn" : 1756462219168186761,
      "q" : "1",
      "p" : "1.12630",
      "s" : "buy",
      "i" : "SPXUSD-PERP",
      "m" : "4611686018427698202"
    }, {
      "d" : "1756462215940680902",
      "t" : 1756462215940,
      "tn" : 1756462215940680902,
      "q" : "1",
      "p" : "1.12627",
      "s" : "buy",
      "i" : "SPXUSD-PERP",
      "m" : "4611686018427698201"
    }, {
      "d" : "1756462211968046477",
      "t" : 1756462211968,
      "tn" : 1756462211968046477,
      "q" : "1",
      "p" : "1.12623",
      "s" : "buy",
      "i" : "SPXUSD-PERP",
      "m" : "4611686018427698200"
    } ]
  }
}