{
  "id" : -1,
  "method" : "public/get-trades",
  "code" : 0,
  "result" : {
    "data" : [ {
      "d" : "1756461618572070309",
      "t" : 1756461618572,
      "tn" : 1756461618572070309,
      "q" : "19000",
      "p" : "0.000783",
      "s" : "sell",
      "i" : "SQT_USD",
      "m" : "4611686018428825557"
    }, {
      "d" : "1756461617739251812",
      "t" : 1756461617739,
      "tn" : 1756461617739251812,
      "q" : "19000",
      "p" : "0.000783",
      "s" : "sell",
      "i" : "SQT_USD",
      "m" : "4611686018428825556"
    }, {
      "d" : "1756461128950269345",
      "t" : 1756461128950,
      "tn" : 1756461128950269345,
      "q" : "19000",
      "p" : "0.000783",
      "s" : "sell",
      "i" : "SQT_USD",
      "m" : "4611686018428825555"
    }, {
      "d" : "1756460978388045025",
      "t" : 1756460978388,
      "tn" : 1756460978388045025,
      "q" : "19000",
      "p" : "0.000785",
      "s" : "sell",
      "i" : "SQT_USD",
      "m" : "4611686018428825554"
    }, {
      "d" : "1756460785844770767",
      "t" : 1756460785844,
      "tn" : 1756460785844770767,
      "q" : "19000",
      "p" : "0.000782",
      "s" : "sell",
      "i" : "SQT_USD",
      "m" : "4611686018428825553"
    }, {
      "d" : "1756460410378053858",
      "t" : 1756460410378,
      "tn" : 1756460410378053858,
      "q" : "19000",
      "p" : "0.000778",
      "s" : "sell",
      "i" : "SQT_USD",
      "m" : "4611686018428825552"
    }, {
      "d" : "1756460410361496170",
      "t" : 1756460410361,
      "tn" : 1756460410361496170,
      "q" : "19000",
      "p" : "0.000778",
      "s" : "sell",
      "i" : "SQT_USD",
      "m" : "4611686018428825551"
    }, {
      "d" : "1756460410349976808",
      "t" : 1756460410349,
      "tn" : 1756460410349976808,
      "q" : "19000",
      "p" : "0.000778",
      "s" : "sell",
      "i" : "SQT_USD",
      "m" : "4611686018428825550"
    }, {
      "d" : "1756460410326858025",
      "t" : 1756460410326,
      "tn" : 1756460410326858025,
      "q" : "19000",
      "p" : "0.000778",
      "s" : "sell",
      "i" : "SQT_USD",
      "m" : "4611686018428825549"
    }, {
      "d" : "1756460410305160293",
      "t" : 1756460410305,
      "tn" : 1756460410305160293,
      "q" : "19000",
      "p" : "0.000778",
      "s" : "sell",
      "i" : "SQT_USD",
      "m" : "4611686018428825548"
    }, {
      "d" : "1756460408010213004",
      "t" : 1756460408010,
      "tn" : 1756460408010213004,
      "q" : "19000",
      "p" : "0.000778",
      "s" : "sell",
      "i" : "SQT_USD",
      "m" : "4611686018428825547"
    }, {
      "d" : "1756460297333127078",
      "t" : 1756460297333,
      "tn" : 1756460297333127078,
      "q" : "19000",
      "p" : "0.000782",
      "s" : "sell",
      "i" : "SQT_USD",
      "m" : "4611686018428825546"
    }, {
      "d" : "1756460293199574760",
      "t" : 1756460293199,
      "tn" : 1756460293199574760,
      "q" : "19000",
      "p" : "0.000781",
      "s" : "sell",
      "i" : "SQT_USD",
      "m" : "4611686018428825545"
    }, {
      "d" : "1756460293096104038",
      "t" : 1756460293096,
      "tn" : 1756460293096104038,
      "q" : "19000",
      "p" : "0.000781",
      "s" : "sell",
      "i" : "SQT_USD",
      "m" : "4611686018428825544"
    }, {
      "d" : "1756460292970495493",
      "t" : 1756460292970,
      "tn" : 1756460292970495493,
      "q" : "24000",
      "p" : "0.000781",
      "s" : "sell",
      "i" : "SQT_USD",
      "m" : "4611686018428825543"
    }, {
      "d" : "1756460292882526810",
      "t" : 1756460292882,
      "tn" : 1756460292882526810,
      "q" : "24590",
      "p" : "0.000781",
      "s" : "sell",
      "i" : "SQT_USD",
      "m" : "4611686018428825542"
    }, {
      "d" : "1756460200622769117",
      "t" : 1756460200622,
      "tn" : 1756460200622769117,
      "q" : "19680",
      "p" : "0.000779",
      "s" : "sell",
      "i" : "SQT_USD",
      "m" : "4611686018428825541"
    }, {
      "d" : "1756460200618502640",
      "t" : 1756460200618,
      "tn" : 1756460200618502640,
      "q" : "19000",
      "p" : "0.000779",
      "s" : "sell",
      "i" : "SQT_USD",
      "m" : "4611686018428825540"
    }, {
      "d" : "1756460200479105496",
      "t" : 1756460200479,
      "tn" : 1756460200479105496,
      "q" : "19000",
      "p" : "0.000779",
      "s" : "sell",
      "i" : "SQT_USD",
      "m" : "4611686018428825539"
    }, {
      "d" : "1756460200460624238",
      "t" : 1756460200460,
      "tn" : 1756460200460624238,
      "q" : "940",
      "p" : "0.000779",
      "s" : "sell",
      "i" : "SQT_USD",
      "m" : "4611686018428825538"
    }, {
      "d" : "1756460200460622065",
      "t" : 1756460200460,
      "tn" : 1756460200460622065,
      "q" : "18060",
      "p" : "0.000780",
      "s" : "sell",
      "i" : "SQT_USD",
      "m" : "4611686018428825537"
    }, {
      "d" : "1756459996323660526",
      "t" : 1756459996323,
      "tn" : 1756459996323660526,
      "q" : "19000",
      "p" : "0.000779",
      "s" : "sell",
      "i" : "SQT_USD",
      "m" : "4611686018428825536"
    }, {
      "d" : "1756459996309770145",
      "t" : 1756459996309,
      "tn" : 1756459996309770145,
      "q" : "2340",
      "p" : "0.000779",
      "s" : "sell",
      "i" : "SQT_USD",
      "m" : "4611686018428825535"
    }, {
      "d" : "1756459996309768784",
      "t" : 1756459996309,
      "tn" : 1756459996309768784,
      "q" : "18060",
      "p" : "0.000780",
      "s" : "sell",
      "i" : "SQT_USD",
      "m" : "4611686018428825534"
    }, {
      "d" : "1756459996210123721",
      "t" : 1756459996210,
      "tn" : 1756459996210123721,
      "q" : "19000",
      "p" : "0.000779",
      "s" : "sell",
      "i" : "SQT_USD",
      "m" : "4611686018428825533"
    }, {
      "d" : "1756459992685939097",
      "t" : 1756459992685,
      "tn" : 1756459992685939097,
      "q" : "19000",
      "p" : "0.000778",
      "s" : "sell",
      "i" : "SQT_USD",
      "m" : "4611686018428825532"
    }, {
      "d" : "1756459909636305315",
      "t" : 1756459909636,
      "tn" : 1756459909636305315,
      "q" : "19000",
      "p" : "0.000782",
      "s" : "sell",
      "i" : "SQT_USD",
      "m" : "4611686018428825531"
    }, {
      "d" : "1756459903366081718",
      "t" : 1756459903366,
      "tn" : 1756459903366081717,
      "q" : "4270",
      "p" : "0.000781",
      "s" : "sell",
      "i" : "SQT_USD",
      "m" : "4611686018428825530"
    }, {
      "d" : "1756459903366081717",
      "t" : 1756459903366,
      "tn" : 1756459903366081717,
      "q" : "14730",
      "p" : "0.000781",
      "s" : "sell",
      "i" : "SQT_USD",
      "m" : "4611686018428825530"
    }, {
      "d" : "1756459863537366469",
      "t" : 1756459863537,
      "tn" : 1756459863537366469,
      "q" : "29620",
      "p" : "0.000816",
      "s" : "buy",
      "i" : "SQT_USD",
      "m" : "4611686018428825529"
    }, {
      "d" : "1756459584145053023",
      "t" : 1756459584145,
      "tn" : 1756459584145053023,
      "q" : "33970",
      "p" : "0.000779",
      "s" : "sell",
      "i" : "SQT_USD",
      "m" : "4611686018428825528"
    }, {
      "d" : "1756459236459237589",
      "t" : 1756459236459,
      "tn" : 1756459236459237589,
      "q" : "52000",
      "p" : "0.000770",
      "s" : "buy",
      "i" : "SQT_USD",
      "m" : "4611686018428825527"
    }, {
      "d" : "1756459236443628245",
      "t" : 1756459236443,
      "tn" : 1756459236443628245,
      "q" : "88000",
      "p" : "0.000770",
      "s" : "buy",
      "i" : "SQT_USD",
      "m" : "4611686018428825526"
    }, {
      "d" : "1756459236280698450",
      "t" : 1756459236280,
      "tn" : 1756459236280698450,
      "q" : "120000",
      "p" : "0.000770",
      "s" : "buy",
      "i" : "SQT_USD",
      "m" : "4611686018428825525"
    }, {
      "d" : "1756459236269929396",
      "t" : 1756459236269,
      "tn" : 1756459236269929396,
      "q" : "125980",
      "p" : "0.000770",
      "s" : "buy",
      "i" : "SQT_USD",
      "m" : "4611686018428825524"
    }, {
      "d" : "1756459234002916819",
      "t" : 1756459234002,
      "tn" : 1756459234002916819,
      "q" : "19000",
      "p" : "0.000772",
      "s" : "buy",
      "i" : "SQT_USD",
      "m" : "4611686018428825523"
    }, {
      "d" : "1756459233633472223",
      "t" : 1756459233633,
      "tn" : 1756459233633472223,
      "q" : "19000",
      "p" : "0.000773",
      "s" : "buy",
      "i" : "SQT_USD",
      "m" : "4611686018428825522"
    }, {
      "d" : "1756459204442649340",
      "t" : 1756459204442,
      "tn" : 1756459204442649340,
      "q" : "21000",
      "p" : "0.000772",
      "s" : "buy",
      "i" : "SQT_USD",
      "m" : "4611686018428825521"
    }, {
      "d" : "1756459204343535149",
      "t" : 1756459204343,
      "tn" : 1756459204343535149,
      "q" : "21000",
      "p" : "0.000772",
      "s" : "buy",
      "i" : "SQT_USD",
      "m" : "4611686018428825520"
    }, {
      "d" : "1756459203969358045",
      "t" : 1756459203969,
      "tn" : 1756459203969358045,
      "q" : "21000",
      "p" : "0.000773",
      "s" : "buy",
      "i" : "SQT_USD",
      "m" : "4611686018428825519"
    }, {
      "d" : "1756459181481032502",
      "t" : 1756459181481,
      "tn" : 1756459181481032502,
      "q" : "20000",
      "p" : "0.000773",
      "s" : "buy",
      "i" : "SQT_USD",
      "m" : "4611686018428825518"
    }, {
      "d" : "1756458695821136037",
      "t" : 1756458695821,
      "tn" : 1756458695821136037,
      "q" : "363470",
      "p" : "0.000781",
      "s" : "buy",
      "i" : "SQT_USD",
      "m" : "4611686018428825517"
    }, {
      "d" : "1756458694755229003",
      "t" : 1756458694755,
      "tn" : 1756458694755229003,
      "q" : "14830",
      "p" : "0.000780",
      "s" : "buy",
      "i" : "SQT_USD",
      "m" : "4611686018428825516"
    }, {
      "d" : "1756458694654702640",
      "t" : 1756458694654,
      "tn" : 1756458694654702640,
      "q" : "14830",
      "p" : "0.000780",
      "s" : "buy",
      "i" : "SQT_USD",
      "m" : "4611686018428825515"
    }, {
      "d" : "1756458694113066119",
      "t" : 1756458694113,
      "tn" : 1756458694113066119,
      "q" : "29650",
      "p" : "0.000780",
      "s" : "buy",
      "i" : "SQT_USD",
      "m" : "4611686018428825514"
    }, {
      "d" : "1756458693928758447",
      "t" : 1756458693928,
      "tn" : 1756458693928758447,
      "q" : "59310",
      "p" : "0.000780",
      "s" : "buy",
      "i" : "SQT_USD",
      "m" : "4611686018428825513"
    }, {
      "d" : "1756457102809424353",
      "t" : 1756457102809,
      "tn" : 1756457102809424353,
      "q" : "19000",
      "p" : "0.000790",
      "s" : "sell",
      "i" : "SQT_USD",
      "m" : "4611686018428825512"
    }, {
      "d" : "1756457094507240133",
      "t" : 1756457094507,
      "tn" : 1756457094507240133,
      "q" : "12740",
      "p" : "0.000788",
      "s" : "sell",
      "i" : "SQT_USD",
      "m" : "4611686018428825511"
    }, {
      "d" : "1756457094487743354",
      "t" : 1756457094487,
      "tn" : 1756457094487743354,
      "q" : "19000",
      "p" : "0.000789",
      "s" : "sell",
      "i" : "SQT_USD",
      "m" : "4611686018428825510"
    }, {
      "d" : "1756457053916060477",
      "t" : 1756457053916,
      "tn" : 1756457053916060477,
      "q" : "10000",
      "p" : "0.000806",
      "s" : "buy",
      "i" : "SQT_USD",
      "m" : "4611686018428825509"
    }, {
      "d" : "1756457023055862223",
      "t" : 1756457023055,
      "tn" : 1756457023055862223,
      "q" : "11540",
      "p" : "0.000800",
      "s" : "buy",
      "i" : "SQT_USD",
      "m" : "4611686018428825508"
    }, {
      "d" : "1756456983678509475",
      "t" : 1756456983678,
      "tn" : 1756456983678509475,
      "q" : "19000",
      "p" : "0.000796",
      "s" : "sell",
      "i" : "SQT_USD",
      "m" : "4611686018428825507"
    }, {
      "d" : "1756456981169319509",
      "t" : 1756456981169,
      "tn" : 1756456981169319509,
      "q" : "21010",
      "p" : "0.000796",
      "s" : "sell",
      "i" : "SQT_USD",
      "m" : "4611686018428825506"
    }, {
      "d" : "1756456981165056671",
      "t" : 1756456981165,
      "tn" : 1756456981165056671,
      "q" : "42000",
      "p" : "0.000796",
      "s" : "sell",
      "i" : "SQT_USD",
      "m" : "4611686018428825505"
    }, {
      "d" : "1756456981146711628",
      "t" : 1756456981146,
      "tn" : 1756456981146711628,
      "q" : "71150",
      "p" : "0.000796",
      "s" : "buy",
      "i" : "SQT_USD",
      "m" : "4611686018428825504"
    }, {
      "d" : "1756456885841185907",
      "t" : 1756456885841,
      "tn" : 1756456885841185907,
      "q" : "19000",
      "p" : "0.000788",
      "s" : "sell",
      "i" : "SQT_USD",
      "m" : "4611686018428825503"
    }, {
      "d" : "1756456475253953345",
      "t" : 1756456475253,
      "tn" : 1756456475253953344,
      "q" : "960",
      "p" : "0.000790",
      "s" : "sell",
      "i" : "SQT_USD",
      "m" : "4611686018428825502"
    }, {
      "d" : "1756456475253953344",
      "t" : 1756456475253,
      "tn" : 1756456475253953344,
      "q" : "18040",
      "p" : "0.000790",
      "s" : "sell",
      "i" : "SQT_USD",
      "m" : "4611686018428825502"
    }, {
      "d" : "1756456422681984762",
      "t" : 1756456422681,
      "tn" : 1756456422681984762,
      "q" : "960",
      "p" : "0.000789",
      "s" : "sell",
      "i" : "SQT_USD",
      "m" : "4611686018428825501"
    }, {
      "d" : "1756456422681982829",
      "t" : 1756456422681,
      "tn" : 1756456422681982829,
      "q" : "18040",
      "p" : "0.000790",
      "s" : "sell",
      "i" : "SQT_USD",
      "m" : "4611686018428825500"
    }, {
      "d" : "1756456412116869797",
      "t" : 1756456412116,
      "tn" : 1756456412116869797,
      "q" : "19000",
      "p" : "0.000790",
      "s" : "sell",
      "i" : "SQT_USD",
      "m" : "4611686018428825499"
    }, {
      "d" : "1756456407135203353",
      "t" : 1756456407135,
      "tn" : 1756456407135203353,
      "q" : "19000",
      "p" : "0.000790",
      "s" : "sell",
      "i" : "SQT_USD",
      "m" : "4611686018428825498"
    }, {
      "d" : "1756456398937650593",
      "t" : 1756456398937,
      "tn" : 1756456398937650592,
      "q" : "12220",
      "p" : "0.000792",
      "s" : "sell",
      "i" : "SQT_USD",
      "m" : "4611686018428825497"
    }, {
      "d" : "1756456398937650592",
      "t" : 1756456398937,
      "tn" : 1756456398937650592,
      "q" : "6780",
      "p" : "0.000792",
      "s" : "sell",
      "i" : "SQT_USD",
      "m" : "4611686018428825497"
    }, {
      "d" : "1756456391217529967",
      "t" : 1756456391217,
      "tn" : 1756456391217529967,
      "q" : "19000",
      "p" : "0.000792",
      "s" : "sell",
      "i" : "SQT_USD",
      "m" : "4611686018428825496"
    }, {
      "d" : "1756456391196943590",
      "t" : 1756456391196,
      "tn" : 1756456391196943590,
      "q" : "19000",
      "p" : "0.000792",
      "s" : "sell",
      "i" : "SQT_USD",
      "m" : "4611686018428825495"
    }, {
      "d" : "1756456391191623577",
      "t" : 1756456391191,
      "tn" : 1756456391191623577,
      "q" : "19200",
      "p" : "0.000792",
      "s" : "sell",
      "i" : "SQT_USD",
      "m" : "4611686018428825494"
    }, {
      "d" : "1756456391181234336",
      "t" : 1756456391181,
      "tn" : 1756456391181234336,
      "q" : "19000",
      "p" : "0.000792",
      "s" : "sell",
      "i" : "SQT_USD",
      "m" : "4611686018428825493"
    }, {
      "d" : "1756456388798268170",
      "t" : 1756456388798,
      "tn" : 1756456388798268170,
      "q" : "19000",
      "p" : "0.000790",
      "s" : "sell",
      "i" : "SQT_USD",
      "m" : "4611686018428825492"
    }, {
      "d" : "1756456387996648891",
      "t" : 1756456387996,
      "tn" : 1756456387996648891,
      "q" : "19000",
      "p" : "0.000789",
      "s" : "sell",
      "i" : "SQT_USD",
      "m" : "4611686018428825491"
    }, {
      "d" : "1756456387870878976",
      "t" : 1756456387870,
      "tn" : 1756456387870878976,
      "q" : "19000",
      "p" : "0.000789",
      "s" : "sell",
      "i" : "SQT_USD",
      "m" : "4611686018428825490"
    }, {
      "d" : "1756456380697780539",
      "t" : 1756456380697,
      "tn" : 1756456380697780539,
      "q" : "19000",
      "p" : "0.000792",
      "s" : "sell",
      "i" : "SQT_USD",
      "m" : "4611686018428825489"
    }, {
      "d" : "1756456378140645001",
      "t" : 1756456378140,
      "tn" : 1756456378140645001,
      "q" : "19000",
      "p" : "0.000791",
      "s" : "sell",
      "i" : "SQT_USD",
      "m" : "4611686018428825488"
    }, {
      "d" : "1756456378119263512",
      "t" : 1756456378119,
      "tn" : 1756456378119263512,
      "q" : "19000",
      "p" : "0.000791",
      "s" : "sell",
      "i" : "SQT_USD",
      "m" : "4611686018428825487"
    }, {
      "d" : "1756456378107819121",
      "t" : 1756456378107,
      "tn" : 1756456378107819121,
      "q" : "19000",
      "p" : "0.000791",
      "s" : "sell",
      "i" : "SQT_USD",
      "m" : "4611686018428825486"
    }, {
      "d" : "1756456377282250360",
      "t" : 1756456377282,
      "tn" : 1756456377282250360,
      "q" : "379290",
      "p" : "0.000791",
      "s" : "sell",
      "i" : "SQT_USD",
      "m" : "4611686018428825485"
    }, {
      "d" : "1756456368137341527",
      "t" : 1756456368137,
      "tn" : 1756456368137341527,
      "q" : "64500",
      "p" : "0.000790",
      "s" : "buy",
      "i" : "SQT_USD",
      "m" : "4611686018428825484"
    }, {
      "d" : "1756456317097573143",
      "t" : 1756456317097,
      "tn" : 1756456317097573143,
      "q" : "19000",
      "p" : "0.000790",
      "s" : "sell",
      "i" : "SQT_USD",
      "m" : "4611686018428825483"
    }, {
      "d" : "1756455502455820637",
      "t" : 1756455502455,
      "tn" : 1756455502455820637,
      "q" : "42970",
      "p" : "0.000799",
      "s" : "buy",
      "i" : "SQT_USD",
      "m" : "4611686018428825482"
    }, {
      "d" : "1756453709063500355",
      "t" : 1756453709063,
      "tn" : 1756453709063500355,
      "q" : "3660",
      "p" : "0.000799",
      "s" : "buy",
      "i" : "SQT_USD",
      "m" : "4611686018428825481"
    }, {
      "d" : "1756453371060209597",
      "t" : 1756453371060,
      "tn" : 1756453371060209597,
      "q" : "25000",
      "p" : "0.000799",
      "s" : "buy",
      "i" : "SQT_USD",
      "m" : "4611686018428825480"
    }, {
      "d" : "1756453308526074213",
      "t" : 1756453308526,
      "tn" : 1756453308526074213,
      "q" : "15000",
      "p" : "0.000797",
      "s" : "buy",
      "i" : "SQT_USD",
      "m" : "4611686018428825479"
    }, {
      "d" : "1756453027835494426",
      "t" : 1756453027835,
      "tn" : 1756453027835494425,
      "q" : "28470",
      "p" : "0.000799",
      "s" : "buy",
      "i" : "SQT_USD",
      "m" : "4611686018428825478"
    }, {
      "d" : "1756453027835494425",
      "t" : 1756453027835,
      "tn" : 1756453027835494425,
      "q" : "21530",
      "p" : "0.000799",
      "s" : "buy",
      "i" : "SQT_USD",
      "m" : "4611686018428825478"
    }, {
      "d" : "1756452859255454570",
      "t" : 1756452859255,
      "tn" : 1756452859255454570,
      "q" : "48690",
      "p" : "0.000801",
      "s" : "sell",
      "i" : "SQT_USD",
      "m" : "4611686018428825477"
    }, {
      "d" : "1756452859239877888",
      "t" : 1756452859239,
      "tn" : 1756452859239877888,
      "q" : "203470",
      "p" : "0.000801",
      "s" : "sell",
      "i" : "SQT_USD",
      "m" : "4611686018428825476"
    }, {
      "d" : "1756452859218770725",
      "t" : 1756452859218,
      "tn" : 1756452859218770725,
      "q" : "200000",
      "p" : "0.000801",
      "s" : "sell",
      "i" : "SQT_USD",
      "m" : "4611686018428825475"
    }, {
      "d" : "1756452859111091875",
      "t" : 1756452859111,
      "tn" : 1756452859111091875,
      "q" : "18000",
      "p" : "0.000800",
      "s" : "sell",
      "i" : "SQT_USD",
      "m" : "4611686018428825474"
    }, {
      "d" : "1756452859021021209",
      "t" : 1756452859021,
      "tn" : 1756452859021021209,
      "q" : "19250",
      "p" : "0.000799",
      "s" : "sell",
      "i" : "SQT_USD",
      "m" : "4611686018428825473"
    }, {
      "d" : "1756452858025210878",
      "t" : 1756452858025,
      "tn" : 1756452858025210878,
      "q" : "22000",
      "p" : "0.000798",
      "s" : "sell",
      "i" : "SQT_USD",
      "m" : "4611686018428825472"
    }, {
      "d" : "1756452751589224213",
      "t" : 1756452751589,
      "tn" : 1756452751589224213,
      "q" : "50000",
      "p" : "0.000824",
      "s" : "buy",
      "i" : "SQT_USD",
      "m" : "4611686018428825471"
    }, {
      "d" : "1756452191518530560",
      "t" : 1756452191518,
      "tn" : 1756452191518530560,
      "q" : "50550",
      "p" : "0.000818",
      "s" : "buy",
      "i" : "SQT_USD",
      "m" : "4611686018428825470"
    }, {
      "d" : "1756450526834969862",
      "t" : 1756450526834,
      "tn" : 1756450526834969862,
      "q" : "113810",
      "p" : "0.000802",
      "s" : "buy",
      "i" : "SQT_USD",
      "m" : "4611686018428825469"
    }, {
      "d" : "1756449829589474792",
      "t" : 1756449829589,
      "tn" : 1756449829589474792,
      "q" : "113800",
      "p" : "0.000798",
      "s" : "sell",
      "i" : "SQT_USD",
      "m" : "4611686018428825468"
    }, {
      "d" : "1756448433198397688",
      "t" : 1756448433198,
      "tn" : 1756448433198397688,
      "q" : "9560",
      "p" : "0.000815",
      "s" : "buy",
      "i" : "SQT_USD",
      "m" : "4611686018428825467"
    }, {
      "d" : "1756448402479595220",
      "t" : 1756448402479,
      "tn" : 1756448402479595220,
      "q" : "10000",
      "p" : "0.000823",
      "s" : "buy",
      "i" : "SQT_USD",
      "m" : "4611686018428825466"
    }, {
      "d" : "1756448106017031394",
      "t" : 1756448106017,
      "tn" : 1756448106017031394,
      "q" : "5000",
      "p" : "0.000832",
      "s" : "buy",
      "i" : "SQT_USD",
      "m" : "4611686018428825465"
    }, {
      "d" : "1756448089382446229",
      "t" : 1756448089382,
      "tn" : 1756448089382446229,
      "q" : "1860",
      "p" : "0.000813",
      "s" : "buy",
      "i" : "SQT_USD",
      "m" : "4611686018428825464"
    }, {
      "d" : "1756448086588615169",
      "t" : 1756448086588,
      "tn" : 1756448086588615169,
      "q" : "3140",
      "p" : "0.000802",
      "s" : "buy",
      "i" : "SQT_USD",
      "m" : "4611686018428825463"
    }, {
      "d" : "1756447896359005606",
      "t" : 1756447896359,
      "tn" : 1756447896359005606,
      "q" : "19720",
      "p" : "0.000796",
      "s" : "sell",
      "i" : "SQT_USD",
      "m" : "4611686018428825462"
    }, {
      "d" : "1756447896099636391",
      "t" : 1756447896099,
      "tn" : 1756447896099636391,
      "q" : "19720",
      "p" : "0.000796",
      "s" : "sell",
      "i" : "SQT_USD",
      "m" : "4611686018428825461"
    }, {
      "d" : "1756447896004119622",
      "t" : 1756447896004,
      "tn" : 1756447896004119622,
      "q" : "32870",
      "p" : "0.000796",
      "s" : "sell",
      "i" : "SQT_USD",
      "m" : "4611686018428825460"
    }, {
      "d" : "1756447488644566293",
      "t" : 1756447488644,
      "tn" : 1756447488644566293,
      "q" : "20000",
      "p" : "0.000796",
      "s" : "sell",
      "i" : "SQT_USD",
      "m" : "4611686018428825459"
    }, {
      "d" : "1756447488642635260",
      "t" : 1756447488642,
      "tn" : 1756447488642635260,
      "q" : "20210",
      "p" : "0.000796",
      "s" : "sell",
      "i" : "SQT_USD",
      "m" : "4611686018428825458"
    }, {
      "d" : "1756447365670149633",
      "t" : 1756447365670,
      "tn" : 1756447365670149633,
      "q" : "16090",
      "p" : "0.000801",
      "s" : "sell",
      "i" : "SQT_USD",
      "m" : "4611686018428825457"
    }, {
      "d" : "1756447365670103966",
      "t" : 1756447365670,
      "tn" : 1756447365670103966,
      "q" : "23000",
      "p" : "0.000801",
      "s" : "sell",
      "i" : "SQT_USD",
      "m" : "4611686018428825456"
    }, {
      "d" : "1756447365670101578",
      "t" : 1756447365670,
      "tn" : 1756447365670101578,
      "q" : "33000",
      "p" : "0.000801",
      "s" : "sell",
      "i" : "SQT_USD",
      "m" : "4611686018428825455"
    }, {
      "d" : "1756447365661442237",
      "t" : 1756447365661,
      "tn" : 1756447365661442237,
      "q" : "23590",
      "p" : "0.000801",
      "s" : "sell",
      "i" : "SQT_USD",
      "m" : "4611686018428825454"
    }, {
      "d" : "1756447365659470870",
      "t" : 1756447365659,
      "tn" : 1756447365659470870,
      "q" : "38000",
      "p" : "0.000801",
      "s" : "sell",
      "i" : "SQT_USD",
      "m" : "4611686018428825453"
    }, {
      "d" : "1756447365657599470",
      "t" : 1756447365657,
      "tn" : 1756447365657599470,
      "q" : "19060",
      "p" : "0.000801",
      "s" : "sell",
      "i" : "SQT_USD",
      "m" : "4611686018428825452"
    }, {
      "d" : "1756447365635323344",
      "t" : 1756447365635,
      "tn" : 1756447365635323344,
      "q" : "19000",
      "p" : "0.000801",
      "s" : "sell",
      "i" : "SQT_USD",
      "m" : "4611686018428825451"
    }, {
      "d" : "1756447365626522953",
      "t" : 1756447365626,
      "tn" : 1756447365626522953,
      "q" : "19000",
      "p" : "0.000801",
      "s" : "sell",
      "i" : "SQT_USD",
      "m" : "4611686018428825450"
    }, {
      "d" : "1756447365626520045",
      "t" : 1756447365626,
      "tn" : 1756447365626520045,
      "q" : "42000",
      "p" : "0.000801",
      "s" : "sell",
      "i" : "SQT_USD",
      "m" : "4611686018428825449"
    }, {
      "d" : "1756447365626470359",
      "t" : 1756447365626,
      "tn" : 1756447365626470359,
      "q" : "19000",
      "p" : "0.000801",
      "s" : "sell",
      "i" : "SQT_USD",
      "m" : "4611686018428825448"
    }, {
      "d" : "1756447365614609691",
      "t" : 1756447365614,
      "tn" : 1756447365614609691,
      "q" : "22190",
      "p" : "0.000801",
      "s" : "sell",
      "i" : "SQT_USD",
      "m" : "4611686018428825447"
    }, {
      "d" : "1756447365605516056",
      "t" : 1756447365605,
      "tn" : 1756447365605516056,
      "q" : "242110",
      "p" : "0.000801",
      "s" : "sell",
      "i" : "SQT_USD",
      "m" : "4611686018428825446"
    }, {
      "d" : "1756447365595832703",
      "t" : 1756447365595,
      "tn" : 1756447365595832703,
      "q" : "22000",
      "p" : "0.000801",
      "s" : "sell",
      "i" : "SQT_USD",
      "m" : "4611686018428825445"
    }, {
      "d" : "1756447365587020856",
      "t" : 1756447365587,
      "tn" : 1756447365587020856,
      "q" : "42890",
      "p" : "0.000801",
      "s" : "sell",
      "i" : "SQT_USD",
      "m" : "4611686018428825444"
    }, {
      "d" : "1756447365565707665",
      "t" : 1756447365565,
      "tn" : 1756447365565707665,
      "q" : "16840",
      "p" : "0.000801",
      "s" : "buy",
      "i" : "SQT_USD",
      "m" : "4611686018428825443"
    }, {
      "d" : "1756447243779322816",
      "t" : 1756447243779,
      "tn" : 1756447243779322816,
      "q" : "19000",
      "p" : "0.000793",
      "s" : "sell",
      "i" : "SQT_USD",
      "m" : "4611686018428825442"
    }, {
      "d" : "1756447243723938555",
      "t" : 1756447243723,
      "tn" : 1756447243723938555,
      "q" : "19000",
      "p" : "0.000793",
      "s" : "sell",
      "i" : "SQT_USD",
      "m" : "4611686018428825441"
    }, {
      "d" : "1756447243699979451",
      "t" : 1756447243699,
      "tn" : 1756447243699979451,
      "q" : "19000",
      "p" : "0.000793",
      "s" : "sell",
      "i" : "SQT_USD",
      "m" : "4611686018428825440"
    }, {
      "d" : "1756447233605155330",
      "t" : 1756447233605,
      "tn" : 1756447233605155330,
      "q" : "427650",
      "p" : "0.000792",
      "s" : "sell",
      "i" : "SQT_USD",
      "m" : "4611686018428825439"
    }, {
      "d" : "1756445987003354367",
      "t" : 1756445987003,
      "tn" : 1756445987003354367,
      "q" : "43750",
      "p" : "0.000790",
      "s" : "buy",
      "i" : "SQT_USD",
      "m" : "4611686018428825438"
    }, {
      "d" : "1756443700592112938",
      "t" : 1756443700592,
      "tn" : 1756443700592112938,
      "q" : "12400",
      "p" : "0.000785",
      "s" : "sell",
      "i" : "SQT_USD",
      "m" : "4611686018428825437"
    }, {
      "d" : "1756443697520389218",
      "t" : 1756443697520,
      "tn" : 1756443697520389218,
      "q" : "3150",
      "p" : "0.000793",
      "s" : "sell",
      "i" : "SQT_USD",
      "m" : "4611686018428825436"
    }, {
      "d" : "1756443697310834584",
      "t" : 1756443697310,
      "tn" : 1756443697310834584,
      "q" : "8830",
      "p" : "0.000794",
      "s" : "sell",
      "i" : "SQT_USD",
      "m" : "4611686018428825435"
    }, {
      "d" : "1756443415055449223",
      "t" : 1756443415055,
      "tn" : 1756443415055449223,
      "q" : "7540",
      "p" : "0.000807",
      "s" : "buy",
      "i" : "SQT_USD",
      "m" : "4611686018428825434"
    }, {
      "d" : "1756443397158505258",
      "t" : 1756443397158,
      "tn" : 1756443397158505258,
      "q" : "18000",
      "p" : "0.000799",
      "s" : "sell",
      "i" : "SQT_USD",
      "m" : "4611686018428825433"
    }, {
      "d" : "1756443397016592621",
      "t" : 1756443397016,
      "tn" : 1756443397016592621,
      "q" : "18000",
      "p" : "0.000799",
      "s" : "sell",
      "i" : "SQT_USD",
      "m" : "4611686018428825432"
    }, {
      "d" : "1756442848789061351",
      "t" : 1756442848789,
      "tn" : 1756442848789061351,
      "q" : "21000",
      "p" : "0.000799",
      "s" : "sell",
      "i" : "SQT_USD",
      "m" : "4611686018428825431"
    }, {
      "d" : "1756442848729226622",
      "t" : 1756442848729,
      "tn" : 1756442848729226622,
      "q" : "28140",
      "p" : "0.000799",
      "s" : "sell",
      "i" : "SQT_USD",
      "m" : "4611686018428825430"
    }, {
      "d" : "1756442545935381247",
      "t" : 1756442545935,
      "tn" : 1756442545935381247,
      "q" : "10000",
      "p" : "0.000812",
      "s" : "buy",
      "i" : "SQT_USD",
      "m" : "4611686018428825429"
    }, {
      "d" : "1756442339334564333",
      "t" : 1756442339334,
      "tn" : 1756442339334564333,
      "q" : "49350",
      "p" : "0.000820",
      "s" : "buy",
      "i" : "SQT_USD",
      "m" : "4611686018428825428"
    }, {
      "d" : "1756441258899477170",
      "t" : 1756441258899,
      "tn" : 1756441258899477170,
      "q" : "10250",
      "p" : "0.000839",
      "s" : "buy",
      "i" : "SQT_USD",
      "m" : "4611686018428825427"
    }, {
      "d" : "1756440889719680224",
      "t" : 1756440889719,
      "tn" : 1756440889719680224,
      "q" : "18000",
      "p" : "0.000799",
      "s" : "sell",
      "i" : "SQT_USD",
      "m" : "4611686018428825426"
    }, {
      "d" : "1756440695841185465",
      "t" : 1756440695841,
      "tn" : 1756440695841185465,
      "q" : "19630",
      "p" : "0.000799",
      "s" : "sell",
      "i" : "SQT_USD",
      "m" : "4611686018428825425"
    }, {
      "d" : "1756440251558342875",
      "t" : 1756440251558,
      "tn" : 1756440251558342875,
      "q" : "13020",
      "p" : "0.000801",
      "s" : "sell",
      "i" : "SQT_USD",
      "m" : "4611686018428825424"
    }, {
      "d" : "1756440251558340546",
      "t" : 1756440251558,
      "tn" : 1756440251558340546,
      "q" : "17980",
      "p" : "0.000802",
      "s" : "sell",
      "i" : "SQT_USD",
      "m" : "4611686018428825423"
    }, {
      "d" : "1756440209878444105",
      "t" : 1756440209878,
      "tn" : 1756440209878444105,
      "q" : "27540",
      "p" : "0.000801",
      "s" : "sell",
      "i" : "SQT_USD",
      "m" : "4611686018428825422"
    }, {
      "d" : "1756440107165197563",
      "t" : 1756440107165,
      "tn" : 1756440107165197563,
      "q" : "27000",
      "p" : "0.000800",
      "s" : "sell",
      "i" : "SQT_USD",
      "m" : "4611686018428825421"
    }, {
      "d" : "1756440107163939671",
      "t" : 1756440107163,
      "tn" : 1756440107163939670,
      "q" : "10090",
      "p" : "0.000800",
      "s" : "sell",
      "i" : "SQT_USD",
      "m" : "4611686018428825420"
    }, {
      "d" : "1756440107163939670",
      "t" : 1756440107163,
      "tn" : 1756440107163939670,
      "q" : "17980",
      "p" : "0.000800",
      "s" : "sell",
      "i" : "SQT_USD",
      "m" : "4611686018428825420"
    }, {
      "d" : "1756440021983354144",
      "t" : 1756440021983,
      "tn" : 1756440021983354144,
      "q" : "28010",
      "p" : "0.000801",
      "s" : "sell",
      "i" : "SQT_USD",
      "m" : "4611686018428825419"
    }, {
      "d" : "1756439790715590309",
      "t" : 1756439790715,
      "tn" : 1756439790715590309,
      "q" : "18000",
      "p" : "0.000800",
      "s" : "sell",
      "i" : "SQT_USD",
      "m" : "4611686018428825418"
    }, {
      "d" : "1756439386667505896",
      "t" : 1756439386667,
      "tn" : 1756439386667505896,
      "q" : "137550",
      "p" : "0.000834",
      "s" : "buy",
      "i" : "SQT_USD",
      "m" : "4611686018428825417"
    }, {
      "d" : "1756439277814889011",
      "t" : 1756439277814,
      "tn" : 1756439277814889011,
      "q" : "6000",
      "p" : "0.000801",
      "s" : "buy",
      "i" : "SQT_USD",
      "m" : "4611686018428825416"
    }, {
      "d" : "1756439263629801692",
      "t" : 1756439263629,
      "tn" : 1756439263629801692,
      "q" : "18000",
      "p" : "0.000801",
      "s" : "sell",
      "i" : "SQT_USD",
      "m" : "4611686018428825415"
    }, {
      "d" : "1756439263577943321",
      "t" : 1756439263577,
      "tn" : 1756439263577943321,
      "q" : "18000",
      "p" : "0.000801",
      "s" : "sell",
      "i" : "SQT_USD",
      "m" : "4611686018428825414"
    }, {
      "d" : "1756439255495459102",
      "t" : 1756439255495,
      "tn" : 1756439255495459102,
      "q" : "22580",
      "p" : "0.000839",
      "s" : "buy",
      "i" : "SQT_USD",
      "m" : "4611686018428825413"
    } ]
  }
}