{
  "id" : -1,
  "method" : "public/get-trades",
  "code" : 0,
  "result" : {
    "data" : [ {
      "d" : "1756460559612189845",
      "t" : 1756460559612,
      "tn" : 1756460559612189845,
      "q" : "146",
      "p" : "0.17220",
      "s" : "buy",
      "i" : "STG_USD",
      "m" : "4611686018429896252"
    }, {
      "d" : "1756460549878798436",
      "t" : 1756460549878,
      "tn" : 1756460549878798436,
      "q" : "961",
      "p" : "0.17224",
      "s" : "buy",
      "i" : "STG_USD",
      "m" : "4611686018429896251"
    }, {
      "d" : "1756455615547443904",
      "t" : 1756455615547,
      "tn" : 1756455615547443904,
      "q" : "283",
      "p" : "0.17656",
      "s" : "sell",
      "i" : "STG_USD",
      "m" : "4611686018429896250"
    }, {
      "d" : "1756455193869183914",
      "t" : 1756455193869,
      "tn" : 1756455193869183914,
      "q" : "284",
      "p" : "0.17609",
      "s" : "sell",
      "i" : "STG_USD",
      "m" : "4611686018429896249"
    }, {
      "d" : "1756454844442251630",
      "t" : 1756454844442,
      "tn" : 1756454844442251630,
      "q" : "184",
      "p" : "0.17839",
      "s" : "buy",
      "i" : "STG_USD",
      "m" : "4611686018429896248"
    }, {
      "d" : "1756454814575816941",
      "t" : 1756454814575,
      "tn" : 1756454814575816941,
      "q" : "487",
      "p" : "0.17848",
      "s" : "sell",
      "i" : "STG_USD",
      "m" : "4611686018429896247"
    }, {
      "d" : "1756454814575815333",
      "t" : 1756454814575,
      "tn" : 1756454814575815333,
      "q" : "73",
      "p" : "0.17849",
      "s" : "sell",
      "i" : "STG_USD",
      "m" : "4611686018429896246"
    }, {
      "d" : "1756454780751338505",
      "t" : 1756454780751,
      "tn" : 1756454780751338505,
      "q" : "265",
      "p" : "0.17886",
      "s" : "sell",
      "i" : "STG_USD",
      "m" : "4611686018429896245"
    }, {
      "d" : "1756454780751336793",
      "t" : 1756454780751,
      "tn" : 1756454780751336793,
      "q" : "293",
      "p" : "0.17887",
      "s" : "sell",
      "i" : "STG_USD",
      "m" : "4611686018429896244"
    }, {
      "d" : "1756454780750675662",
      "t" : 1756454780750,
      "tn" : 1756454780750675662,
      "q" : "558",
      "p" : "0.17887",
      "s" : "sell",
      "i" : "STG_USD",
      "m" : "4611686018429896243"
    }, {
      "d" : "1756454775927075275",
      "t" : 1756454775927,
      "tn" : 1756454775927075275,
      "q" : "844",
      "p" : "0.17920",
      "s" : "buy",
      "i" : "STG_USD",
      "m" : "4611686018429896242"
    }, {
      "d" : "1756454464465858743",
      "t" : 1756454464465,
      "tn" : 1756454464465858743,
      "q" : "67",
      "p" : "0.17804",
      "s" : "buy",
      "i" : "STG_USD",
      "m" : "4611686018429896241"
    }, {
      "d" : "1756454435835069498",
      "t" : 1756454435835,
      "tn" : 1756454435835069498,
      "q" : "191",
      "p" : "0.17784",
      "s" : "buy",
      "i" : "STG_USD",
      "m" : "4611686018429896240"
    }, {
      "d" : "1756454429643918000",
      "t" : 1756454429643,
      "tn" : 1756454429643918000,
      "q" : "262",
      "p" : "0.17782",
      "s" : "buy",
      "i" : "STG_USD",
      "m" : "4611686018429896239"
    }, {
      "d" : "1756454286881204530",
      "t" : 1756454286881,
      "tn" : 1756454286881204530,
      "q" : "26",
      "p" : "0.17766",
      "s" : "buy",
      "i" : "STG_USD",
      "m" : "4611686018429896238"
    }, {
      "d" : "1756454282538340744",
      "t" : 1756454282538,
      "tn" : 1756454282538340744,
      "q" : "196",
      "p" : "0.17716",
      "s" : "buy",
      "i" : "STG_USD",
      "m" : "4611686018429896237"
    }, {
      "d" : "1756454253307067303",
      "t" : 1756454253307,
      "tn" : 1756454253307067303,
      "q" : "27",
      "p" : "0.17780",
      "s" : "buy",
      "i" : "STG_USD",
      "m" : "4611686018429896236"
    }, {
      "d" : "1756454247419633216",
      "t" : 1756454247419,
      "tn" : 1756454247419633216,
      "q" : "97",
      "p" : "0.17781",
      "s" : "buy",
      "i" : "STG_USD",
      "m" : "4611686018429896235"
    }, {
      "d" : "1756454241551962363",
      "t" : 1756454241551,
      "tn" : 1756454241551962363,
      "q" : "85",
      "p" : "0.17771",
      "s" : "buy",
      "i" : "STG_USD",
      "m" : "4611686018429896234"
    }, {
      "d" : "1756454236061930654",
      "t" : 1756454236061,
      "tn" : 1756454236061930654,
      "q" : "26",
      "p" : "0.17771",
      "s" : "buy",
      "i" : "STG_USD",
      "m" : "4611686018429896233"
    }, {
      "d" : "1756454231590460487",
      "t" : 1756454231590,
      "tn" : 1756454231590460487,
      "q" : "157",
      "p" : "0.17777",
      "s" : "buy",
      "i" : "STG_USD",
      "m" : "4611686018429896232"
    }, {
      "d" : "1756454222195046154",
      "t" : 1756454222195,
      "tn" : 1756454222195046154,
      "q" : "604",
      "p" : "0.17776",
      "s" : "buy",
      "i" : "STG_USD",
      "m" : "4611686018429896231"
    }, {
      "d" : "1756454173437013214",
      "t" : 1756454173437,
      "tn" : 1756454173437013214,
      "q" : "419",
      "p" : "0.17697",
      "s" : "buy",
      "i" : "STG_USD",
      "m" : "4611686018429896230"
    }, {
      "d" : "1756454146105246634",
      "t" : 1756454146105,
      "tn" : 1756454146105246634,
      "q" : "39",
      "p" : "0.17700",
      "s" : "buy",
      "i" : "STG_USD",
      "m" : "4611686018429896229"
    }, {
      "d" : "1756454141187431030",
      "t" : 1756454141187,
      "tn" : 1756454141187431030,
      "q" : "305",
      "p" : "0.17770",
      "s" : "sell",
      "i" : "STG_USD",
      "m" : "4611686018429896228"
    }, {
      "d" : "1756454141179822820",
      "t" : 1756454141179,
      "tn" : 1756454141179822820,
      "q" : "286",
      "p" : "0.17770",
      "s" : "sell",
      "i" : "STG_USD",
      "m" : "4611686018429896227"
    }, {
      "d" : "1756454141179119675",
      "t" : 1756454141179,
      "tn" : 1756454141179119675,
      "q" : "2814",
      "p" : "0.17770",
      "s" : "sell",
      "i" : "STG_USD",
      "m" : "4611686018429896226"
    }, {
      "d" : "1756454141170668190",
      "t" : 1756454141170,
      "tn" : 1756454141170668190,
      "q" : "1406",
      "p" : "0.17770",
      "s" : "buy",
      "i" : "STG_USD",
      "m" : "4611686018429896225"
    }, {
      "d" : "1756454141170665136",
      "t" : 1756454141170,
      "tn" : 1756454141170665136,
      "q" : "907",
      "p" : "0.17713",
      "s" : "buy",
      "i" : "STG_USD",
      "m" : "4611686018429896224"
    }, {
      "d" : "1756454141170661670",
      "t" : 1756454141170,
      "tn" : 1756454141170661670,
      "q" : "74",
      "p" : "0.17712",
      "s" : "buy",
      "i" : "STG_USD",
      "m" : "4611686018429896223"
    }, {
      "d" : "1756453951513321752",
      "t" : 1756453951513,
      "tn" : 1756453951513321752,
      "q" : "48",
      "p" : "0.17865",
      "s" : "buy",
      "i" : "STG_USD",
      "m" : "4611686018429896222"
    }, {
      "d" : "1756453854013249984",
      "t" : 1756453854013,
      "tn" : 1756453854013249984,
      "q" : "47",
      "p" : "0.17886",
      "s" : "buy",
      "i" : "STG_USD",
      "m" : "4611686018429896221"
    }, {
      "d" : "1756453852682888204",
      "t" : 1756453852682,
      "tn" : 1756453852682888204,
      "q" : "558",
      "p" : "0.17891",
      "s" : "sell",
      "i" : "STG_USD",
      "m" : "4611686018429896220"
    }, {
      "d" : "1756453852682305093",
      "t" : 1756453852682,
      "tn" : 1756453852682305093,
      "q" : "279",
      "p" : "0.17891",
      "s" : "sell",
      "i" : "STG_USD",
      "m" : "4611686018429896219"
    }, {
      "d" : "1756453754728783519",
      "t" : 1756453754728,
      "tn" : 1756453754728783519,
      "q" : "1123",
      "p" : "0.17859",
      "s" : "sell",
      "i" : "STG_USD",
      "m" : "4611686018429896218"
    }, {
      "d" : "1756453754728363332",
      "t" : 1756453754728,
      "tn" : 1756453754728363332,
      "q" : "2800",
      "p" : "0.17859",
      "s" : "sell",
      "i" : "STG_USD",
      "m" : "4611686018429896217"
    }, {
      "d" : "1756453754727691482",
      "t" : 1756453754727,
      "tn" : 1756453754727691482,
      "q" : "61",
      "p" : "0.17859",
      "s" : "sell",
      "i" : "STG_USD",
      "m" : "4611686018429896216"
    }, {
      "d" : "1756453752635153836",
      "t" : 1756453752635,
      "tn" : 1756453752635153836,
      "q" : "61",
      "p" : "0.17859",
      "s" : "sell",
      "i" : "STG_USD",
      "m" : "4611686018429896215"
    }, {
      "d" : "1756453752612237354",
      "t" : 1756453752612,
      "tn" : 1756453752612237354,
      "q" : "936",
      "p" : "0.17859",
      "s" : "sell",
      "i" : "STG_USD",
      "m" : "4611686018429896214"
    }, {
      "d" : "1756453692939829000",
      "t" : 1756453692939,
      "tn" : 1756453692939829000,
      "q" : "2303",
      "p" : "0.17859",
      "s" : "sell",
      "i" : "STG_USD",
      "m" : "4611686018429896213"
    }, {
      "d" : "1756453683714128232",
      "t" : 1756453683714,
      "tn" : 1756453683714128232,
      "q" : "891",
      "p" : "0.17859",
      "s" : "buy",
      "i" : "STG_USD",
      "m" : "4611686018429896212"
    }, {
      "d" : "1756453666953051943",
      "t" : 1756453666953,
      "tn" : 1756453666953051943,
      "q" : "1398",
      "p" : "0.17873",
      "s" : "buy",
      "i" : "STG_USD",
      "m" : "4611686018429896211"
    }, {
      "d" : "1756453631824883842",
      "t" : 1756453631824,
      "tn" : 1756453631824883842,
      "q" : "542",
      "p" : "0.17871",
      "s" : "sell",
      "i" : "STG_USD",
      "m" : "4611686018429896210"
    }, {
      "d" : "1756453630891538359",
      "t" : 1756453630891,
      "tn" : 1756453630891538359,
      "q" : "978",
      "p" : "0.17871",
      "s" : "buy",
      "i" : "STG_USD",
      "m" : "4611686018429896209"
    }, {
      "d" : "1756453381429453989",
      "t" : 1756453381429,
      "tn" : 1756453381429453989,
      "q" : "56",
      "p" : "0.17845",
      "s" : "sell",
      "i" : "STG_USD",
      "m" : "4611686018429896208"
    }, {
      "d" : "1756453381429452487",
      "t" : 1756453381429,
      "tn" : 1756453381429452487,
      "q" : "224",
      "p" : "0.17864",
      "s" : "sell",
      "i" : "STG_USD",
      "m" : "4611686018429896207"
    }, {
      "d" : "1756453381428890158",
      "t" : 1756453381428,
      "tn" : 1756453381428890158,
      "q" : "559",
      "p" : "0.17864",
      "s" : "sell",
      "i" : "STG_USD",
      "m" : "4611686018429896206"
    }, {
      "d" : "1756453332977368059",
      "t" : 1756453332977,
      "tn" : 1756453332977368059,
      "q" : "85",
      "p" : "0.17931",
      "s" : "buy",
      "i" : "STG_USD",
      "m" : "4611686018429896205"
    }, {
      "d" : "1756453290333998278",
      "t" : 1756453290333,
      "tn" : 1756453290333998278,
      "q" : "515",
      "p" : "0.17848",
      "s" : "sell",
      "i" : "STG_USD",
      "m" : "4611686018429896204"
    }, {
      "d" : "1756453279562995826",
      "t" : 1756453279562,
      "tn" : 1756453279562995826,
      "q" : "561",
      "p" : "0.17832",
      "s" : "sell",
      "i" : "STG_USD",
      "m" : "4611686018429896203"
    }, {
      "d" : "1756453205111911963",
      "t" : 1756453205111,
      "tn" : 1756453205111911963,
      "q" : "562",
      "p" : "0.17812",
      "s" : "sell",
      "i" : "STG_USD",
      "m" : "4611686018429896202"
    }, {
      "d" : "1756453125695917119",
      "t" : 1756453125695,
      "tn" : 1756453125695917119,
      "q" : "841",
      "p" : "0.17843",
      "s" : "sell",
      "i" : "STG_USD",
      "m" : "4611686018429896201"
    }, {
      "d" : "1756453121924880414",
      "t" : 1756453121924,
      "tn" : 1756453121924880414,
      "q" : "37",
      "p" : "0.17814",
      "s" : "buy",
      "i" : "STG_USD",
      "m" : "4611686018429896200"
    }, {
      "d" : "1756453121924739181",
      "t" : 1756453121924,
      "tn" : 1756453121924739181,
      "q" : "337",
      "p" : "0.17814",
      "s" : "buy",
      "i" : "STG_USD",
      "m" : "4611686018429896199"
    }, {
      "d" : "1756453121915752820",
      "t" : 1756453121915,
      "tn" : 1756453121915752820,
      "q" : "918",
      "p" : "0.17857",
      "s" : "sell",
      "i" : "STG_USD",
      "m" : "4611686018429896198"
    }, {
      "d" : "1756452992378007857",
      "t" : 1756452992378,
      "tn" : 1756452992378007857,
      "q" : "1399",
      "p" : "0.17860",
      "s" : "buy",
      "i" : "STG_USD",
      "m" : "4611686018429896197"
    }, {
      "d" : "1756452954291638818",
      "t" : 1756452954291,
      "tn" : 1756452954291638818,
      "q" : "397",
      "p" : "0.17813",
      "s" : "buy",
      "i" : "STG_USD",
      "m" : "4611686018429896196"
    }, {
      "d" : "1756452954283704211",
      "t" : 1756452954283,
      "tn" : 1756452954283704211,
      "q" : "795",
      "p" : "0.17814",
      "s" : "buy",
      "i" : "STG_USD",
      "m" : "4611686018429896195"
    }, {
      "d" : "1756452869354903754",
      "t" : 1756452869354,
      "tn" : 1756452869354903754,
      "q" : "281",
      "p" : "0.17774",
      "s" : "sell",
      "i" : "STG_USD",
      "m" : "4611686018429896194"
    }, {
      "d" : "1756452810980309890",
      "t" : 1756452810980,
      "tn" : 1756452810980309890,
      "q" : "281",
      "p" : "0.17800",
      "s" : "sell",
      "i" : "STG_USD",
      "m" : "4611686018429896193"
    }, {
      "d" : "1756452664233770613",
      "t" : 1756452664233,
      "tn" : 1756452664233770613,
      "q" : "281",
      "p" : "0.17701",
      "s" : "sell",
      "i" : "STG_USD",
      "m" : "4611686018429896192"
    }, {
      "d" : "1756452643857449047",
      "t" : 1756452643857,
      "tn" : 1756452643857449047,
      "q" : "498",
      "p" : "0.17770",
      "s" : "buy",
      "i" : "STG_USD",
      "m" : "4611686018429896191"
    }, {
      "d" : "1756452555430200107",
      "t" : 1756452555430,
      "tn" : 1756452555430200107,
      "q" : "70",
      "p" : "0.17684",
      "s" : "buy",
      "i" : "STG_USD",
      "m" : "4611686018429896190"
    }, {
      "d" : "1756452519391116349",
      "t" : 1756452519391,
      "tn" : 1756452519391116349,
      "q" : "431",
      "p" : "0.17740",
      "s" : "sell",
      "i" : "STG_USD",
      "m" : "4611686018429896189"
    }, {
      "d" : "1756452519183679005",
      "t" : 1756452519183,
      "tn" : 1756452519183679005,
      "q" : "863",
      "p" : "0.17711",
      "s" : "buy",
      "i" : "STG_USD",
      "m" : "4611686018429896188"
    }, {
      "d" : "1756452516740186086",
      "t" : 1756452516740,
      "tn" : 1756452516740186086,
      "q" : "928",
      "p" : "0.17696",
      "s" : "buy",
      "i" : "STG_USD",
      "m" : "4611686018429896187"
    }, {
      "d" : "1756452516645084916",
      "t" : 1756452516645,
      "tn" : 1756452516645084916,
      "q" : "850",
      "p" : "0.17696",
      "s" : "buy",
      "i" : "STG_USD",
      "m" : "4611686018429896186"
    }, {
      "d" : "1756452493992534687",
      "t" : 1756452493992,
      "tn" : 1756452493992534687,
      "q" : "5226",
      "p" : "0.17879",
      "s" : "buy",
      "i" : "STG_USD",
      "m" : "4611686018429896185"
    }, {
      "d" : "1756452493992533036",
      "t" : 1756452493992,
      "tn" : 1756452493992533036,
      "q" : "1398",
      "p" : "0.17878",
      "s" : "buy",
      "i" : "STG_USD",
      "m" : "4611686018429896184"
    }, {
      "d" : "1756452493992529546",
      "t" : 1756452493992,
      "tn" : 1756452493992529546,
      "q" : "933",
      "p" : "0.17725",
      "s" : "buy",
      "i" : "STG_USD",
      "m" : "4611686018429896183"
    }, {
      "d" : "1756452459463582263",
      "t" : 1756452459463,
      "tn" : 1756452459463582263,
      "q" : "230",
      "p" : "0.17724",
      "s" : "sell",
      "i" : "STG_USD",
      "m" : "4611686018429896182"
    }, {
      "d" : "1756452459455858462",
      "t" : 1756452459455,
      "tn" : 1756452459455858462,
      "q" : "151",
      "p" : "0.17724",
      "s" : "sell",
      "i" : "STG_USD",
      "m" : "4611686018429896181"
    }, {
      "d" : "1756452459442764334",
      "t" : 1756452459442,
      "tn" : 1756452459442764334,
      "q" : "232",
      "p" : "0.17724",
      "s" : "sell",
      "i" : "STG_USD",
      "m" : "4611686018429896180"
    }, {
      "d" : "1756452459426081019",
      "t" : 1756452459426,
      "tn" : 1756452459426081019,
      "q" : "354",
      "p" : "0.17724",
      "s" : "sell",
      "i" : "STG_USD",
      "m" : "4611686018429896179"
    }, {
      "d" : "1756452459367257644",
      "t" : 1756452459367,
      "tn" : 1756452459367257644,
      "q" : "96",
      "p" : "0.17724",
      "s" : "sell",
      "i" : "STG_USD",
      "m" : "4611686018429896178"
    }, {
      "d" : "1756452459360682730",
      "t" : 1756452459360,
      "tn" : 1756452459360682730,
      "q" : "600",
      "p" : "0.17724",
      "s" : "sell",
      "i" : "STG_USD",
      "m" : "4611686018429896177"
    }, {
      "d" : "1756452458629178827",
      "t" : 1756452458629,
      "tn" : 1756452458629178827,
      "q" : "900",
      "p" : "0.17724",
      "s" : "sell",
      "i" : "STG_USD",
      "m" : "4611686018429896176"
    }, {
      "d" : "1756452458622266155",
      "t" : 1756452458622,
      "tn" : 1756452458622266155,
      "q" : "62",
      "p" : "0.17724",
      "s" : "sell",
      "i" : "STG_USD",
      "m" : "4611686018429896175"
    }, {
      "d" : "1756452457932165250",
      "t" : 1756452457932,
      "tn" : 1756452457932165250,
      "q" : "766",
      "p" : "0.17724",
      "s" : "sell",
      "i" : "STG_USD",
      "m" : "4611686018429896174"
    }, {
      "d" : "1756452457926060044",
      "t" : 1756452457926,
      "tn" : 1756452457926060044,
      "q" : "810",
      "p" : "0.17724",
      "s" : "buy",
      "i" : "STG_USD",
      "m" : "4611686018429896173"
    }, {
      "d" : "1756452457926057895",
      "t" : 1756452457926,
      "tn" : 1756452457926057895,
      "q" : "828",
      "p" : "0.17722",
      "s" : "buy",
      "i" : "STG_USD",
      "m" : "4611686018429896172"
    }, {
      "d" : "1756452457926054732",
      "t" : 1756452457926,
      "tn" : 1756452457926054732,
      "q" : "277",
      "p" : "0.17720",
      "s" : "buy",
      "i" : "STG_USD",
      "m" : "4611686018429896171"
    }, {
      "d" : "1756452457926052072",
      "t" : 1756452457926,
      "tn" : 1756452457926052072,
      "q" : "2959",
      "p" : "0.17712",
      "s" : "buy",
      "i" : "STG_USD",
      "m" : "4611686018429896170"
    }, {
      "d" : "1756452457926049313",
      "t" : 1756452457926,
      "tn" : 1756452457926049313,
      "q" : "1411",
      "p" : "0.17711",
      "s" : "buy",
      "i" : "STG_USD",
      "m" : "4611686018429896169"
    }, {
      "d" : "1756452457926046296",
      "t" : 1756452457926,
      "tn" : 1756452457926046296,
      "q" : "929",
      "p" : "0.17680",
      "s" : "buy",
      "i" : "STG_USD",
      "m" : "4611686018429896168"
    }, {
      "d" : "1756452452465739741",
      "t" : 1756452452465,
      "tn" : 1756452452465739741,
      "q" : "283",
      "p" : "0.17636",
      "s" : "sell",
      "i" : "STG_USD",
      "m" : "4611686018429896167"
    }, {
      "d" : "1756452416547941625",
      "t" : 1756452416547,
      "tn" : 1756452416547941625,
      "q" : "465",
      "p" : "0.17514",
      "s" : "sell",
      "i" : "STG_USD",
      "m" : "4611686018429896166"
    }, {
      "d" : "1756452322806550518",
      "t" : 1756452322806,
      "tn" : 1756452322806550518,
      "q" : "285",
      "p" : "0.17569",
      "s" : "sell",
      "i" : "STG_USD",
      "m" : "4611686018429896165"
    }, {
      "d" : "1756452322806195707",
      "t" : 1756452322806,
      "tn" : 1756452322806195707,
      "q" : "285",
      "p" : "0.17569",
      "s" : "sell",
      "i" : "STG_USD",
      "m" : "4611686018429896164"
    }, {
      "d" : "1756452244781441142",
      "t" : 1756452244781,
      "tn" : 1756452244781441142,
      "q" : "284",
      "p" : "0.17544",
      "s" : "sell",
      "i" : "STG_USD",
      "m" : "4611686018429896163"
    }, {
      "d" : "1756452219318476688",
      "t" : 1756452219318,
      "tn" : 1756452219318476688,
      "q" : "284",
      "p" : "0.17564",
      "s" : "sell",
      "i" : "STG_USD",
      "m" : "4611686018429896162"
    }, {
      "d" : "1756452099875656612",
      "t" : 1756452099875,
      "tn" : 1756452099875656612,
      "q" : "877",
      "p" : "0.17567",
      "s" : "sell",
      "i" : "STG_USD",
      "m" : "4611686018429896161"
    }, {
      "d" : "1756452098522865916",
      "t" : 1756452098522,
      "tn" : 1756452098522865916,
      "q" : "933",
      "p" : "0.17600",
      "s" : "sell",
      "i" : "STG_USD",
      "m" : "4611686018429896160"
    }, {
      "d" : "1756452098481560217",
      "t" : 1756452098481,
      "tn" : 1756452098481560217,
      "q" : "284",
      "p" : "0.17599",
      "s" : "sell",
      "i" : "STG_USD",
      "m" : "4611686018429896159"
    }, {
      "d" : "1756452088591332194",
      "t" : 1756452088591,
      "tn" : 1756452088591332194,
      "q" : "284",
      "p" : "0.17603",
      "s" : "sell",
      "i" : "STG_USD",
      "m" : "4611686018429896158"
    }, {
      "d" : "1756452088591106243",
      "t" : 1756452088591,
      "tn" : 1756452088591106243,
      "q" : "284",
      "p" : "0.17603",
      "s" : "sell",
      "i" : "STG_USD",
      "m" : "4611686018429896157"
    }, {
      "d" : "1756452070260267356",
      "t" : 1756452070260,
      "tn" : 1756452070260267356,
      "q" : "174",
      "p" : "0.17554",
      "s" : "sell",
      "i" : "STG_USD",
      "m" : "4611686018429896156"
    }, {
      "d" : "1756452070260265839",
      "t" : 1756452070260,
      "tn" : 1756452070260265839,
      "q" : "110",
      "p" : "0.17564",
      "s" : "sell",
      "i" : "STG_USD",
      "m" : "4611686018429896155"
    }, {
      "d" : "1756452070260064897",
      "t" : 1756452070260,
      "tn" : 1756452070260064897,
      "q" : "854",
      "p" : "0.17564",
      "s" : "sell",
      "i" : "STG_USD",
      "m" : "4611686018429896154"
    }, {
      "d" : "1756452052149336100",
      "t" : 1756452052149,
      "tn" : 1756452052149336100,
      "q" : "284",
      "p" : "0.17617",
      "s" : "sell",
      "i" : "STG_USD",
      "m" : "4611686018429896153"
    }, {
      "d" : "1756452052148861053",
      "t" : 1756452052148,
      "tn" : 1756452052148861053,
      "q" : "284",
      "p" : "0.17617",
      "s" : "sell",
      "i" : "STG_USD",
      "m" : "4611686018429896152"
    }, {
      "d" : "1756452049830347282",
      "t" : 1756452049830,
      "tn" : 1756452049830347282,
      "q" : "283",
      "p" : "0.17640",
      "s" : "sell",
      "i" : "STG_USD",
      "m" : "4611686018429896151"
    }, {
      "d" : "1756452049830140790",
      "t" : 1756452049830,
      "tn" : 1756452049830140790,
      "q" : "283",
      "p" : "0.17640",
      "s" : "sell",
      "i" : "STG_USD",
      "m" : "4611686018429896150"
    }, {
      "d" : "1756452033732675177",
      "t" : 1756452033732,
      "tn" : 1756452033732675177,
      "q" : "283",
      "p" : "0.17660",
      "s" : "sell",
      "i" : "STG_USD",
      "m" : "4611686018429896149"
    }, {
      "d" : "1756452003344090300",
      "t" : 1756452003344,
      "tn" : 1756452003344090300,
      "q" : "283",
      "p" : "0.17639",
      "s" : "sell",
      "i" : "STG_USD",
      "m" : "4611686018429896148"
    }, {
      "d" : "1756452003343895454",
      "t" : 1756452003343,
      "tn" : 1756452003343895454,
      "q" : "567",
      "p" : "0.17639",
      "s" : "sell",
      "i" : "STG_USD",
      "m" : "4611686018429896147"
    }, {
      "d" : "1756451951867732313",
      "t" : 1756451951867,
      "tn" : 1756451951867732313,
      "q" : "918",
      "p" : "0.17679",
      "s" : "sell",
      "i" : "STG_USD",
      "m" : "4611686018429896146"
    }, {
      "d" : "1756451940019188292",
      "t" : 1756451940019,
      "tn" : 1756451940019188292,
      "q" : "283",
      "p" : "0.17615",
      "s" : "sell",
      "i" : "STG_USD",
      "m" : "4611686018429896145"
    }, {
      "d" : "1756451940017643741",
      "t" : 1756451940017,
      "tn" : 1756451940017643741,
      "q" : "283",
      "p" : "0.17664",
      "s" : "sell",
      "i" : "STG_USD",
      "m" : "4611686018429896144"
    }, {
      "d" : "1756451940017413663",
      "t" : 1756451940017,
      "tn" : 1756451940017413663,
      "q" : "283",
      "p" : "0.17664",
      "s" : "sell",
      "i" : "STG_USD",
      "m" : "4611686018429896143"
    }, {
      "d" : "1756451937020072218",
      "t" : 1756451937020,
      "tn" : 1756451937020072218,
      "q" : "283",
      "p" : "0.17682",
      "s" : "sell",
      "i" : "STG_USD",
      "m" : "4611686018429896142"
    }, {
      "d" : "1756451935305011249",
      "t" : 1756451935305,
      "tn" : 1756451935305011249,
      "q" : "283",
      "p" : "0.17682",
      "s" : "sell",
      "i" : "STG_USD",
      "m" : "4611686018429896141"
    }, {
      "d" : "1756451935304800455",
      "t" : 1756451935304,
      "tn" : 1756451935304800455,
      "q" : "283",
      "p" : "0.17682",
      "s" : "sell",
      "i" : "STG_USD",
      "m" : "4611686018429896140"
    }, {
      "d" : "1756451914248794456",
      "t" : 1756451914248,
      "tn" : 1756451914248794456,
      "q" : "568",
      "p" : "0.17620",
      "s" : "sell",
      "i" : "STG_USD",
      "m" : "4611686018429896139"
    }, {
      "d" : "1756451913734059179",
      "t" : 1756451913734,
      "tn" : 1756451913734059179,
      "q" : "284",
      "p" : "0.17620",
      "s" : "sell",
      "i" : "STG_USD",
      "m" : "4611686018429896138"
    }, {
      "d" : "1756451913733382245",
      "t" : 1756451913733,
      "tn" : 1756451913733382245,
      "q" : "568",
      "p" : "0.17620",
      "s" : "sell",
      "i" : "STG_USD",
      "m" : "4611686018429896137"
    }, {
      "d" : "1756451883615287920",
      "t" : 1756451883615,
      "tn" : 1756451883615287920,
      "q" : "283",
      "p" : "0.17679",
      "s" : "sell",
      "i" : "STG_USD",
      "m" : "4611686018429896136"
    }, {
      "d" : "1756451880291251774",
      "t" : 1756451880291,
      "tn" : 1756451880291251774,
      "q" : "334",
      "p" : "0.17711",
      "s" : "buy",
      "i" : "STG_USD",
      "m" : "4611686018429896135"
    }, {
      "d" : "1756451880054781058",
      "t" : 1756451880054,
      "tn" : 1756451880054781058,
      "q" : "225",
      "p" : "0.17710",
      "s" : "buy",
      "i" : "STG_USD",
      "m" : "4611686018429896134"
    }, {
      "d" : "1756451880038661361",
      "t" : 1756451880038,
      "tn" : 1756451880038661361,
      "q" : "375",
      "p" : "0.17710",
      "s" : "buy",
      "i" : "STG_USD",
      "m" : "4611686018429896133"
    }, {
      "d" : "1756451848197617177",
      "t" : 1756451848197,
      "tn" : 1756451848197617177,
      "q" : "283",
      "p" : "0.17665",
      "s" : "sell",
      "i" : "STG_USD",
      "m" : "4611686018429896132"
    }, {
      "d" : "1756451848197387260",
      "t" : 1756451848197,
      "tn" : 1756451848197387260,
      "q" : "283",
      "p" : "0.17665",
      "s" : "sell",
      "i" : "STG_USD",
      "m" : "4611686018429896131"
    }, {
      "d" : "1756451847687640266",
      "t" : 1756451847687,
      "tn" : 1756451847687640266,
      "q" : "283",
      "p" : "0.17666",
      "s" : "sell",
      "i" : "STG_USD",
      "m" : "4611686018429896130"
    }, {
      "d" : "1756451847687392334",
      "t" : 1756451847687,
      "tn" : 1756451847687392334,
      "q" : "283",
      "p" : "0.17666",
      "s" : "sell",
      "i" : "STG_USD",
      "m" : "4611686018429896129"
    }, {
      "d" : "1756451845441051648",
      "t" : 1756451845441,
      "tn" : 1756451845441051648,
      "q" : "283",
      "p" : "0.17659",
      "s" : "sell",
      "i" : "STG_USD",
      "m" : "4611686018429896128"
    }, {
      "d" : "1756451845440555240",
      "t" : 1756451845440,
      "tn" : 1756451845440555240,
      "q" : "283",
      "p" : "0.17659",
      "s" : "sell",
      "i" : "STG_USD",
      "m" : "4611686018429896127"
    }, {
      "d" : "1756451838748625965",
      "t" : 1756451838748,
      "tn" : 1756451838748625965,
      "q" : "282",
      "p" : "0.17694",
      "s" : "sell",
      "i" : "STG_USD",
      "m" : "4611686018429896126"
    }, {
      "d" : "1756451838748356645",
      "t" : 1756451838748,
      "tn" : 1756451838748356645,
      "q" : "282",
      "p" : "0.17694",
      "s" : "sell",
      "i" : "STG_USD",
      "m" : "4611686018429896125"
    }, {
      "d" : "1756451830816858511",
      "t" : 1756451830816,
      "tn" : 1756451830816858511,
      "q" : "55",
      "p" : "0.17719",
      "s" : "buy",
      "i" : "STG_USD",
      "m" : "4611686018429896124"
    }, {
      "d" : "1756451828548522666",
      "t" : 1756451828548,
      "tn" : 1756451828548522666,
      "q" : "282",
      "p" : "0.17712",
      "s" : "sell",
      "i" : "STG_USD",
      "m" : "4611686018429896123"
    }, {
      "d" : "1756451826394925269",
      "t" : 1756451826394,
      "tn" : 1756451826394925269,
      "q" : "282",
      "p" : "0.17714",
      "s" : "sell",
      "i" : "STG_USD",
      "m" : "4611686018429896122"
    }, {
      "d" : "1756451729064079269",
      "t" : 1756451729064,
      "tn" : 1756451729064079269,
      "q" : "423",
      "p" : "0.17725",
      "s" : "sell",
      "i" : "STG_USD",
      "m" : "4611686018429896121"
    }, {
      "d" : "1756451729064077385",
      "t" : 1756451729064,
      "tn" : 1756451729064077385,
      "q" : "19",
      "p" : "0.17748",
      "s" : "sell",
      "i" : "STG_USD",
      "m" : "4611686018429896120"
    }, {
      "d" : "1756451729063161905",
      "t" : 1756451729063,
      "tn" : 1756451729063161905,
      "q" : "121",
      "p" : "0.17748",
      "s" : "sell",
      "i" : "STG_USD",
      "m" : "4611686018429896119"
    }, {
      "d" : "1756451729062891239",
      "t" : 1756451729062,
      "tn" : 1756451729062891239,
      "q" : "160",
      "p" : "0.17748",
      "s" : "sell",
      "i" : "STG_USD",
      "m" : "4611686018429896118"
    }, {
      "d" : "1756451729062404801",
      "t" : 1756451729062,
      "tn" : 1756451729062404801,
      "q" : "287",
      "p" : "0.17748",
      "s" : "sell",
      "i" : "STG_USD",
      "m" : "4611686018429896117"
    }, {
      "d" : "1756451729062323743",
      "t" : 1756451729062,
      "tn" : 1756451729062323743,
      "q" : "281",
      "p" : "0.17748",
      "s" : "sell",
      "i" : "STG_USD",
      "m" : "4611686018429896116"
    }, {
      "d" : "1756451724902493211",
      "t" : 1756451724902,
      "tn" : 1756451724902493211,
      "q" : "977",
      "p" : "0.17764",
      "s" : "sell",
      "i" : "STG_USD",
      "m" : "4611686018429896115"
    }, {
      "d" : "1756451707844114395",
      "t" : 1756451707844,
      "tn" : 1756451707844114395,
      "q" : "282",
      "p" : "0.17715",
      "s" : "sell",
      "i" : "STG_USD",
      "m" : "4611686018429896114"
    }, {
      "d" : "1756451707843305850",
      "t" : 1756451707843,
      "tn" : 1756451707843305850,
      "q" : "481",
      "p" : "0.17715",
      "s" : "sell",
      "i" : "STG_USD",
      "m" : "4611686018429896113"
    }, {
      "d" : "1756451707842049303",
      "t" : 1756451707842,
      "tn" : 1756451707842049303,
      "q" : "896",
      "p" : "0.17763",
      "s" : "sell",
      "i" : "STG_USD",
      "m" : "4611686018429896112"
    }, {
      "d" : "1756451690441559299",
      "t" : 1756451690441,
      "tn" : 1756451690441559299,
      "q" : "883",
      "p" : "0.17769",
      "s" : "sell",
      "i" : "STG_USD",
      "m" : "4611686018429896111"
    }, {
      "d" : "1756451687606817580",
      "t" : 1756451687606,
      "tn" : 1756451687606817580,
      "q" : "384",
      "p" : "0.17725",
      "s" : "sell",
      "i" : "STG_USD",
      "m" : "4611686018429896110"
    }, {
      "d" : "1756451687606122154",
      "t" : 1756451687606,
      "tn" : 1756451687606122154,
      "q" : "996",
      "p" : "0.17770",
      "s" : "sell",
      "i" : "STG_USD",
      "m" : "4611686018429896109"
    }, {
      "d" : "1756451681254123311",
      "t" : 1756451681254,
      "tn" : 1756451681254123311,
      "q" : "876",
      "p" : "0.17816",
      "s" : "sell",
      "i" : "STG_USD",
      "m" : "4611686018429896108"
    }, {
      "d" : "1756451675911480557",
      "t" : 1756451675911,
      "tn" : 1756451675911480557,
      "q" : "258",
      "p" : "0.17745",
      "s" : "sell",
      "i" : "STG_USD",
      "m" : "4611686018429896107"
    }, {
      "d" : "1756451675911477991",
      "t" : 1756451675911,
      "tn" : 1756451675911477991,
      "q" : "871",
      "p" : "0.17770",
      "s" : "sell",
      "i" : "STG_USD",
      "m" : "4611686018429896106"
    }, {
      "d" : "1756451657990989213",
      "t" : 1756451657990,
      "tn" : 1756451657990989213,
      "q" : "375",
      "p" : "0.17775",
      "s" : "sell",
      "i" : "STG_USD",
      "m" : "4611686018429896105"
    }, {
      "d" : "1756451657990986774",
      "t" : 1756451657990,
      "tn" : 1756451657990986774,
      "q" : "976",
      "p" : "0.17802",
      "s" : "sell",
      "i" : "STG_USD",
      "m" : "4611686018429896104"
    }, {
      "d" : "1756451654034957294",
      "t" : 1756451654034,
      "tn" : 1756451654034957294,
      "q" : "326",
      "p" : "0.17815",
      "s" : "sell",
      "i" : "STG_USD",
      "m" : "4611686018429896103"
    } ]
  }
}