{
  "id" : -1,
  "method" : "public/get-trades",
  "code" : 0,
  "result" : {
    "data" : [ {
      "d" : "1756462537643236816",
      "t" : 1756462537643,
      "tn" : 1756462537643236816,
      "q" : "1",
      "p" : "0.17250",
      "s" : "buy",
      "i" : "STGUSD-PERP",
      "m" : "4611686018429339295"
    }, {
      "d" : "1756462533018247614",
      "t" : 1756462533018,
      "tn" : 1756462533018247614,
      "q" : "1",
      "p" : "0.17260",
      "s" : "buy",
      "i" : "STGUSD-PERP",
      "m" : "4611686018429339294"
    }, {
      "d" : "1756462468019540243",
      "t" : 1756462468019,
      "tn" : 1756462468019540243,
      "q" : "1",
      "p" : "0.17270",
      "s" : "buy",
      "i" : "STGUSD-PERP",
      "m" : "4611686018429339293"
    }, {
      "d" : "1756462455601635686",
      "t" : 1756462455601,
      "tn" : 1756462455601635686,
      "q" : "1",
      "p" : "0.17270",
      "s" : "buy",
      "i" : "STGUSD-PERP",
      "m" : "4611686018429339292"
    }, {
      "d" : "1756462441647849621",
      "t" : 1756462441647,
      "tn" : 1756462441647849621,
      "q" : "1",
      "p" : "0.17280",
      "s" : "buy",
      "i" : "STGUSD-PERP",
      "m" : "4611686018429339291"
    }, {
      "d" : "1756462416160792243",
      "t" : 1756462416160,
      "tn" : 1756462416160792243,
      "q" : "1",
      "p" : "0.17310",
      "s" : "buy",
      "i" : "STGUSD-PERP",
      "m" : "4611686018429339290"
    }, {
      "d" : "1756462403431905094",
      "t" : 1756462403431,
      "tn" : 1756462403431905094,
      "q" : "1",
      "p" : "0.17310",
      "s" : "buy",
      "i" : "STGUSD-PERP",
      "m" : "4611686018429339289"
    }, {
      "d" : "1756462300526351017",
      "t" : 1756462300526,
      "tn" : 1756462300526351017,
      "q" : "1",
      "p" : "0.17300",
      "s" : "buy",
      "i" : "STGUSD-PERP",
      "m" : "4611686018429339288"
    }, {
      "d" : "1756462169803689710",
      "t" : 1756462169803,
      "tn" : 1756462169803689710,
      "q" : "1",
      "p" : "0.17330",
      "s" : "buy",
      "i" : "STGUSD-PERP",
      "m" : "4611686018429339287"
    }, {
      "d" : "1756462083994652222",
      "t" : 1756462083994,
      "tn" : 1756462083994652222,
      "q" : "1",
      "p" : "0.17350",
      "s" : "buy",
      "i" : "STGUSD-PERP",
      "m" : "4611686018429339286"
    }, {
      "d" : "1756462082967941202",
      "t" : 1756462082967,
      "tn" : 1756462082967941202,
      "q" : "1",
      "p" : "0.17350",
      "s" : "buy",
      "i" : "STGUSD-PERP",
      "m" : "4611686018429339285"
    }, {
      "d" : "1756462082128868362",
      "t" : 1756462082128,
      "tn" : 1756462082128868362,
      "q" : "1",
      "p" : "0.17350",
      "s" : "buy",
      "i" : "STGUSD-PERP",
      "m" : "4611686018429339284"
    }, {
      "d" : "1756462035528616562",
      "t" : 1756462035528,
      "tn" : 1756462035528616562,
      "q" : "1",
      "p" : "0.17301",
      "s" : "buy",
      "i" : "STGUSD-PERP",
      "m" : "4611686018429339283"
    }, {
      "d" : "1756462035121897578",
      "t" : 1756462035121,
      "tn" : 1756462035121897578,
      "q" : "1",
      "p" : "0.17300",
      "s" : "buy",
      "i" : "STGUSD-PERP",
      "m" : "4611686018429339282"
    }, {
      "d" : "1756461856498877228",
      "t" : 1756461856498,
      "tn" : 1756461856498877228,
      "q" : "1",
      "p" : "0.17270",
      "s" : "buy",
      "i" : "STGUSD-PERP",
      "m" : "4611686018429339281"
    }, {
      "d" : "1756461809390791126",
      "t" : 1756461809390,
      "tn" : 1756461809390791126,
      "q" : "1",
      "p" : "0.17280",
      "s" : "buy",
      "i" : "STGUSD-PERP",
      "m" : "4611686018429339280"
    }, {
      "d" : "1756461804355120276",
      "t" : 1756461804355,
      "tn" : 1756461804355120276,
      "q" : "1",
      "p" : "0.17290",
      "s" : "buy",
      "i" : "STGUSD-PERP",
      "m" : "4611686018429339279"
    }, {
      "d" : "1756461767369849346",
      "t" : 1756461767369,
      "tn" : 1756461767369849346,
      "q" : "1",
      "p" : "0.17280",
      "s" : "buy",
      "i" : "STGUSD-PERP",
      "m" : "4611686018429339278"
    }, {
      "d" : "1756461766390839330",
      "t" : 1756461766390,
      "tn" : 1756461766390839330,
      "q" : "1",
      "p" : "0.17280",
      "s" : "buy",
      "i" : "STGUSD-PERP",
      "m" : "4611686018429339277"
    }, {
      "d" : "1756461031811254547",
      "t" : 1756461031811,
      "tn" : 1756461031811254547,
      "q" : "1",
      "p" : "0.17230",
      "s" : "buy",
      "i" : "STGUSD-PERP",
      "m" : "4611686018429339276"
    }, {
      "d" : "1756460932387630752",
      "t" : 1756460932387,
      "tn" : 1756460932387630752,
      "q" : "1",
      "p" : "0.17240",
      "s" : "buy",
      "i" : "STGUSD-PERP",
      "m" : "4611686018429339275"
    }, {
      "d" : "1756460629314204006",
      "t" : 1756460629314,
      "tn" : 1756460629314204006,
      "q" : "1",
      "p" : "0.17138",
      "s" : "buy",
      "i" : "STGUSD-PERP",
      "m" : "4611686018429339274"
    }, {
      "d" : "1756460598680309794",
      "t" : 1756460598680,
      "tn" : 1756460598680309794,
      "q" : "1",
      "p" : "0.17148",
      "s" : "buy",
      "i" : "STGUSD-PERP",
      "m" : "4611686018429339273"
    }, {
      "d" : "1756460597689374354",
      "t" : 1756460597689,
      "tn" : 1756460597689374354,
      "q" : "1",
      "p" : "0.17158",
      "s" : "buy",
      "i" : "STGUSD-PERP",
      "m" : "4611686018429339272"
    }, {
      "d" : "1756460567186155263",
      "t" : 1756460567186,
      "tn" : 1756460567186155263,
      "q" : "1",
      "p" : "0.17168",
      "s" : "buy",
      "i" : "STGUSD-PERP",
      "m" : "4611686018429339271"
    }, {
      "d" : "1756460357499115616",
      "t" : 1756460357499,
      "tn" : 1756460357499115616,
      "q" : "1",
      "p" : "0.17112",
      "s" : "buy",
      "i" : "STGUSD-PERP",
      "m" : "4611686018429339270"
    }, {
      "d" : "1756459778038380057",
      "t" : 1756459778038,
      "tn" : 1756459778038380057,
      "q" : "1",
      "p" : "0.17130",
      "s" : "buy",
      "i" : "STGUSD-PERP",
      "m" : "4611686018429339269"
    }, {
      "d" : "1756459775925495213",
      "t" : 1756459775925,
      "tn" : 1756459775925495213,
      "q" : "1",
      "p" : "0.17130",
      "s" : "buy",
      "i" : "STGUSD-PERP",
      "m" : "4611686018429339268"
    }, {
      "d" : "1756459761891211314",
      "t" : 1756459761891,
      "tn" : 1756459761891211314,
      "q" : "1",
      "p" : "0.17118",
      "s" : "buy",
      "i" : "STGUSD-PERP",
      "m" : "4611686018429339267"
    }, {
      "d" : "1756459216617964082",
      "t" : 1756459216617,
      "tn" : 1756459216617964082,
      "q" : "1",
      "p" : "0.17180",
      "s" : "buy",
      "i" : "STGUSD-PERP",
      "m" : "4611686018429339266"
    }, {
      "d" : "1756459105460236777",
      "t" : 1756459105460,
      "tn" : 1756459105460236777,
      "q" : "1",
      "p" : "0.17144",
      "s" : "buy",
      "i" : "STGUSD-PERP",
      "m" : "4611686018429339265"
    }, {
      "d" : "1756459105078588295",
      "t" : 1756459105078,
      "tn" : 1756459105078588295,
      "q" : "1",
      "p" : "0.17140",
      "s" : "buy",
      "i" : "STGUSD-PERP",
      "m" : "4611686018429339264"
    }, {
      "d" : "1756459068916242605",
      "t" : 1756459068916,
      "tn" : 1756459068916242605,
      "q" : "1",
      "p" : "0.17110",
      "s" : "buy",
      "i" : "STGUSD-PERP",
      "m" : "4611686018429339263"
    }, {
      "d" : "1756459036408026092",
      "t" : 1756459036408,
      "tn" : 1756459036408026092,
      "q" : "1",
      "p" : "0.17120",
      "s" : "buy",
      "i" : "STGUSD-PERP",
      "m" : "4611686018429339262"
    }, {
      "d" : "1756458995662737461",
      "t" : 1756458995662,
      "tn" : 1756458995662737461,
      "q" : "1",
      "p" : "0.17140",
      "s" : "buy",
      "i" : "STGUSD-PERP",
      "m" : "4611686018429339261"
    }, {
      "d" : "1756458981644060247",
      "t" : 1756458981644,
      "tn" : 1756458981644060247,
      "q" : "1",
      "p" : "0.17130",
      "s" : "buy",
      "i" : "STGUSD-PERP",
      "m" : "4611686018429339260"
    }, {
      "d" : "1756458925868989938",
      "t" : 1756458925868,
      "tn" : 1756458925868989938,
      "q" : "1",
      "p" : "0.17104",
      "s" : "buy",
      "i" : "STGUSD-PERP",
      "m" : "4611686018429339259"
    }, {
      "d" : "1756458925413909598",
      "t" : 1756458925413,
      "tn" : 1756458925413909598,
      "q" : "1",
      "p" : "0.17104",
      "s" : "buy",
      "i" : "STGUSD-PERP",
      "m" : "4611686018429339258"
    }, {
      "d" : "1756458924984977234",
      "t" : 1756458924984,
      "tn" : 1756458924984977234,
      "q" : "1",
      "p" : "0.17100",
      "s" : "buy",
      "i" : "STGUSD-PERP",
      "m" : "4611686018429339257"
    }, {
      "d" : "1756458924581934539",
      "t" : 1756458924581,
      "tn" : 1756458924581934539,
      "q" : "1",
      "p" : "0.17103",
      "s" : "buy",
      "i" : "STGUSD-PERP",
      "m" : "4611686018429339256"
    }, {
      "d" : "1756458924122814756",
      "t" : 1756458924122,
      "tn" : 1756458924122814756,
      "q" : "1",
      "p" : "0.17100",
      "s" : "buy",
      "i" : "STGUSD-PERP",
      "m" : "4611686018429339255"
    }, {
      "d" : "1756458877213084823",
      "t" : 1756458877213,
      "tn" : 1756458877213084823,
      "q" : "1",
      "p" : "0.17140",
      "s" : "buy",
      "i" : "STGUSD-PERP",
      "m" : "4611686018429339254"
    }, {
      "d" : "1756458848320059080",
      "t" : 1756458848320,
      "tn" : 1756458848320059080,
      "q" : "1",
      "p" : "0.17160",
      "s" : "buy",
      "i" : "STGUSD-PERP",
      "m" : "4611686018429339253"
    }, {
      "d" : "1756458821520436244",
      "t" : 1756458821520,
      "tn" : 1756458821520436244,
      "q" : "1",
      "p" : "0.17180",
      "s" : "buy",
      "i" : "STGUSD-PERP",
      "m" : "4611686018429339252"
    }, {
      "d" : "1756458800857215913",
      "t" : 1756458800857,
      "tn" : 1756458800857215913,
      "q" : "1",
      "p" : "0.17202",
      "s" : "buy",
      "i" : "STGUSD-PERP",
      "m" : "4611686018429339251"
    }, {
      "d" : "1756458799867872343",
      "t" : 1756458799867,
      "tn" : 1756458799867872343,
      "q" : "1",
      "p" : "0.17202",
      "s" : "buy",
      "i" : "STGUSD-PERP",
      "m" : "4611686018429339250"
    }, {
      "d" : "1756458568813532370",
      "t" : 1756458568813,
      "tn" : 1756458568813532370,
      "q" : "1",
      "p" : "0.17110",
      "s" : "buy",
      "i" : "STGUSD-PERP",
      "m" : "4611686018429339249"
    }, {
      "d" : "1756458311109671839",
      "t" : 1756458311109,
      "tn" : 1756458311109671839,
      "q" : "1",
      "p" : "0.17160",
      "s" : "buy",
      "i" : "STGUSD-PERP",
      "m" : "4611686018429339248"
    }, {
      "d" : "1756458084656577393",
      "t" : 1756458084656,
      "tn" : 1756458084656577393,
      "q" : "1",
      "p" : "0.17260",
      "s" : "buy",
      "i" : "STGUSD-PERP",
      "m" : "4611686018429339247"
    }, {
      "d" : "1756457888193256181",
      "t" : 1756457888193,
      "tn" : 1756457888193256181,
      "q" : "1",
      "p" : "0.17200",
      "s" : "buy",
      "i" : "STGUSD-PERP",
      "m" : "4611686018429339246"
    }, {
      "d" : "1756457874734316705",
      "t" : 1756457874734,
      "tn" : 1756457874734316705,
      "q" : "1",
      "p" : "0.17192",
      "s" : "buy",
      "i" : "STGUSD-PERP",
      "m" : "4611686018429339245"
    }, {
      "d" : "1756457849439941309",
      "t" : 1756457849439,
      "tn" : 1756457849439941309,
      "q" : "1",
      "p" : "0.17234",
      "s" : "buy",
      "i" : "STGUSD-PERP",
      "m" : "4611686018429339244"
    }, {
      "d" : "1756457849025583840",
      "t" : 1756457849025,
      "tn" : 1756457849025583840,
      "q" : "1",
      "p" : "0.17232",
      "s" : "buy",
      "i" : "STGUSD-PERP",
      "m" : "4611686018429339243"
    }, {
      "d" : "1756457848577025533",
      "t" : 1756457848577,
      "tn" : 1756457848577025533,
      "q" : "1",
      "p" : "0.17234",
      "s" : "buy",
      "i" : "STGUSD-PERP",
      "m" : "4611686018429339242"
    }, {
      "d" : "1756457848069194827",
      "t" : 1756457848069,
      "tn" : 1756457848069194827,
      "q" : "1",
      "p" : "0.17232",
      "s" : "buy",
      "i" : "STGUSD-PERP",
      "m" : "4611686018429339241"
    }, {
      "d" : "1756457586640607121",
      "t" : 1756457586640,
      "tn" : 1756457586640607121,
      "q" : "1",
      "p" : "0.17330",
      "s" : "buy",
      "i" : "STGUSD-PERP",
      "m" : "4611686018429339240"
    }, {
      "d" : "1756457584503887786",
      "t" : 1756457584503,
      "tn" : 1756457584503887786,
      "q" : "1",
      "p" : "0.17320",
      "s" : "buy",
      "i" : "STGUSD-PERP",
      "m" : "4611686018429339239"
    }, {
      "d" : "1756457571370630564",
      "t" : 1756457571370,
      "tn" : 1756457571370630564,
      "q" : "1",
      "p" : "0.17340",
      "s" : "buy",
      "i" : "STGUSD-PERP",
      "m" : "4611686018429339238"
    }, {
      "d" : "1756457542997759247",
      "t" : 1756457542997,
      "tn" : 1756457542997759247,
      "q" : "1",
      "p" : "0.17342",
      "s" : "buy",
      "i" : "STGUSD-PERP",
      "m" : "4611686018429339237"
    }, {
      "d" : "1756457541993385045",
      "t" : 1756457541993,
      "tn" : 1756457541993385045,
      "q" : "1",
      "p" : "0.17342",
      "s" : "buy",
      "i" : "STGUSD-PERP",
      "m" : "4611686018429339236"
    }, {
      "d" : "1756457540988319420",
      "t" : 1756457540988,
      "tn" : 1756457540988319420,
      "q" : "1",
      "p" : "0.17342",
      "s" : "buy",
      "i" : "STGUSD-PERP",
      "m" : "4611686018429339235"
    }, {
      "d" : "1756457530486838127",
      "t" : 1756457530486,
      "tn" : 1756457530486838127,
      "q" : "1",
      "p" : "0.17342",
      "s" : "buy",
      "i" : "STGUSD-PERP",
      "m" : "4611686018429339234"
    }, {
      "d" : "1756457529346541319",
      "t" : 1756457529346,
      "tn" : 1756457529346541319,
      "q" : "1",
      "p" : "0.17350",
      "s" : "buy",
      "i" : "STGUSD-PERP",
      "m" : "4611686018429339233"
    }, {
      "d" : "1756455809864042910",
      "t" : 1756455809864,
      "tn" : 1756455809864042910,
      "q" : "1",
      "p" : "0.17570",
      "s" : "buy",
      "i" : "STGUSD-PERP",
      "m" : "4611686018429339232"
    }, {
      "d" : "1756455804427464369",
      "t" : 1756455804427,
      "tn" : 1756455804427464369,
      "q" : "1",
      "p" : "0.17580",
      "s" : "buy",
      "i" : "STGUSD-PERP",
      "m" : "4611686018429339231"
    }, {
      "d" : "1756455702338909065",
      "t" : 1756455702338,
      "tn" : 1756455702338909065,
      "q" : "1",
      "p" : "0.17570",
      "s" : "buy",
      "i" : "STGUSD-PERP",
      "m" : "4611686018429339230"
    }, {
      "d" : "1756455642620433307",
      "t" : 1756455642620,
      "tn" : 1756455642620433307,
      "q" : "1",
      "p" : "0.17590",
      "s" : "buy",
      "i" : "STGUSD-PERP",
      "m" : "4611686018429339229"
    }, {
      "d" : "1756455639847553790",
      "t" : 1756455639847,
      "tn" : 1756455639847553790,
      "q" : "1",
      "p" : "0.17610",
      "s" : "buy",
      "i" : "STGUSD-PERP",
      "m" : "4611686018429339228"
    }, {
      "d" : "1756455627658644419",
      "t" : 1756455627658,
      "tn" : 1756455627658644419,
      "q" : "1",
      "p" : "0.17590",
      "s" : "buy",
      "i" : "STGUSD-PERP",
      "m" : "4611686018429339227"
    }, {
      "d" : "1756455615546221809",
      "t" : 1756455615546,
      "tn" : 1756455615546221809,
      "q" : "283",
      "p" : "0.17636",
      "s" : "sell",
      "i" : "STGUSD-PERP",
      "m" : "4611686018429339226"
    }, {
      "d" : "1756455589698501595",
      "t" : 1756455589698,
      "tn" : 1756455589698501595,
      "q" : "1",
      "p" : "0.17610",
      "s" : "buy",
      "i" : "STGUSD-PERP",
      "m" : "4611686018429339225"
    }, {
      "d" : "1756455565842845757",
      "t" : 1756455565842,
      "tn" : 1756455565842845757,
      "q" : "1",
      "p" : "0.17620",
      "s" : "buy",
      "i" : "STGUSD-PERP",
      "m" : "4611686018429339224"
    }, {
      "d" : "1756455563683174471",
      "t" : 1756455563683,
      "tn" : 1756455563683174471,
      "q" : "1",
      "p" : "0.17630",
      "s" : "buy",
      "i" : "STGUSD-PERP",
      "m" : "4611686018429339223"
    }, {
      "d" : "1756455562236613300",
      "t" : 1756455562236,
      "tn" : 1756455562236613300,
      "q" : "1",
      "p" : "0.17630",
      "s" : "buy",
      "i" : "STGUSD-PERP",
      "m" : "4611686018429339222"
    }, {
      "d" : "1756455560443003398",
      "t" : 1756455560443,
      "tn" : 1756455560443003398,
      "q" : "1",
      "p" : "0.17640",
      "s" : "buy",
      "i" : "STGUSD-PERP",
      "m" : "4611686018429339221"
    }, {
      "d" : "1756455557433648253",
      "t" : 1756455557433,
      "tn" : 1756455557433648253,
      "q" : "1",
      "p" : "0.17640",
      "s" : "buy",
      "i" : "STGUSD-PERP",
      "m" : "4611686018429339220"
    }, {
      "d" : "1756455556447500788",
      "t" : 1756455556447,
      "tn" : 1756455556447500788,
      "q" : "1",
      "p" : "0.17640",
      "s" : "buy",
      "i" : "STGUSD-PERP",
      "m" : "4611686018429339219"
    }, {
      "d" : "1756455555427055548",
      "t" : 1756455555427,
      "tn" : 1756455555427055548,
      "q" : "1",
      "p" : "0.17640",
      "s" : "buy",
      "i" : "STGUSD-PERP",
      "m" : "4611686018429339218"
    }, {
      "d" : "1756455554410603490",
      "t" : 1756455554410,
      "tn" : 1756455554410603490,
      "q" : "1",
      "p" : "0.17640",
      "s" : "buy",
      "i" : "STGUSD-PERP",
      "m" : "4611686018429339217"
    }, {
      "d" : "1756455516539024907",
      "t" : 1756455516539,
      "tn" : 1756455516539024907,
      "q" : "1",
      "p" : "0.17634",
      "s" : "buy",
      "i" : "STGUSD-PERP",
      "m" : "4611686018429339216"
    }, {
      "d" : "1756455516106079410",
      "t" : 1756455516106,
      "tn" : 1756455516106079410,
      "q" : "1",
      "p" : "0.17630",
      "s" : "buy",
      "i" : "STGUSD-PERP",
      "m" : "4611686018429339215"
    }, {
      "d" : "1756455507906444337",
      "t" : 1756455507906,
      "tn" : 1756455507906444337,
      "q" : "1",
      "p" : "0.17634",
      "s" : "buy",
      "i" : "STGUSD-PERP",
      "m" : "4611686018429339214"
    }, {
      "d" : "1756455507448593539",
      "t" : 1756455507448,
      "tn" : 1756455507448593539,
      "q" : "1",
      "p" : "0.17632",
      "s" : "buy",
      "i" : "STGUSD-PERP",
      "m" : "4611686018429339213"
    }, {
      "d" : "1756455506460779778",
      "t" : 1756455506460,
      "tn" : 1756455506460779778,
      "q" : "1",
      "p" : "0.17632",
      "s" : "buy",
      "i" : "STGUSD-PERP",
      "m" : "4611686018429339212"
    }, {
      "d" : "1756455504827494451",
      "t" : 1756455504827,
      "tn" : 1756455504827494451,
      "q" : "1",
      "p" : "0.17634",
      "s" : "buy",
      "i" : "STGUSD-PERP",
      "m" : "4611686018429339211"
    }, {
      "d" : "1756455504444920131",
      "t" : 1756455504444,
      "tn" : 1756455504444920131,
      "q" : "1",
      "p" : "0.17632",
      "s" : "buy",
      "i" : "STGUSD-PERP",
      "m" : "4611686018429339210"
    }, {
      "d" : "1756455496820050415",
      "t" : 1756455496820,
      "tn" : 1756455496820050415,
      "q" : "1",
      "p" : "0.17634",
      "s" : "buy",
      "i" : "STGUSD-PERP",
      "m" : "4611686018429339209"
    }, {
      "d" : "1756455496362741904",
      "t" : 1756455496362,
      "tn" : 1756455496362741904,
      "q" : "1",
      "p" : "0.17630",
      "s" : "buy",
      "i" : "STGUSD-PERP",
      "m" : "4611686018429339208"
    }, {
      "d" : "1756455454714186489",
      "t" : 1756455454714,
      "tn" : 1756455454714186489,
      "q" : "1",
      "p" : "0.17580",
      "s" : "buy",
      "i" : "STGUSD-PERP",
      "m" : "4611686018429339207"
    }, {
      "d" : "1756455435003965327",
      "t" : 1756455435003,
      "tn" : 1756455435003965327,
      "q" : "1",
      "p" : "0.17590",
      "s" : "buy",
      "i" : "STGUSD-PERP",
      "m" : "4611686018429339206"
    }, {
      "d" : "1756455426125880777",
      "t" : 1756455426125,
      "tn" : 1756455426125880777,
      "q" : "1",
      "p" : "0.17580",
      "s" : "buy",
      "i" : "STGUSD-PERP",
      "m" : "4611686018429339205"
    }, {
      "d" : "1756455389029646702",
      "t" : 1756455389029,
      "tn" : 1756455389029646702,
      "q" : "1",
      "p" : "0.17590",
      "s" : "buy",
      "i" : "STGUSD-PERP",
      "m" : "4611686018429339204"
    }, {
      "d" : "1756455204870119903",
      "t" : 1756455204870,
      "tn" : 1756455204870119903,
      "q" : "1",
      "p" : "0.17580",
      "s" : "buy",
      "i" : "STGUSD-PERP",
      "m" : "4611686018429339203"
    }, {
      "d" : "1756455193867879163",
      "t" : 1756455193867,
      "tn" : 1756455193867879163,
      "q" : "284",
      "p" : "0.17596",
      "s" : "sell",
      "i" : "STGUSD-PERP",
      "m" : "4611686018429339202"
    }, {
      "d" : "1756455182683861116",
      "t" : 1756455182683,
      "tn" : 1756455182683861116,
      "q" : "1",
      "p" : "0.17600",
      "s" : "buy",
      "i" : "STGUSD-PERP",
      "m" : "4611686018429339201"
    }, {
      "d" : "1756455102129394482",
      "t" : 1756455102129,
      "tn" : 1756455102129394482,
      "q" : "1",
      "p" : "0.17630",
      "s" : "buy",
      "i" : "STGUSD-PERP",
      "m" : "4611686018429339200"
    }, {
      "d" : "1756455033706006270",
      "t" : 1756455033706,
      "tn" : 1756455033706006270,
      "q" : "1",
      "p" : "0.17700",
      "s" : "buy",
      "i" : "STGUSD-PERP",
      "m" : "4611686018429339199"
    }, {
      "d" : "1756455021851497877",
      "t" : 1756455021851,
      "tn" : 1756455021851497877,
      "q" : "1",
      "p" : "0.17720",
      "s" : "buy",
      "i" : "STGUSD-PERP",
      "m" : "4611686018429339198"
    }, {
      "d" : "1756455005216620496",
      "t" : 1756455005216,
      "tn" : 1756455005216620496,
      "q" : "1",
      "p" : "0.17760",
      "s" : "buy",
      "i" : "STGUSD-PERP",
      "m" : "4611686018429339197"
    }, {
      "d" : "1756454984752395910",
      "t" : 1756454984752,
      "tn" : 1756454984752395910,
      "q" : "1",
      "p" : "0.17760",
      "s" : "buy",
      "i" : "STGUSD-PERP",
      "m" : "4611686018429339196"
    }, {
      "d" : "1756454933535109901",
      "t" : 1756454933535,
      "tn" : 1756454933535109901,
      "q" : "1",
      "p" : "0.17770",
      "s" : "buy",
      "i" : "STGUSD-PERP",
      "m" : "4611686018429339195"
    }, {
      "d" : "1756454923247744621",
      "t" : 1756454923247,
      "tn" : 1756454923247744621,
      "q" : "1",
      "p" : "0.17770",
      "s" : "buy",
      "i" : "STGUSD-PERP",
      "m" : "4611686018429339194"
    }, {
      "d" : "1756454922705165946",
      "t" : 1756454922705,
      "tn" : 1756454922705165946,
      "q" : "1",
      "p" : "0.17770",
      "s" : "buy",
      "i" : "STGUSD-PERP",
      "m" : "4611686018429339193"
    }, {
      "d" : "1756454913659655740",
      "t" : 1756454913659,
      "tn" : 1756454913659655740,
      "q" : "1",
      "p" : "0.17760",
      "s" : "buy",
      "i" : "STGUSD-PERP",
      "m" : "4611686018429339192"
    }, {
      "d" : "1756454907981086965",
      "t" : 1756454907981,
      "tn" : 1756454907981086965,
      "q" : "1",
      "p" : "0.17770",
      "s" : "buy",
      "i" : "STGUSD-PERP",
      "m" : "4611686018429339191"
    }, {
      "d" : "1756454895877122902",
      "t" : 1756454895877,
      "tn" : 1756454895877122902,
      "q" : "1",
      "p" : "0.17770",
      "s" : "buy",
      "i" : "STGUSD-PERP",
      "m" : "4611686018429339190"
    }, {
      "d" : "1756454893062207576",
      "t" : 1756454893062,
      "tn" : 1756454893062207576,
      "q" : "1",
      "p" : "0.17790",
      "s" : "buy",
      "i" : "STGUSD-PERP",
      "m" : "4611686018429339189"
    }, {
      "d" : "1756454870135704310",
      "t" : 1756454870135,
      "tn" : 1756454870135704310,
      "q" : "1",
      "p" : "0.17780",
      "s" : "buy",
      "i" : "STGUSD-PERP",
      "m" : "4611686018429339188"
    }, {
      "d" : "1756454868471816108",
      "t" : 1756454868471,
      "tn" : 1756454868471816108,
      "q" : "1",
      "p" : "0.17780",
      "s" : "buy",
      "i" : "STGUSD-PERP",
      "m" : "4611686018429339187"
    }, {
      "d" : "1756454867543888570",
      "t" : 1756454867543,
      "tn" : 1756454867543888570,
      "q" : "1",
      "p" : "0.17780",
      "s" : "buy",
      "i" : "STGUSD-PERP",
      "m" : "4611686018429339186"
    }, {
      "d" : "1756454818682416397",
      "t" : 1756454818682,
      "tn" : 1756454818682416397,
      "q" : "1",
      "p" : "0.17780",
      "s" : "buy",
      "i" : "STGUSD-PERP",
      "m" : "4611686018429339185"
    }, {
      "d" : "1756454817549205181",
      "t" : 1756454817549,
      "tn" : 1756454817549205181,
      "q" : "1",
      "p" : "0.17780",
      "s" : "buy",
      "i" : "STGUSD-PERP",
      "m" : "4611686018429339184"
    }, {
      "d" : "1756454814574938439",
      "t" : 1756454814574,
      "tn" : 1756454814574938439,
      "q" : "560",
      "p" : "0.17829",
      "s" : "sell",
      "i" : "STGUSD-PERP",
      "m" : "4611686018429339183"
    }, {
      "d" : "1756454797862424535",
      "t" : 1756454797862,
      "tn" : 1756454797862424535,
      "q" : "1",
      "p" : "0.17830",
      "s" : "buy",
      "i" : "STGUSD-PERP",
      "m" : "4611686018429339182"
    }, {
      "d" : "1756454787913114447",
      "t" : 1756454787913,
      "tn" : 1756454787913114447,
      "q" : "1",
      "p" : "0.17860",
      "s" : "buy",
      "i" : "STGUSD-PERP",
      "m" : "4611686018429339181"
    }, {
      "d" : "1756454783864684136",
      "t" : 1756454783864,
      "tn" : 1756454783864684136,
      "q" : "1",
      "p" : "0.17850",
      "s" : "buy",
      "i" : "STGUSD-PERP",
      "m" : "4611686018429339180"
    }, {
      "d" : "1756454783475493709",
      "t" : 1756454783475,
      "tn" : 1756454783475493709,
      "q" : "1",
      "p" : "0.17850",
      "s" : "buy",
      "i" : "STGUSD-PERP",
      "m" : "4611686018429339179"
    }, {
      "d" : "1756454781990778209",
      "t" : 1756454781990,
      "tn" : 1756454781990778209,
      "q" : "1",
      "p" : "0.17840",
      "s" : "buy",
      "i" : "STGUSD-PERP",
      "m" : "4611686018429339178"
    }, {
      "d" : "1756454781237768855",
      "t" : 1756454781237,
      "tn" : 1756454781237768855,
      "q" : "1",
      "p" : "0.17840",
      "s" : "buy",
      "i" : "STGUSD-PERP",
      "m" : "4611686018429339177"
    }, {
      "d" : "1756454780749266469",
      "t" : 1756454780749,
      "tn" : 1756454780749266469,
      "q" : "279",
      "p" : "0.17864",
      "s" : "sell",
      "i" : "STGUSD-PERP",
      "m" : "4611686018429339176"
    }, {
      "d" : "1756454780749264936",
      "t" : 1756454780749,
      "tn" : 1756454780749264936,
      "q" : "279",
      "p" : "0.17868",
      "s" : "sell",
      "i" : "STGUSD-PERP",
      "m" : "4611686018429339175"
    }, {
      "d" : "1756454780749262363",
      "t" : 1756454780749,
      "tn" : 1756454780749262363,
      "q" : "559",
      "p" : "0.17869",
      "s" : "sell",
      "i" : "STGUSD-PERP",
      "m" : "4611686018429339174"
    }, {
      "d" : "1756454710271602883",
      "t" : 1756454710271,
      "tn" : 1756454710271602883,
      "q" : "1",
      "p" : "0.17840",
      "s" : "buy",
      "i" : "STGUSD-PERP",
      "m" : "4611686018429339173"
    }, {
      "d" : "1756454709519865444",
      "t" : 1756454709519,
      "tn" : 1756454709519865444,
      "q" : "1",
      "p" : "0.17850",
      "s" : "buy",
      "i" : "STGUSD-PERP",
      "m" : "4611686018429339172"
    }, {
      "d" : "1756454505300286907",
      "t" : 1756454505300,
      "tn" : 1756454505300286907,
      "q" : "1",
      "p" : "0.17730",
      "s" : "buy",
      "i" : "STGUSD-PERP",
      "m" : "4611686018429339171"
    }, {
      "d" : "1756454504755603008",
      "t" : 1756454504755,
      "tn" : 1756454504755603008,
      "q" : "1",
      "p" : "0.17734",
      "s" : "buy",
      "i" : "STGUSD-PERP",
      "m" : "4611686018429339170"
    }, {
      "d" : "1756454504390668904",
      "t" : 1756454504390,
      "tn" : 1756454504390668904,
      "q" : "1",
      "p" : "0.17730",
      "s" : "buy",
      "i" : "STGUSD-PERP",
      "m" : "4611686018429339169"
    }, {
      "d" : "1756454503990175922",
      "t" : 1756454503990,
      "tn" : 1756454503990175922,
      "q" : "1",
      "p" : "0.17734",
      "s" : "buy",
      "i" : "STGUSD-PERP",
      "m" : "4611686018429339168"
    }, {
      "d" : "1756454503587532084",
      "t" : 1756454503587,
      "tn" : 1756454503587532084,
      "q" : "1",
      "p" : "0.17730",
      "s" : "buy",
      "i" : "STGUSD-PERP",
      "m" : "4611686018429339167"
    }, {
      "d" : "1756454503109972596",
      "t" : 1756454503109,
      "tn" : 1756454503109972596,
      "q" : "1",
      "p" : "0.17730",
      "s" : "buy",
      "i" : "STGUSD-PERP",
      "m" : "4611686018429339166"
    }, {
      "d" : "1756454398215976363",
      "t" : 1756454398215,
      "tn" : 1756454398215976363,
      "q" : "1",
      "p" : "0.17690",
      "s" : "buy",
      "i" : "STGUSD-PERP",
      "m" : "4611686018429339165"
    }, {
      "d" : "1756454396964437247",
      "t" : 1756454396964,
      "tn" : 1756454396964437247,
      "q" : "1",
      "p" : "0.17690",
      "s" : "buy",
      "i" : "STGUSD-PERP",
      "m" : "4611686018429339164"
    }, {
      "d" : "1756454353355514833",
      "t" : 1756454353355,
      "tn" : 1756454353355514833,
      "q" : "720",
      "p" : "0.17699",
      "s" : "buy",
      "i" : "STGUSD-PERP",
      "m" : "4611686018429339163"
    }, {
      "d" : "1756454080741107253",
      "t" : 1756454080741,
      "tn" : 1756454080741107252,
      "q" : "1",
      "p" : "0.17704",
      "s" : "buy",
      "i" : "STGUSD-PERP",
      "m" : "4611686018429339162"
    }, {
      "d" : "1756454080741107252",
      "t" : 1756454080741,
      "tn" : 1756454080741107252,
      "q" : "1",
      "p" : "0.17704",
      "s" : "buy",
      "i" : "STGUSD-PERP",
      "m" : "4611686018429339162"
    }, {
      "d" : "1756454080327929337",
      "t" : 1756454080327,
      "tn" : 1756454080327929337,
      "q" : "1",
      "p" : "0.17702",
      "s" : "buy",
      "i" : "STGUSD-PERP",
      "m" : "4611686018429339161"
    }, {
      "d" : "1756454079307468024",
      "t" : 1756454079307,
      "tn" : 1756454079307468024,
      "q" : "1",
      "p" : "0.17712",
      "s" : "buy",
      "i" : "STGUSD-PERP",
      "m" : "4611686018429339160"
    }, {
      "d" : "1756454067958898117",
      "t" : 1756454067958,
      "tn" : 1756454067958898117,
      "q" : "172",
      "p" : "0.17796",
      "s" : "buy",
      "i" : "STGUSD-PERP",
      "m" : "4611686018429339159"
    }, {
      "d" : "1756454067840719548",
      "t" : 1756454067840,
      "tn" : 1756454067840719547,
      "q" : "1",
      "p" : "0.17794",
      "s" : "buy",
      "i" : "STGUSD-PERP",
      "m" : "4611686018429339158"
    }, {
      "d" : "1756454067840719547",
      "t" : 1756454067840,
      "tn" : 1756454067840719547,
      "q" : "1",
      "p" : "0.17794",
      "s" : "buy",
      "i" : "STGUSD-PERP",
      "m" : "4611686018429339158"
    }, {
      "d" : "1756454067712390080",
      "t" : 1756454067712,
      "tn" : 1756454067712390080,
      "q" : "1",
      "p" : "0.17790",
      "s" : "buy",
      "i" : "STGUSD-PERP",
      "m" : "4611686018429339157"
    }, {
      "d" : "1756454064734814249",
      "t" : 1756454064734,
      "tn" : 1756454064734814249,
      "q" : "1",
      "p" : "0.17793",
      "s" : "buy",
      "i" : "STGUSD-PERP",
      "m" : "4611686018429339156"
    }, {
      "d" : "1756454064627390712",
      "t" : 1756454064627,
      "tn" : 1756454064627390712,
      "q" : "1",
      "p" : "0.17794",
      "s" : "buy",
      "i" : "STGUSD-PERP",
      "m" : "4611686018429339155"
    }, {
      "d" : "1756454064169960868",
      "t" : 1756454064169,
      "tn" : 1756454064169960868,
      "q" : "280",
      "p" : "0.17796",
      "s" : "buy",
      "i" : "STGUSD-PERP",
      "m" : "4611686018429339154"
    }, {
      "d" : "1756454063795693541",
      "t" : 1756454063795,
      "tn" : 1756454063795693541,
      "q" : "1",
      "p" : "0.17790",
      "s" : "buy",
      "i" : "STGUSD-PERP",
      "m" : "4611686018429339153"
    }, {
      "d" : "1756454063613271393",
      "t" : 1756454063613,
      "tn" : 1756454063613271393,
      "q" : "279",
      "p" : "0.17796",
      "s" : "buy",
      "i" : "STGUSD-PERP",
      "m" : "4611686018429339152"
    }, {
      "d" : "1756454063613269861",
      "t" : 1756454063613,
      "tn" : 1756454063613269861,
      "q" : "1",
      "p" : "0.17794",
      "s" : "buy",
      "i" : "STGUSD-PERP",
      "m" : "4611686018429339151"
    }, {
      "d" : "1756454063425721614",
      "t" : 1756454063425,
      "tn" : 1756454063425721614,
      "q" : "1",
      "p" : "0.17793",
      "s" : "buy",
      "i" : "STGUSD-PERP",
      "m" : "4611686018429339150"
    }, {
      "d" : "1756454063037831349",
      "t" : 1756454063037,
      "tn" : 1756454063037831349,
      "q" : "1",
      "p" : "0.17794",
      "s" : "buy",
      "i" : "STGUSD-PERP",
      "m" : "4611686018429339149"
    }, {
      "d" : "1756454062615150300",
      "t" : 1756454062615,
      "tn" : 1756454062615150300,
      "q" : "1",
      "p" : "0.17790",
      "s" : "buy",
      "i" : "STGUSD-PERP",
      "m" : "4611686018429339148"
    } ]
  }
}