{
  "id" : -1,
  "method" : "public/get-trades",
  "code" : 0,
  "result" : {
    "data" : [ {
      "d" : "1756458148232828415",
      "t" : 1756458148232,
      "tn" : 1756458148232828414,
      "q" : "13.3",
      "p" : "0.25217",
      "s" : "sell",
      "i" : "STORJ_USD",
      "m" : "4611686018430222980"
    }, {
      "d" : "1756458148232828414",
      "t" : 1756458148232,
      "tn" : 1756458148232828414,
      "q" : "165.0",
      "p" : "0.25217",
      "s" : "sell",
      "i" : "STORJ_USD",
      "m" : "4611686018430222980"
    }, {
      "d" : "1756457211411687499",
      "t" : 1756457211411,
      "tn" : 1756457211411687499,
      "q" : "31.5",
      "p" : "0.25452",
      "s" : "buy",
      "i" : "STORJ_USD",
      "m" : "4611686018430222979"
    }, {
      "d" : "1756457024692165342",
      "t" : 1756457024692,
      "tn" : 1756457024692165342,
      "q" : "10.0",
      "p" : "0.25474",
      "s" : "buy",
      "i" : "STORJ_USD",
      "m" : "4611686018430222978"
    }, {
      "d" : "1756455835423759998",
      "t" : 1756455835423,
      "tn" : 1756455835423759998,
      "q" : "178.3",
      "p" : "0.25401",
      "s" : "buy",
      "i" : "STORJ_USD",
      "m" : "4611686018430222977"
    }, {
      "d" : "1756455835416633193",
      "t" : 1756455835416,
      "tn" : 1756455835416633193,
      "q" : "7.4",
      "p" : "0.25401",
      "s" : "sell",
      "i" : "STORJ_USD",
      "m" : "4611686018430222976"
    }, {
      "d" : "1756455781349504628",
      "t" : 1756455781349,
      "tn" : 1756455781349504628,
      "q" : "30.2",
      "p" : "0.25401",
      "s" : "sell",
      "i" : "STORJ_USD",
      "m" : "4611686018430222975"
    }, {
      "d" : "1756455633526965890",
      "t" : 1756455633526,
      "tn" : 1756455633526965890,
      "q" : "4.2",
      "p" : "0.25401",
      "s" : "sell",
      "i" : "STORJ_USD",
      "m" : "4611686018430222974"
    }, {
      "d" : "1756455633526964351",
      "t" : 1756455633526,
      "tn" : 1756455633526964351,
      "q" : "32.9",
      "p" : "0.25402",
      "s" : "sell",
      "i" : "STORJ_USD",
      "m" : "4611686018430222973"
    }, {
      "d" : "1756455633526961557",
      "t" : 1756455633526,
      "tn" : 1756455633526961557,
      "q" : "120.4",
      "p" : "0.25403",
      "s" : "sell",
      "i" : "STORJ_USD",
      "m" : "4611686018430222972"
    }, {
      "d" : "1756455633424878106",
      "t" : 1756455633424,
      "tn" : 1756455633424878106,
      "q" : "314.9",
      "p" : "0.25403",
      "s" : "sell",
      "i" : "STORJ_USD",
      "m" : "4611686018430222971"
    }, {
      "d" : "1756455633337046203",
      "t" : 1756455633337,
      "tn" : 1756455633337046203,
      "q" : "1077.2",
      "p" : "0.25403",
      "s" : "sell",
      "i" : "STORJ_USD",
      "m" : "4611686018430222970"
    }, {
      "d" : "1756455631175602140",
      "t" : 1756455631175,
      "tn" : 1756455631175602140,
      "q" : "314.9",
      "p" : "0.25402",
      "s" : "sell",
      "i" : "STORJ_USD",
      "m" : "4611686018430222969"
    }, {
      "d" : "1756451690209833515",
      "t" : 1756451690209,
      "tn" : 1756451690209833515,
      "q" : "33.9",
      "p" : "0.25772",
      "s" : "sell",
      "i" : "STORJ_USD",
      "m" : "4611686018430222968"
    }, {
      "d" : "1756450899867344759",
      "t" : 1756450899867,
      "tn" : 1756450899867344759,
      "q" : "396.1",
      "p" : "0.25882",
      "s" : "sell",
      "i" : "STORJ_USD",
      "m" : "4611686018430222967"
    }, {
      "d" : "1756448425417804944",
      "t" : 1756448425417,
      "tn" : 1756448425417804944,
      "q" : "128.0",
      "p" : "0.26099",
      "s" : "buy",
      "i" : "STORJ_USD",
      "m" : "4611686018430222966"
    }, {
      "d" : "1756442624692271068",
      "t" : 1756442624692,
      "tn" : 1756442624692271068,
      "q" : "10.0",
      "p" : "0.26389",
      "s" : "buy",
      "i" : "STORJ_USD",
      "m" : "4611686018430222965"
    }, {
      "d" : "1756432060675879288",
      "t" : 1756432060675,
      "tn" : 1756432060675879288,
      "q" : "150.0",
      "p" : "0.26205",
      "s" : "sell",
      "i" : "STORJ_USD",
      "m" : "4611686018430222964"
    }, {
      "d" : "1756428224692000063",
      "t" : 1756428224692,
      "tn" : 1756428224692000063,
      "q" : "10.0",
      "p" : "0.26515",
      "s" : "buy",
      "i" : "STORJ_USD",
      "m" : "4611686018430222963"
    }, {
      "d" : "1756426733092562516",
      "t" : 1756426733092,
      "tn" : 1756426733092562516,
      "q" : "110.0",
      "p" : "0.26503",
      "s" : "sell",
      "i" : "STORJ_USD",
      "m" : "4611686018430222962"
    }, {
      "d" : "1756425700115057502",
      "t" : 1756425700115,
      "tn" : 1756425700115057502,
      "q" : "12.2",
      "p" : "0.26686",
      "s" : "buy",
      "i" : "STORJ_USD",
      "m" : "4611686018430222961"
    }, {
      "d" : "1756425678267010628",
      "t" : 1756425678267,
      "tn" : 1756425678267010628,
      "q" : "33.5",
      "p" : "0.26569",
      "s" : "buy",
      "i" : "STORJ_USD",
      "m" : "4611686018430222960"
    }, {
      "d" : "1756423361309195042",
      "t" : 1756423361309,
      "tn" : 1756423361309195042,
      "q" : "150.0",
      "p" : "0.26422",
      "s" : "sell",
      "i" : "STORJ_USD",
      "m" : "4611686018430222959"
    }, {
      "d" : "1756422188779332926",
      "t" : 1756422188779,
      "tn" : 1756422188779332926,
      "q" : "316.5",
      "p" : "0.26566",
      "s" : "buy",
      "i" : "STORJ_USD",
      "m" : "4611686018430222958"
    }, {
      "d" : "1756421919384310594",
      "t" : 1756421919384,
      "tn" : 1756421919384310594,
      "q" : "212.7",
      "p" : "0.26441",
      "s" : "buy",
      "i" : "STORJ_USD",
      "m" : "4611686018430222957"
    }, {
      "d" : "1756421919382646475",
      "t" : 1756421919382,
      "tn" : 1756421919382646475,
      "q" : "201.9",
      "p" : "0.26441",
      "s" : "sell",
      "i" : "STORJ_USD",
      "m" : "4611686018430222956"
    }, {
      "d" : "1756420026264399158",
      "t" : 1756420026264,
      "tn" : 1756420026264399158,
      "q" : "13.1",
      "p" : "0.26452",
      "s" : "sell",
      "i" : "STORJ_USD",
      "m" : "4611686018430222955"
    }, {
      "d" : "1756419214408773508",
      "t" : 1756419214408,
      "tn" : 1756419214408773508,
      "q" : "37.6",
      "p" : "0.26460",
      "s" : "buy",
      "i" : "STORJ_USD",
      "m" : "4611686018430222954"
    }, {
      "d" : "1756417622940221555",
      "t" : 1756417622940,
      "tn" : 1756417622940221555,
      "q" : "33.1",
      "p" : "0.26330",
      "s" : "buy",
      "i" : "STORJ_USD",
      "m" : "4611686018430222953"
    }, {
      "d" : "1756413824692265538",
      "t" : 1756413824692,
      "tn" : 1756413824692265538,
      "q" : "10.0",
      "p" : "0.26119",
      "s" : "buy",
      "i" : "STORJ_USD",
      "m" : "4611686018430222952"
    }, {
      "d" : "1756399424692175548",
      "t" : 1756399424692,
      "tn" : 1756399424692175548,
      "q" : "10.0",
      "p" : "0.26493",
      "s" : "buy",
      "i" : "STORJ_USD",
      "m" : "4611686018430222951"
    }, {
      "d" : "1756395308003435814",
      "t" : 1756395308003,
      "tn" : 1756395308003435814,
      "q" : "200.0",
      "p" : "0.26540",
      "s" : "buy",
      "i" : "STORJ_USD",
      "m" : "4611686018430222950"
    }, {
      "d" : "1756393282649019701",
      "t" : 1756393282649,
      "tn" : 1756393282649019701,
      "q" : "1476.5",
      "p" : "0.26481",
      "s" : "sell",
      "i" : "STORJ_USD",
      "m" : "4611686018430222949"
    }, {
      "d" : "1756393282649019069",
      "t" : 1756393282649,
      "tn" : 1756393282649019069,
      "q" : "2672.0",
      "p" : "0.26497",
      "s" : "sell",
      "i" : "STORJ_USD",
      "m" : "4611686018430222948"
    }, {
      "d" : "1756391673261886511",
      "t" : 1756391673261,
      "tn" : 1756391673261886511,
      "q" : "73.9",
      "p" : "0.26391",
      "s" : "sell",
      "i" : "STORJ_USD",
      "m" : "4611686018430222947"
    }, {
      "d" : "1756391671317544687",
      "t" : 1756391671317,
      "tn" : 1756391671317544687,
      "q" : "235.0",
      "p" : "0.26391",
      "s" : "buy",
      "i" : "STORJ_USD",
      "m" : "4611686018430222946"
    }, {
      "d" : "1756391671314943327",
      "t" : 1756391671314,
      "tn" : 1756391671314943327,
      "q" : "3937.1",
      "p" : "0.26391",
      "s" : "buy",
      "i" : "STORJ_USD",
      "m" : "4611686018430222945"
    }, {
      "d" : "1756391671309496900",
      "t" : 1756391671309,
      "tn" : 1756391671309496900,
      "q" : "295.9",
      "p" : "0.26391",
      "s" : "sell",
      "i" : "STORJ_USD",
      "m" : "4611686018430222944"
    }, {
      "d" : "1756388966363879609",
      "t" : 1756388966363,
      "tn" : 1756388966363879609,
      "q" : "71.6",
      "p" : "0.26125",
      "s" : "sell",
      "i" : "STORJ_USD",
      "m" : "4611686018430222943"
    }, {
      "d" : "1756388334784988467",
      "t" : 1756388334784,
      "tn" : 1756388334784988467,
      "q" : "5.0",
      "p" : "0.26208",
      "s" : "sell",
      "i" : "STORJ_USD",
      "m" : "4611686018430222942"
    }, {
      "d" : "1756387906277049339",
      "t" : 1756387906277,
      "tn" : 1756387906277049339,
      "q" : "212.0",
      "p" : "0.26276",
      "s" : "buy",
      "i" : "STORJ_USD",
      "m" : "4611686018430222941"
    }, {
      "d" : "1756387906269659042",
      "t" : 1756387906269,
      "tn" : 1756387906269659042,
      "q" : "380.5",
      "p" : "0.26276",
      "s" : "sell",
      "i" : "STORJ_USD",
      "m" : "4611686018430222940"
    }, {
      "d" : "1756384798169536114",
      "t" : 1756384798169,
      "tn" : 1756384798169536114,
      "q" : "974.3",
      "p" : "0.26261",
      "s" : "buy",
      "i" : "STORJ_USD",
      "m" : "4611686018430222939"
    } ]
  }
}