{
  "id" : -1,
  "method" : "public/get-trades",
  "code" : 0,
  "result" : {
    "data" : [ {
      "d" : "1756456057028470395",
      "t" : 1756456057028,
      "tn" : 1756456057028470395,
      "q" : "6519",
      "p" : "0.04389",
      "s" : "buy",
      "i" : "STRAX_USD",
      "m" : "4611686018430153226"
    }, {
      "d" : "1756456037910230393",
      "t" : 1756456037910,
      "tn" : 1756456037910230393,
      "q" : "980",
      "p" : "0.04386",
      "s" : "buy",
      "i" : "STRAX_USD",
      "m" : "4611686018430153225"
    }, {
      "d" : "1756456037483936371",
      "t" : 1756456037483,
      "tn" : 1756456037483936371,
      "q" : "6523",
      "p" : "0.04386",
      "s" : "buy",
      "i" : "STRAX_USD",
      "m" : "4611686018430153224"
    }, {
      "d" : "1756456036942210589",
      "t" : 1756456036942,
      "tn" : 1756456036942210589,
      "q" : "6523",
      "p" : "0.04386",
      "s" : "buy",
      "i" : "STRAX_USD",
      "m" : "4611686018430153223"
    }, {
      "d" : "1756456036216433908",
      "t" : 1756456036216,
      "tn" : 1756456036216433908,
      "q" : "6520",
      "p" : "0.04388",
      "s" : "buy",
      "i" : "STRAX_USD",
      "m" : "4611686018430153222"
    }, {
      "d" : "1756456034336885749",
      "t" : 1756456034336,
      "tn" : 1756456034336885749,
      "q" : "6520",
      "p" : "0.04388",
      "s" : "buy",
      "i" : "STRAX_USD",
      "m" : "4611686018430153221"
    }, {
      "d" : "1756456026821836740",
      "t" : 1756456026821,
      "tn" : 1756456026821836740,
      "q" : "6520",
      "p" : "0.04388",
      "s" : "buy",
      "i" : "STRAX_USD",
      "m" : "4611686018430153220"
    }, {
      "d" : "1756456026314378815",
      "t" : 1756456026314,
      "tn" : 1756456026314378815,
      "q" : "6520",
      "p" : "0.04388",
      "s" : "buy",
      "i" : "STRAX_USD",
      "m" : "4611686018430153219"
    }, {
      "d" : "1756452817098288535",
      "t" : 1756452817098,
      "tn" : 1756452817098288535,
      "q" : "812",
      "p" : "0.04406",
      "s" : "sell",
      "i" : "STRAX_USD",
      "m" : "4611686018430153218"
    }, {
      "d" : "1756451991620075863",
      "t" : 1756451991620,
      "tn" : 1756451991620075863,
      "q" : "1163",
      "p" : "0.04443",
      "s" : "sell",
      "i" : "STRAX_USD",
      "m" : "4611686018430153217"
    }, {
      "d" : "1756451990980820092",
      "t" : 1756451990980,
      "tn" : 1756451990980820092,
      "q" : "1125",
      "p" : "0.04447",
      "s" : "sell",
      "i" : "STRAX_USD",
      "m" : "4611686018430153216"
    }, {
      "d" : "1756451990973669975",
      "t" : 1756451990973,
      "tn" : 1756451990973669975,
      "q" : "1247",
      "p" : "0.04451",
      "s" : "sell",
      "i" : "STRAX_USD",
      "m" : "4611686018430153215"
    }, {
      "d" : "1756451957374113154",
      "t" : 1756451957374,
      "tn" : 1756451957374113154,
      "q" : "7233",
      "p" : "0.04539",
      "s" : "sell",
      "i" : "STRAX_USD",
      "m" : "4611686018430153214"
    }, {
      "d" : "1756451957272701143",
      "t" : 1756451957272,
      "tn" : 1756451957272701143,
      "q" : "1088",
      "p" : "0.04543",
      "s" : "sell",
      "i" : "STRAX_USD",
      "m" : "4611686018430153213"
    }, {
      "d" : "1756451957161645312",
      "t" : 1756451957161,
      "tn" : 1756451957161645312,
      "q" : "841",
      "p" : "0.04548",
      "s" : "sell",
      "i" : "STRAX_USD",
      "m" : "4611686018430153212"
    }, {
      "d" : "1756451956979147552",
      "t" : 1756451956979,
      "tn" : 1756451956979147552,
      "q" : "1078",
      "p" : "0.04553",
      "s" : "sell",
      "i" : "STRAX_USD",
      "m" : "4611686018430153211"
    }, {
      "d" : "1756451956979145028",
      "t" : 1756451956979,
      "tn" : 1756451956979145028,
      "q" : "903",
      "p" : "0.04558",
      "s" : "sell",
      "i" : "STRAX_USD",
      "m" : "4611686018430153210"
    }, {
      "d" : "1756451919319631336",
      "t" : 1756451919319,
      "tn" : 1756451919319631336,
      "q" : "1127",
      "p" : "0.04628",
      "s" : "buy",
      "i" : "STRAX_USD",
      "m" : "4611686018430153209"
    }, {
      "d" : "1756451919318141036",
      "t" : 1756451919318,
      "tn" : 1756451919318141036,
      "q" : "819",
      "p" : "0.04623",
      "s" : "buy",
      "i" : "STRAX_USD",
      "m" : "4611686018430153208"
    }, {
      "d" : "1756451919270654738",
      "t" : 1756451919270,
      "tn" : 1756451919270654738,
      "q" : "85",
      "p" : "0.04618",
      "s" : "buy",
      "i" : "STRAX_USD",
      "m" : "4611686018430153207"
    }, {
      "d" : "1756451556884994782",
      "t" : 1756451556884,
      "tn" : 1756451556884994782,
      "q" : "786",
      "p" : "0.04555",
      "s" : "buy",
      "i" : "STRAX_USD",
      "m" : "4611686018430153206"
    }, {
      "d" : "1756451552913299000",
      "t" : 1756451552913,
      "tn" : 1756451552913299000,
      "q" : "788",
      "p" : "0.04544",
      "s" : "buy",
      "i" : "STRAX_USD",
      "m" : "4611686018430153205"
    }, {
      "d" : "1756451530161226577",
      "t" : 1756451530161,
      "tn" : 1756451530161226577,
      "q" : "786",
      "p" : "0.04556",
      "s" : "buy",
      "i" : "STRAX_USD",
      "m" : "4611686018430153204"
    }, {
      "d" : "1756451480915143610",
      "t" : 1756451480915,
      "tn" : 1756451480915143610,
      "q" : "1213",
      "p" : "0.04548",
      "s" : "buy",
      "i" : "STRAX_USD",
      "m" : "4611686018430153203"
    }, {
      "d" : "1756451480373293889",
      "t" : 1756451480373,
      "tn" : 1756451480373293889,
      "q" : "1028",
      "p" : "0.04543",
      "s" : "buy",
      "i" : "STRAX_USD",
      "m" : "4611686018430153202"
    }, {
      "d" : "1756451480370209109",
      "t" : 1756451480370,
      "tn" : 1756451480370209109,
      "q" : "1190",
      "p" : "0.04538",
      "s" : "buy",
      "i" : "STRAX_USD",
      "m" : "4611686018430153201"
    }, {
      "d" : "1756451479057014664",
      "t" : 1756451479057,
      "tn" : 1756451479057014664,
      "q" : "1036",
      "p" : "0.04533",
      "s" : "buy",
      "i" : "STRAX_USD",
      "m" : "4611686018430153200"
    }, {
      "d" : "1756447032836908121",
      "t" : 1756447032836,
      "tn" : 1756447032836908121,
      "q" : "5001",
      "p" : "0.04484",
      "s" : "sell",
      "i" : "STRAX_USD",
      "m" : "4611686018430153199"
    }, {
      "d" : "1756445419510524248",
      "t" : 1756445419510,
      "tn" : 1756445419510524248,
      "q" : "649",
      "p" : "0.04496",
      "s" : "buy",
      "i" : "STRAX_USD",
      "m" : "4611686018430153198"
    }, {
      "d" : "1756444851530870479",
      "t" : 1756444851530,
      "tn" : 1756444851530870479,
      "q" : "639",
      "p" : "0.04497",
      "s" : "buy",
      "i" : "STRAX_USD",
      "m" : "4611686018430153197"
    }, {
      "d" : "1756441312184624365",
      "t" : 1756441312184,
      "tn" : 1756441312184624365,
      "q" : "344",
      "p" : "0.04504",
      "s" : "buy",
      "i" : "STRAX_USD",
      "m" : "4611686018430153196"
    }, {
      "d" : "1756437009509203946",
      "t" : 1756437009509,
      "tn" : 1756437009509203946,
      "q" : "1193",
      "p" : "0.04484",
      "s" : "sell",
      "i" : "STRAX_USD",
      "m" : "4611686018430153195"
    }, {
      "d" : "1756430725488118481",
      "t" : 1756430725488,
      "tn" : 1756430725488118481,
      "q" : "1005",
      "p" : "0.04502",
      "s" : "sell",
      "i" : "STRAX_USD",
      "m" : "4611686018430153194"
    }, {
      "d" : "1756429513423851867",
      "t" : 1756429513423,
      "tn" : 1756429513423851867,
      "q" : "980",
      "p" : "0.04523",
      "s" : "sell",
      "i" : "STRAX_USD",
      "m" : "4611686018430153193"
    }, {
      "d" : "1756427323015827645",
      "t" : 1756427323015,
      "tn" : 1756427323015827645,
      "q" : "159",
      "p" : "0.04536",
      "s" : "sell",
      "i" : "STRAX_USD",
      "m" : "4611686018430153192"
    }, {
      "d" : "1756420105217047728",
      "t" : 1756420105217,
      "tn" : 1756420105217047728,
      "q" : "162",
      "p" : "0.04478",
      "s" : "sell",
      "i" : "STRAX_USD",
      "m" : "4611686018430153191"
    }, {
      "d" : "1756415275439937434",
      "t" : 1756415275439,
      "tn" : 1756415275439937434,
      "q" : "573",
      "p" : "0.04432",
      "s" : "sell",
      "i" : "STRAX_USD",
      "m" : "4611686018430153190"
    }, {
      "d" : "1756410109389879692",
      "t" : 1756410109389,
      "tn" : 1756410109389879692,
      "q" : "252",
      "p" : "0.04448",
      "s" : "sell",
      "i" : "STRAX_USD",
      "m" : "4611686018430153189"
    }, {
      "d" : "1756403409676771741",
      "t" : 1756403409676,
      "tn" : 1756403409676771741,
      "q" : "436",
      "p" : "0.04447",
      "s" : "sell",
      "i" : "STRAX_USD",
      "m" : "4611686018430153188"
    }, {
      "d" : "1756398762907670745",
      "t" : 1756398762907,
      "tn" : 1756398762907670745,
      "q" : "582",
      "p" : "0.04464",
      "s" : "sell",
      "i" : "STRAX_USD",
      "m" : "4611686018430153187"
    }, {
      "d" : "1756396560051301368",
      "t" : 1756396560051,
      "tn" : 1756396560051301368,
      "q" : "1148",
      "p" : "0.04465",
      "s" : "buy",
      "i" : "STRAX_USD",
      "m" : "4611686018430153186"
    }, {
      "d" : "1756395189102911007",
      "t" : 1756395189102,
      "tn" : 1756395189102911007,
      "q" : "4308",
      "p" : "0.04480",
      "s" : "buy",
      "i" : "STRAX_USD",
      "m" : "4611686018430153185"
    } ]
  }
}