{
  "id" : -1,
  "method" : "public/get-trades",
  "code" : 0,
  "result" : {
    "data" : [ {
      "d" : "1756461351947994356",
      "t" : 1756461351947,
      "tn" : 1756461351947994355,
      "q" : "1",
      "p" : "0.1276",
      "s" : "sell",
      "i" : "STRKUSD-PERP",
      "m" : "4611686018428403449"
    }, {
      "d" : "1756461351947994355",
      "t" : 1756461351947,
      "tn" : 1756461351947994355,
      "q" : "1",
      "p" : "0.1276",
      "s" : "sell",
      "i" : "STRKUSD-PERP",
      "m" : "4611686018428403449"
    }, {
      "d" : "1756455304101127465",
      "t" : 1756455304101,
      "tn" : 1756455304101127464,
      "q" : "1",
      "p" : "0.1281",
      "s" : "sell",
      "i" : "STRKUSD-PERP",
      "m" : "4611686018428403448"
    }, {
      "d" : "1756455304101127464",
      "t" : 1756455304101,
      "tn" : 1756455304101127464,
      "q" : "1",
      "p" : "0.1281",
      "s" : "sell",
      "i" : "STRKUSD-PERP",
      "m" : "4611686018428403448"
    }, {
      "d" : "1756455303101006151",
      "t" : 1756455303101,
      "tn" : 1756455303101006150,
      "q" : "1",
      "p" : "0.1281",
      "s" : "sell",
      "i" : "STRKUSD-PERP",
      "m" : "4611686018428403447"
    }, {
      "d" : "1756455303101006150",
      "t" : 1756455303101,
      "tn" : 1756455303101006150,
      "q" : "1",
      "p" : "0.1281",
      "s" : "sell",
      "i" : "STRKUSD-PERP",
      "m" : "4611686018428403447"
    }, {
      "d" : "1756455176941449509",
      "t" : 1756455176941,
      "tn" : 1756455176941449509,
      "q" : "1",
      "p" : "0.1280",
      "s" : "sell",
      "i" : "STRKUSD-PERP",
      "m" : "4611686018428403446"
    }, {
      "d" : "1756455176850595477",
      "t" : 1756455176850,
      "tn" : 1756455176850595476,
      "q" : "1",
      "p" : "0.1280",
      "s" : "sell",
      "i" : "STRKUSD-PERP",
      "m" : "4611686018428403445"
    }, {
      "d" : "1756455176850595476",
      "t" : 1756455176850,
      "tn" : 1756455176850595476,
      "q" : "1",
      "p" : "0.1280",
      "s" : "sell",
      "i" : "STRKUSD-PERP",
      "m" : "4611686018428403445"
    }, {
      "d" : "1756455167110302942",
      "t" : 1756455167110,
      "tn" : 1756455167110302941,
      "q" : "1",
      "p" : "0.1280",
      "s" : "sell",
      "i" : "STRKUSD-PERP",
      "m" : "4611686018428403444"
    }, {
      "d" : "1756455167110302941",
      "t" : 1756455167110,
      "tn" : 1756455167110302941,
      "q" : "1",
      "p" : "0.1280",
      "s" : "sell",
      "i" : "STRKUSD-PERP",
      "m" : "4611686018428403444"
    }, {
      "d" : "1756455166122699950",
      "t" : 1756455166122,
      "tn" : 1756455166122699949,
      "q" : "1",
      "p" : "0.1280",
      "s" : "sell",
      "i" : "STRKUSD-PERP",
      "m" : "4611686018428403443"
    }, {
      "d" : "1756455166122699949",
      "t" : 1756455166122,
      "tn" : 1756455166122699949,
      "q" : "1",
      "p" : "0.1280",
      "s" : "sell",
      "i" : "STRKUSD-PERP",
      "m" : "4611686018428403443"
    }, {
      "d" : "1756454589709806702",
      "t" : 1756454589709,
      "tn" : 1756454589709806701,
      "q" : "15",
      "p" : "0.1287",
      "s" : "sell",
      "i" : "STRKUSD-PERP",
      "m" : "4611686018428403442"
    }, {
      "d" : "1756454589709806701",
      "t" : 1756454589709,
      "tn" : 1756454589709806701,
      "q" : "1554",
      "p" : "0.1287",
      "s" : "sell",
      "i" : "STRKUSD-PERP",
      "m" : "4611686018428403442"
    }, {
      "d" : "1756454589709803616",
      "t" : 1756454589709,
      "tn" : 1756454589709803616,
      "q" : "9472",
      "p" : "0.1288",
      "s" : "sell",
      "i" : "STRKUSD-PERP",
      "m" : "4611686018428403441"
    }, {
      "d" : "1756454589709800324",
      "t" : 1756454589709,
      "tn" : 1756454589709800323,
      "q" : "1",
      "p" : "0.1289",
      "s" : "sell",
      "i" : "STRKUSD-PERP",
      "m" : "4611686018428403440"
    }, {
      "d" : "1756454589709800323",
      "t" : 1756454589709,
      "tn" : 1756454589709800323,
      "q" : "1",
      "p" : "0.1289",
      "s" : "sell",
      "i" : "STRKUSD-PERP",
      "m" : "4611686018428403440"
    }, {
      "d" : "1756454424723086591",
      "t" : 1756454424723,
      "tn" : 1756454424723086590,
      "q" : "1",
      "p" : "0.1285",
      "s" : "sell",
      "i" : "STRKUSD-PERP",
      "m" : "4611686018428403439"
    }, {
      "d" : "1756454424723086590",
      "t" : 1756454424723,
      "tn" : 1756454424723086590,
      "q" : "1",
      "p" : "0.1285",
      "s" : "sell",
      "i" : "STRKUSD-PERP",
      "m" : "4611686018428403439"
    }, {
      "d" : "1756454347724070242",
      "t" : 1756454347724,
      "tn" : 1756454347724070241,
      "q" : "1",
      "p" : "0.1286",
      "s" : "sell",
      "i" : "STRKUSD-PERP",
      "m" : "4611686018428403438"
    }, {
      "d" : "1756454347724070241",
      "t" : 1756454347724,
      "tn" : 1756454347724070241,
      "q" : "1",
      "p" : "0.1286",
      "s" : "sell",
      "i" : "STRKUSD-PERP",
      "m" : "4611686018428403438"
    }, {
      "d" : "1756454328614155030",
      "t" : 1756454328614,
      "tn" : 1756454328614155029,
      "q" : "1",
      "p" : "0.1284",
      "s" : "sell",
      "i" : "STRKUSD-PERP",
      "m" : "4611686018428403437"
    }, {
      "d" : "1756454328614155029",
      "t" : 1756454328614,
      "tn" : 1756454328614155029,
      "q" : "1",
      "p" : "0.1284",
      "s" : "sell",
      "i" : "STRKUSD-PERP",
      "m" : "4611686018428403437"
    }, {
      "d" : "1756454304330485462",
      "t" : 1756454304330,
      "tn" : 1756454304330485461,
      "q" : "1",
      "p" : "0.1284",
      "s" : "sell",
      "i" : "STRKUSD-PERP",
      "m" : "4611686018428403436"
    }, {
      "d" : "1756454304330485461",
      "t" : 1756454304330,
      "tn" : 1756454304330485461,
      "q" : "1",
      "p" : "0.1284",
      "s" : "sell",
      "i" : "STRKUSD-PERP",
      "m" : "4611686018428403436"
    }, {
      "d" : "1756454160681918509",
      "t" : 1756454160681,
      "tn" : 1756454160681918508,
      "q" : "1",
      "p" : "0.1286",
      "s" : "sell",
      "i" : "STRKUSD-PERP",
      "m" : "4611686018428403435"
    }, {
      "d" : "1756454160681918508",
      "t" : 1756454160681,
      "tn" : 1756454160681918508,
      "q" : "1",
      "p" : "0.1286",
      "s" : "sell",
      "i" : "STRKUSD-PERP",
      "m" : "4611686018428403435"
    }, {
      "d" : "1756454021328887952",
      "t" : 1756454021328,
      "tn" : 1756454021328887951,
      "q" : "1",
      "p" : "0.1290",
      "s" : "sell",
      "i" : "STRKUSD-PERP",
      "m" : "4611686018428403434"
    }, {
      "d" : "1756454021328887951",
      "t" : 1756454021328,
      "tn" : 1756454021328887951,
      "q" : "1",
      "p" : "0.1290",
      "s" : "sell",
      "i" : "STRKUSD-PERP",
      "m" : "4611686018428403434"
    }, {
      "d" : "1756454021143557560",
      "t" : 1756454021143,
      "tn" : 1756454021143557559,
      "q" : "1",
      "p" : "0.1290",
      "s" : "sell",
      "i" : "STRKUSD-PERP",
      "m" : "4611686018428403433"
    }, {
      "d" : "1756454021143557559",
      "t" : 1756454021143,
      "tn" : 1756454021143557559,
      "q" : "1",
      "p" : "0.1290",
      "s" : "sell",
      "i" : "STRKUSD-PERP",
      "m" : "4611686018428403433"
    }, {
      "d" : "1756453956855304178",
      "t" : 1756453956855,
      "tn" : 1756453956855304177,
      "q" : "1",
      "p" : "0.1290",
      "s" : "sell",
      "i" : "STRKUSD-PERP",
      "m" : "4611686018428403432"
    }, {
      "d" : "1756453956855304177",
      "t" : 1756453956855,
      "tn" : 1756453956855304177,
      "q" : "1",
      "p" : "0.1290",
      "s" : "sell",
      "i" : "STRKUSD-PERP",
      "m" : "4611686018428403432"
    }, {
      "d" : "1756453912389755374",
      "t" : 1756453912389,
      "tn" : 1756453912389755373,
      "q" : "1",
      "p" : "0.1292",
      "s" : "sell",
      "i" : "STRKUSD-PERP",
      "m" : "4611686018428403431"
    }, {
      "d" : "1756453912389755373",
      "t" : 1756453912389,
      "tn" : 1756453912389755373,
      "q" : "1",
      "p" : "0.1292",
      "s" : "sell",
      "i" : "STRKUSD-PERP",
      "m" : "4611686018428403431"
    }, {
      "d" : "1756453909509057797",
      "t" : 1756453909509,
      "tn" : 1756453909509057796,
      "q" : "1",
      "p" : "0.1292",
      "s" : "sell",
      "i" : "STRKUSD-PERP",
      "m" : "4611686018428403430"
    }, {
      "d" : "1756453909509057796",
      "t" : 1756453909509,
      "tn" : 1756453909509057796,
      "q" : "1",
      "p" : "0.1292",
      "s" : "sell",
      "i" : "STRKUSD-PERP",
      "m" : "4611686018428403430"
    }, {
      "d" : "1756453909385234015",
      "t" : 1756453909385,
      "tn" : 1756453909385234014,
      "q" : "1",
      "p" : "0.1292",
      "s" : "sell",
      "i" : "STRKUSD-PERP",
      "m" : "4611686018428403429"
    }, {
      "d" : "1756453909385234014",
      "t" : 1756453909385,
      "tn" : 1756453909385234014,
      "q" : "1",
      "p" : "0.1292",
      "s" : "sell",
      "i" : "STRKUSD-PERP",
      "m" : "4611686018428403429"
    }, {
      "d" : "1756453892475206012",
      "t" : 1756453892475,
      "tn" : 1756453892475206011,
      "q" : "1",
      "p" : "0.1291",
      "s" : "sell",
      "i" : "STRKUSD-PERP",
      "m" : "4611686018428403428"
    }, {
      "d" : "1756453892475206011",
      "t" : 1756453892475,
      "tn" : 1756453892475206011,
      "q" : "1",
      "p" : "0.1291",
      "s" : "sell",
      "i" : "STRKUSD-PERP",
      "m" : "4611686018428403428"
    }, {
      "d" : "1756453883960703875",
      "t" : 1756453883960,
      "tn" : 1756453883960703874,
      "q" : "1",
      "p" : "0.1291",
      "s" : "sell",
      "i" : "STRKUSD-PERP",
      "m" : "4611686018428403427"
    }, {
      "d" : "1756453883960703874",
      "t" : 1756453883960,
      "tn" : 1756453883960703874,
      "q" : "1",
      "p" : "0.1291",
      "s" : "sell",
      "i" : "STRKUSD-PERP",
      "m" : "4611686018428403427"
    }, {
      "d" : "1756453861698459709",
      "t" : 1756453861698,
      "tn" : 1756453861698459708,
      "q" : "1",
      "p" : "0.1292",
      "s" : "sell",
      "i" : "STRKUSD-PERP",
      "m" : "4611686018428403426"
    }, {
      "d" : "1756453861698459708",
      "t" : 1756453861698,
      "tn" : 1756453861698459708,
      "q" : "1",
      "p" : "0.1292",
      "s" : "sell",
      "i" : "STRKUSD-PERP",
      "m" : "4611686018428403426"
    }, {
      "d" : "1756453857023226167",
      "t" : 1756453857023,
      "tn" : 1756453857023226166,
      "q" : "1",
      "p" : "0.1291",
      "s" : "sell",
      "i" : "STRKUSD-PERP",
      "m" : "4611686018428403425"
    }, {
      "d" : "1756453857023226166",
      "t" : 1756453857023,
      "tn" : 1756453857023226166,
      "q" : "1",
      "p" : "0.1291",
      "s" : "sell",
      "i" : "STRKUSD-PERP",
      "m" : "4611686018428403425"
    }, {
      "d" : "1756453655527228817",
      "t" : 1756453655527,
      "tn" : 1756453655527228816,
      "q" : "1",
      "p" : "0.1291",
      "s" : "sell",
      "i" : "STRKUSD-PERP",
      "m" : "4611686018428403424"
    }, {
      "d" : "1756453655527228816",
      "t" : 1756453655527,
      "tn" : 1756453655527228816,
      "q" : "1",
      "p" : "0.1291",
      "s" : "sell",
      "i" : "STRKUSD-PERP",
      "m" : "4611686018428403424"
    }, {
      "d" : "1756453643853521634",
      "t" : 1756453643853,
      "tn" : 1756453643853521633,
      "q" : "1",
      "p" : "0.1291",
      "s" : "sell",
      "i" : "STRKUSD-PERP",
      "m" : "4611686018428403423"
    }, {
      "d" : "1756453643853521633",
      "t" : 1756453643853,
      "tn" : 1756453643853521633,
      "q" : "1",
      "p" : "0.1291",
      "s" : "sell",
      "i" : "STRKUSD-PERP",
      "m" : "4611686018428403423"
    }, {
      "d" : "1756453635935200683",
      "t" : 1756453635935,
      "tn" : 1756453635935200682,
      "q" : "1",
      "p" : "0.1291",
      "s" : "sell",
      "i" : "STRKUSD-PERP",
      "m" : "4611686018428403422"
    }, {
      "d" : "1756453635935200682",
      "t" : 1756453635935,
      "tn" : 1756453635935200682,
      "q" : "1",
      "p" : "0.1291",
      "s" : "sell",
      "i" : "STRKUSD-PERP",
      "m" : "4611686018428403422"
    }, {
      "d" : "1756453486551634664",
      "t" : 1756453486551,
      "tn" : 1756453486551634664,
      "q" : "1",
      "p" : "0.1288",
      "s" : "sell",
      "i" : "STRKUSD-PERP",
      "m" : "4611686018428403421"
    }, {
      "d" : "1756453293595244552",
      "t" : 1756453293595,
      "tn" : 1756453293595244552,
      "q" : "1",
      "p" : "0.1292",
      "s" : "sell",
      "i" : "STRKUSD-PERP",
      "m" : "4611686018428403420"
    }, {
      "d" : "1756453070907266308",
      "t" : 1756453070907,
      "tn" : 1756453070907266308,
      "q" : "1",
      "p" : "0.1289",
      "s" : "sell",
      "i" : "STRKUSD-PERP",
      "m" : "4611686018428403419"
    }, {
      "d" : "1756452999009434007",
      "t" : 1756452999009,
      "tn" : 1756452999009434006,
      "q" : "1",
      "p" : "0.1290",
      "s" : "sell",
      "i" : "STRKUSD-PERP",
      "m" : "4611686018428403418"
    }, {
      "d" : "1756452999009434006",
      "t" : 1756452999009,
      "tn" : 1756452999009434006,
      "q" : "1",
      "p" : "0.1290",
      "s" : "sell",
      "i" : "STRKUSD-PERP",
      "m" : "4611686018428403418"
    }, {
      "d" : "1756452941691545476",
      "t" : 1756452941691,
      "tn" : 1756452941691545476,
      "q" : "1",
      "p" : "0.1291",
      "s" : "sell",
      "i" : "STRKUSD-PERP",
      "m" : "4611686018428403417"
    }, {
      "d" : "1756452368460380915",
      "t" : 1756452368460,
      "tn" : 1756452368460380914,
      "q" : "1",
      "p" : "0.1286",
      "s" : "sell",
      "i" : "STRKUSD-PERP",
      "m" : "4611686018428403416"
    }, {
      "d" : "1756452368460380914",
      "t" : 1756452368460,
      "tn" : 1756452368460380914,
      "q" : "1",
      "p" : "0.1286",
      "s" : "sell",
      "i" : "STRKUSD-PERP",
      "m" : "4611686018428403416"
    }, {
      "d" : "1756452317861245636",
      "t" : 1756452317861,
      "tn" : 1756452317861245635,
      "q" : "1",
      "p" : "0.1288",
      "s" : "sell",
      "i" : "STRKUSD-PERP",
      "m" : "4611686018428403415"
    }, {
      "d" : "1756452317861245635",
      "t" : 1756452317861,
      "tn" : 1756452317861245635,
      "q" : "1",
      "p" : "0.1288",
      "s" : "sell",
      "i" : "STRKUSD-PERP",
      "m" : "4611686018428403415"
    }, {
      "d" : "1756452262623850586",
      "t" : 1756452262623,
      "tn" : 1756452262623850585,
      "q" : "1",
      "p" : "0.1287",
      "s" : "sell",
      "i" : "STRKUSD-PERP",
      "m" : "4611686018428403414"
    }, {
      "d" : "1756452262623850585",
      "t" : 1756452262623,
      "tn" : 1756452262623850585,
      "q" : "1",
      "p" : "0.1287",
      "s" : "sell",
      "i" : "STRKUSD-PERP",
      "m" : "4611686018428403414"
    }, {
      "d" : "1756452070170109501",
      "t" : 1756452070170,
      "tn" : 1756452070170109500,
      "q" : "1",
      "p" : "0.1290",
      "s" : "sell",
      "i" : "STRKUSD-PERP",
      "m" : "4611686018428403413"
    }, {
      "d" : "1756452070170109500",
      "t" : 1756452070170,
      "tn" : 1756452070170109500,
      "q" : "1",
      "p" : "0.1290",
      "s" : "sell",
      "i" : "STRKUSD-PERP",
      "m" : "4611686018428403413"
    }, {
      "d" : "1756451991224870976",
      "t" : 1756451991224,
      "tn" : 1756451991224870975,
      "q" : "1",
      "p" : "0.1289",
      "s" : "sell",
      "i" : "STRKUSD-PERP",
      "m" : "4611686018428403412"
    }, {
      "d" : "1756451991224870975",
      "t" : 1756451991224,
      "tn" : 1756451991224870975,
      "q" : "1",
      "p" : "0.1289",
      "s" : "sell",
      "i" : "STRKUSD-PERP",
      "m" : "4611686018428403412"
    }, {
      "d" : "1756451909167413729",
      "t" : 1756451909167,
      "tn" : 1756451909167413729,
      "q" : "1",
      "p" : "0.1289",
      "s" : "sell",
      "i" : "STRKUSD-PERP",
      "m" : "4611686018428403411"
    }, {
      "d" : "1756451896796146916",
      "t" : 1756451896796,
      "tn" : 1756451896796146916,
      "q" : "1",
      "p" : "0.1290",
      "s" : "sell",
      "i" : "STRKUSD-PERP",
      "m" : "4611686018428403410"
    }, {
      "d" : "1756451832409701836",
      "t" : 1756451832409,
      "tn" : 1756451832409701835,
      "q" : "1",
      "p" : "0.1290",
      "s" : "sell",
      "i" : "STRKUSD-PERP",
      "m" : "4611686018428403409"
    }, {
      "d" : "1756451832409701835",
      "t" : 1756451832409,
      "tn" : 1756451832409701835,
      "q" : "1",
      "p" : "0.1290",
      "s" : "sell",
      "i" : "STRKUSD-PERP",
      "m" : "4611686018428403409"
    }, {
      "d" : "1756451811535537275",
      "t" : 1756451811535,
      "tn" : 1756451811535537274,
      "q" : "1",
      "p" : "0.1290",
      "s" : "sell",
      "i" : "STRKUSD-PERP",
      "m" : "4611686018428403408"
    }, {
      "d" : "1756451811535537274",
      "t" : 1756451811535,
      "tn" : 1756451811535537274,
      "q" : "1",
      "p" : "0.1290",
      "s" : "sell",
      "i" : "STRKUSD-PERP",
      "m" : "4611686018428403408"
    }, {
      "d" : "1756447959228726283",
      "t" : 1756447959228,
      "tn" : 1756447959228726282,
      "q" : "1",
      "p" : "0.1325",
      "s" : "sell",
      "i" : "STRKUSD-PERP",
      "m" : "4611686018428403407"
    }, {
      "d" : "1756447959228726282",
      "t" : 1756447959228,
      "tn" : 1756447959228726282,
      "q" : "1",
      "p" : "0.1325",
      "s" : "sell",
      "i" : "STRKUSD-PERP",
      "m" : "4611686018428403407"
    }, {
      "d" : "1756447022181050382",
      "t" : 1756447022181,
      "tn" : 1756447022181050381,
      "q" : "1",
      "p" : "0.1330",
      "s" : "sell",
      "i" : "STRKUSD-PERP",
      "m" : "4611686018428403406"
    }, {
      "d" : "1756447022181050381",
      "t" : 1756447022181,
      "tn" : 1756447022181050381,
      "q" : "1",
      "p" : "0.1330",
      "s" : "sell",
      "i" : "STRKUSD-PERP",
      "m" : "4611686018428403406"
    }, {
      "d" : "1756445425529059801",
      "t" : 1756445425529,
      "tn" : 1756445425529059800,
      "q" : "1",
      "p" : "0.1324",
      "s" : "sell",
      "i" : "STRKUSD-PERP",
      "m" : "4611686018428403405"
    }, {
      "d" : "1756445425529059800",
      "t" : 1756445425529,
      "tn" : 1756445425529059800,
      "q" : "1",
      "p" : "0.1324",
      "s" : "sell",
      "i" : "STRKUSD-PERP",
      "m" : "4611686018428403405"
    }, {
      "d" : "1756445343997931383",
      "t" : 1756445343997,
      "tn" : 1756445343997931382,
      "q" : "1",
      "p" : "0.1324",
      "s" : "sell",
      "i" : "STRKUSD-PERP",
      "m" : "4611686018428403404"
    }, {
      "d" : "1756445343997931382",
      "t" : 1756445343997,
      "tn" : 1756445343997931382,
      "q" : "1",
      "p" : "0.1324",
      "s" : "sell",
      "i" : "STRKUSD-PERP",
      "m" : "4611686018428403404"
    }, {
      "d" : "1756445079230115624",
      "t" : 1756445079230,
      "tn" : 1756445079230115623,
      "q" : "1",
      "p" : "0.1326",
      "s" : "sell",
      "i" : "STRKUSD-PERP",
      "m" : "4611686018428403403"
    }, {
      "d" : "1756445079230115623",
      "t" : 1756445079230,
      "tn" : 1756445079230115623,
      "q" : "1",
      "p" : "0.1326",
      "s" : "sell",
      "i" : "STRKUSD-PERP",
      "m" : "4611686018428403403"
    }, {
      "d" : "1756440113708081003",
      "t" : 1756440113708,
      "tn" : 1756440113708081001,
      "q" : "1",
      "p" : "0.1330",
      "s" : "sell",
      "i" : "STRKUSD-PERP",
      "m" : "4611686018428403402"
    }, {
      "d" : "1756440113708081002",
      "t" : 1756440113708,
      "tn" : 1756440113708081001,
      "q" : "1",
      "p" : "0.1330",
      "s" : "sell",
      "i" : "STRKUSD-PERP",
      "m" : "4611686018428403402"
    }, {
      "d" : "1756440113708081001",
      "t" : 1756440113708,
      "tn" : 1756440113708081001,
      "q" : "1503",
      "p" : "0.1330",
      "s" : "sell",
      "i" : "STRKUSD-PERP",
      "m" : "4611686018428403402"
    }, {
      "d" : "1756432428635165771",
      "t" : 1756432428635,
      "tn" : 1756432428635165770,
      "q" : "3796",
      "p" : "0.1319",
      "s" : "buy",
      "i" : "STRKUSD-PERP",
      "m" : "4611686018428403401"
    }, {
      "d" : "1756432428635165770",
      "t" : 1756432428635,
      "tn" : 1756432428635165770,
      "q" : "15",
      "p" : "0.1319",
      "s" : "buy",
      "i" : "STRKUSD-PERP",
      "m" : "4611686018428403401"
    }, {
      "d" : "1756432428635162614",
      "t" : 1756432428635,
      "tn" : 1756432428635162614,
      "q" : "1",
      "p" : "0.1318",
      "s" : "buy",
      "i" : "STRKUSD-PERP",
      "m" : "4611686018428403400"
    }, {
      "d" : "1756432428635159790",
      "t" : 1756432428635,
      "tn" : 1756432428635159790,
      "q" : "1",
      "p" : "0.1317",
      "s" : "buy",
      "i" : "STRKUSD-PERP",
      "m" : "4611686018428403399"
    }, {
      "d" : "1756429500610251392",
      "t" : 1756429500610,
      "tn" : 1756429500610251392,
      "q" : "1",
      "p" : "0.1327",
      "s" : "sell",
      "i" : "STRKUSD-PERP",
      "m" : "4611686018428403398"
    }, {
      "d" : "1756426121072970672",
      "t" : 1756426121072,
      "tn" : 1756426121072970672,
      "q" : "1",
      "p" : "0.1336",
      "s" : "sell",
      "i" : "STRKUSD-PERP",
      "m" : "4611686018428403397"
    }, {
      "d" : "1756426026522419535",
      "t" : 1756426026522,
      "tn" : 1756426026522419535,
      "q" : "1",
      "p" : "0.1337",
      "s" : "sell",
      "i" : "STRKUSD-PERP",
      "m" : "4611686018428403396"
    }, {
      "d" : "1756425871196861354",
      "t" : 1756425871196,
      "tn" : 1756425871196861354,
      "q" : "1",
      "p" : "0.1338",
      "s" : "sell",
      "i" : "STRKUSD-PERP",
      "m" : "4611686018428403395"
    }, {
      "d" : "1756425859872409377",
      "t" : 1756425859872,
      "tn" : 1756425859872409377,
      "q" : "1",
      "p" : "0.1338",
      "s" : "sell",
      "i" : "STRKUSD-PERP",
      "m" : "4611686018428403394"
    }, {
      "d" : "1756425851005972880",
      "t" : 1756425851005,
      "tn" : 1756425851005972880,
      "q" : "1",
      "p" : "0.1339",
      "s" : "sell",
      "i" : "STRKUSD-PERP",
      "m" : "4611686018428403393"
    }, {
      "d" : "1756425849834823348",
      "t" : 1756425849834,
      "tn" : 1756425849834823348,
      "q" : "1",
      "p" : "0.1339",
      "s" : "sell",
      "i" : "STRKUSD-PERP",
      "m" : "4611686018428403392"
    }, {
      "d" : "1756425836861416714",
      "t" : 1756425836861,
      "tn" : 1756425836861416714,
      "q" : "1",
      "p" : "0.1339",
      "s" : "sell",
      "i" : "STRKUSD-PERP",
      "m" : "4611686018428403391"
    }, {
      "d" : "1756425814617737759",
      "t" : 1756425814617,
      "tn" : 1756425814617737759,
      "q" : "1",
      "p" : "0.1339",
      "s" : "sell",
      "i" : "STRKUSD-PERP",
      "m" : "4611686018428403390"
    }, {
      "d" : "1756425720102125956",
      "t" : 1756425720102,
      "tn" : 1756425720102125956,
      "q" : "1",
      "p" : "0.1340",
      "s" : "sell",
      "i" : "STRKUSD-PERP",
      "m" : "4611686018428403389"
    }, {
      "d" : "1756425616533363779",
      "t" : 1756425616533,
      "tn" : 1756425616533363779,
      "q" : "1",
      "p" : "0.1338",
      "s" : "sell",
      "i" : "STRKUSD-PERP",
      "m" : "4611686018428403388"
    }, {
      "d" : "1756424826872927768",
      "t" : 1756424826872,
      "tn" : 1756424826872927768,
      "q" : "1",
      "p" : "0.1336",
      "s" : "sell",
      "i" : "STRKUSD-PERP",
      "m" : "4611686018428403387"
    }, {
      "d" : "1756424826119347854",
      "t" : 1756424826119,
      "tn" : 1756424826119347854,
      "q" : "1",
      "p" : "0.1335",
      "s" : "sell",
      "i" : "STRKUSD-PERP",
      "m" : "4611686018428403386"
    }, {
      "d" : "1756424141909585661",
      "t" : 1756424141909,
      "tn" : 1756424141909585661,
      "q" : "1",
      "p" : "0.1334",
      "s" : "sell",
      "i" : "STRKUSD-PERP",
      "m" : "4611686018428403385"
    }, {
      "d" : "1756424141909198681",
      "t" : 1756424141909,
      "tn" : 1756424141909198681,
      "q" : "1",
      "p" : "0.1334",
      "s" : "sell",
      "i" : "STRKUSD-PERP",
      "m" : "4611686018428403384"
    }, {
      "d" : "1756423723221579226",
      "t" : 1756423723221,
      "tn" : 1756423723221579226,
      "q" : "1",
      "p" : "0.1333",
      "s" : "sell",
      "i" : "STRKUSD-PERP",
      "m" : "4611686018428403383"
    }, {
      "d" : "1756423020667624189",
      "t" : 1756423020667,
      "tn" : 1756423020667624189,
      "q" : "1",
      "p" : "0.1336",
      "s" : "sell",
      "i" : "STRKUSD-PERP",
      "m" : "4611686018428403382"
    }, {
      "d" : "1756422336615655164",
      "t" : 1756422336615,
      "tn" : 1756422336615655164,
      "q" : "1",
      "p" : "0.1337",
      "s" : "sell",
      "i" : "STRKUSD-PERP",
      "m" : "4611686018428403381"
    }, {
      "d" : "1756422130922164811",
      "t" : 1756422130922,
      "tn" : 1756422130922164811,
      "q" : "1",
      "p" : "0.1342",
      "s" : "sell",
      "i" : "STRKUSD-PERP",
      "m" : "4611686018428403380"
    }, {
      "d" : "1756420057634942424",
      "t" : 1756420057634,
      "tn" : 1756420057634942424,
      "q" : "1",
      "p" : "0.1341",
      "s" : "sell",
      "i" : "STRKUSD-PERP",
      "m" : "4611686018428403379"
    }, {
      "d" : "1756420057629265088",
      "t" : 1756420057629,
      "tn" : 1756420057629265088,
      "q" : "1",
      "p" : "0.1341",
      "s" : "sell",
      "i" : "STRKUSD-PERP",
      "m" : "4611686018428403378"
    }, {
      "d" : "1756419531010676739",
      "t" : 1756419531010,
      "tn" : 1756419531010676739,
      "q" : "1",
      "p" : "0.1336",
      "s" : "sell",
      "i" : "STRKUSD-PERP",
      "m" : "4611686018428403377"
    }, {
      "d" : "1756419530928990371",
      "t" : 1756419530928,
      "tn" : 1756419530928990371,
      "q" : "1",
      "p" : "0.1336",
      "s" : "sell",
      "i" : "STRKUSD-PERP",
      "m" : "4611686018428403376"
    }, {
      "d" : "1756418683358815775",
      "t" : 1756418683358,
      "tn" : 1756418683358815775,
      "q" : "1",
      "p" : "0.1331",
      "s" : "sell",
      "i" : "STRKUSD-PERP",
      "m" : "4611686018428403375"
    }, {
      "d" : "1756418400425296971",
      "t" : 1756418400425,
      "tn" : 1756418400425296969,
      "q" : "1",
      "p" : "0.1327",
      "s" : "sell",
      "i" : "STRKUSD-PERP",
      "m" : "4611686018428403374"
    }, {
      "d" : "1756418400425296970",
      "t" : 1756418400425,
      "tn" : 1756418400425296969,
      "q" : "1",
      "p" : "0.1327",
      "s" : "sell",
      "i" : "STRKUSD-PERP",
      "m" : "4611686018428403374"
    }, {
      "d" : "1756418400425296969",
      "t" : 1756418400425,
      "tn" : 1756418400425296969,
      "q" : "1507",
      "p" : "0.1327",
      "s" : "sell",
      "i" : "STRKUSD-PERP",
      "m" : "4611686018428403374"
    }, {
      "d" : "1756395007857079092",
      "t" : 1756395007857,
      "tn" : 1756395007857079092,
      "q" : "1",
      "p" : "0.1347",
      "s" : "sell",
      "i" : "STRKUSD-PERP",
      "m" : "4611686018428403373"
    }, {
      "d" : "1756389886214839173",
      "t" : 1756389886214,
      "tn" : 1756389886214839173,
      "q" : "1",
      "p" : "0.1354",
      "s" : "sell",
      "i" : "STRKUSD-PERP",
      "m" : "4611686018428403372"
    }, {
      "d" : "1756389645731363304",
      "t" : 1756389645731,
      "tn" : 1756389645731363304,
      "q" : "1",
      "p" : "0.1345",
      "s" : "sell",
      "i" : "STRKUSD-PERP",
      "m" : "4611686018428403371"
    }, {
      "d" : "1756389634720670832",
      "t" : 1756389634720,
      "tn" : 1756389634720670832,
      "q" : "1",
      "p" : "0.1346",
      "s" : "sell",
      "i" : "STRKUSD-PERP",
      "m" : "4611686018428403370"
    }, {
      "d" : "1756389609450234593",
      "t" : 1756389609450,
      "tn" : 1756389609450234593,
      "q" : "1",
      "p" : "0.1345",
      "s" : "sell",
      "i" : "STRKUSD-PERP",
      "m" : "4611686018428403369"
    }, {
      "d" : "1756389594190358539",
      "t" : 1756389594190,
      "tn" : 1756389594190358539,
      "q" : "1",
      "p" : "0.1344",
      "s" : "sell",
      "i" : "STRKUSD-PERP",
      "m" : "4611686018428403368"
    }, {
      "d" : "1756389580790083193",
      "t" : 1756389580790,
      "tn" : 1756389580790083193,
      "q" : "1",
      "p" : "0.1344",
      "s" : "sell",
      "i" : "STRKUSD-PERP",
      "m" : "4611686018428403367"
    }, {
      "d" : "1756389564848978380",
      "t" : 1756389564848,
      "tn" : 1756389564848978380,
      "q" : "1",
      "p" : "0.1343",
      "s" : "sell",
      "i" : "STRKUSD-PERP",
      "m" : "4611686018428403366"
    }, {
      "d" : "1756389553359562710",
      "t" : 1756389553359,
      "tn" : 1756389553359562710,
      "q" : "1",
      "p" : "0.1341",
      "s" : "sell",
      "i" : "STRKUSD-PERP",
      "m" : "4611686018428403365"
    }, {
      "d" : "1756389543310652277",
      "t" : 1756389543310,
      "tn" : 1756389543310652277,
      "q" : "1",
      "p" : "0.1339",
      "s" : "sell",
      "i" : "STRKUSD-PERP",
      "m" : "4611686018428403364"
    }, {
      "d" : "1756389527635829504",
      "t" : 1756389527635,
      "tn" : 1756389527635829504,
      "q" : "1",
      "p" : "0.1337",
      "s" : "sell",
      "i" : "STRKUSD-PERP",
      "m" : "4611686018428403363"
    }, {
      "d" : "1756389516763124292",
      "t" : 1756389516763,
      "tn" : 1756389516763124292,
      "q" : "1",
      "p" : "0.1338",
      "s" : "sell",
      "i" : "STRKUSD-PERP",
      "m" : "4611686018428403362"
    }, {
      "d" : "1756389506648098055",
      "t" : 1756389506648,
      "tn" : 1756389506648098055,
      "q" : "1",
      "p" : "0.1338",
      "s" : "sell",
      "i" : "STRKUSD-PERP",
      "m" : "4611686018428403361"
    }, {
      "d" : "1756389496529191018",
      "t" : 1756389496529,
      "tn" : 1756389496529191018,
      "q" : "1",
      "p" : "0.1338",
      "s" : "sell",
      "i" : "STRKUSD-PERP",
      "m" : "4611686018428403360"
    }, {
      "d" : "1756389486514540203",
      "t" : 1756389486514,
      "tn" : 1756389486514540203,
      "q" : "1",
      "p" : "0.1335",
      "s" : "sell",
      "i" : "STRKUSD-PERP",
      "m" : "4611686018428403359"
    }, {
      "d" : "1756389476454948444",
      "t" : 1756389476454,
      "tn" : 1756389476454948444,
      "q" : "1",
      "p" : "0.1336",
      "s" : "sell",
      "i" : "STRKUSD-PERP",
      "m" : "4611686018428403358"
    }, {
      "d" : "1756389466453941598",
      "t" : 1756389466453,
      "tn" : 1756389466453941598,
      "q" : "1",
      "p" : "0.1335",
      "s" : "sell",
      "i" : "STRKUSD-PERP",
      "m" : "4611686018428403357"
    }, {
      "d" : "1756389456427008495",
      "t" : 1756389456427,
      "tn" : 1756389456427008495,
      "q" : "1",
      "p" : "0.1334",
      "s" : "sell",
      "i" : "STRKUSD-PERP",
      "m" : "4611686018428403356"
    }, {
      "d" : "1756389435451224462",
      "t" : 1756389435451,
      "tn" : 1756389435451224462,
      "q" : "1",
      "p" : "0.1333",
      "s" : "sell",
      "i" : "STRKUSD-PERP",
      "m" : "4611686018428403355"
    }, {
      "d" : "1756389425430127250",
      "t" : 1756389425430,
      "tn" : 1756389425430127250,
      "q" : "1",
      "p" : "0.1333",
      "s" : "sell",
      "i" : "STRKUSD-PERP",
      "m" : "4611686018428403354"
    }, {
      "d" : "1756389415402137357",
      "t" : 1756389415402,
      "tn" : 1756389415402137357,
      "q" : "1",
      "p" : "0.1333",
      "s" : "sell",
      "i" : "STRKUSD-PERP",
      "m" : "4611686018428403353"
    }, {
      "d" : "1756389401857607432",
      "t" : 1756389401857,
      "tn" : 1756389401857607432,
      "q" : "1",
      "p" : "0.1335",
      "s" : "sell",
      "i" : "STRKUSD-PERP",
      "m" : "4611686018428403352"
    }, {
      "d" : "1756389387554201919",
      "t" : 1756389387554,
      "tn" : 1756389387554201919,
      "q" : "1",
      "p" : "0.1334",
      "s" : "sell",
      "i" : "STRKUSD-PERP",
      "m" : "4611686018428403351"
    }, {
      "d" : "1756389377426304116",
      "t" : 1756389377426,
      "tn" : 1756389377426304116,
      "q" : "1",
      "p" : "0.1334",
      "s" : "sell",
      "i" : "STRKUSD-PERP",
      "m" : "4611686018428403350"
    }, {
      "d" : "1756389367391929003",
      "t" : 1756389367391,
      "tn" : 1756389367391929003,
      "q" : "1",
      "p" : "0.1334",
      "s" : "sell",
      "i" : "STRKUSD-PERP",
      "m" : "4611686018428403349"
    }, {
      "d" : "1756389357361974082",
      "t" : 1756389357361,
      "tn" : 1756389357361974082,
      "q" : "1",
      "p" : "0.1335",
      "s" : "sell",
      "i" : "STRKUSD-PERP",
      "m" : "4611686018428403348"
    }, {
      "d" : "1756389347317610038",
      "t" : 1756389347317,
      "tn" : 1756389347317610038,
      "q" : "1",
      "p" : "0.1335",
      "s" : "sell",
      "i" : "STRKUSD-PERP",
      "m" : "4611686018428403347"
    }, {
      "d" : "1756389337263185367",
      "t" : 1756389337263,
      "tn" : 1756389337263185367,
      "q" : "1",
      "p" : "0.1332",
      "s" : "sell",
      "i" : "STRKUSD-PERP",
      "m" : "4611686018428403346"
    }, {
      "d" : "1756389327253994548",
      "t" : 1756389327253,
      "tn" : 1756389327253994548,
      "q" : "1",
      "p" : "0.1332",
      "s" : "sell",
      "i" : "STRKUSD-PERP",
      "m" : "4611686018428403345"
    }, {
      "d" : "1756389325442903351",
      "t" : 1756389325442,
      "tn" : 1756389325442903351,
      "q" : "1",
      "p" : "0.1333",
      "s" : "buy",
      "i" : "STRKUSD-PERP",
      "m" : "4611686018428403344"
    } ]
  }
}