{
  "id" : -1,
  "method" : "public/get-trades",
  "code" : 0,
  "result" : {
    "data" : [ {
      "d" : "1756461342790832741",
      "t" : 1756461342790,
      "tn" : 1756461342790832741,
      "q" : "13.3",
      "p" : "0.1280",
      "s" : "buy",
      "i" : "STRK_USDT",
      "m" : "4611686018428303114"
    }, {
      "d" : "1756461337588909824",
      "t" : 1756461337588,
      "tn" : 1756461337588909824,
      "q" : "53.2",
      "p" : "0.1280",
      "s" : "buy",
      "i" : "STRK_USDT",
      "m" : "4611686018428303113"
    }, {
      "d" : "1756461332194524441",
      "t" : 1756461332194,
      "tn" : 1756461332194524441,
      "q" : "212.2",
      "p" : "0.1280",
      "s" : "buy",
      "i" : "STRK_USDT",
      "m" : "4611686018428303112"
    }, {
      "d" : "1756461308165294655",
      "t" : 1756461308165,
      "tn" : 1756461308165294655,
      "q" : "854.0",
      "p" : "0.1281",
      "s" : "buy",
      "i" : "STRK_USDT",
      "m" : "4611686018428303111"
    }, {
      "d" : "1756455561718022438",
      "t" : 1756455561718,
      "tn" : 1756455561718022438,
      "q" : "337.3",
      "p" : "0.1279",
      "s" : "sell",
      "i" : "STRK_USDT",
      "m" : "4611686018428303110"
    }, {
      "d" : "1756454589709829651",
      "t" : 1756454589709,
      "tn" : 1756454589709829651,
      "q" : "542.5",
      "p" : "0.1287",
      "s" : "sell",
      "i" : "STRK_USDT",
      "m" : "4611686018428303109"
    }, {
      "d" : "1756454589709823563",
      "t" : 1756454589709,
      "tn" : 1756454589709823563,
      "q" : "623.1",
      "p" : "0.1288",
      "s" : "sell",
      "i" : "STRK_USDT",
      "m" : "4611686018428303108"
    }, {
      "d" : "1756451673026233673",
      "t" : 1756451673026,
      "tn" : 1756451673026233673,
      "q" : "806.9",
      "p" : "0.1289",
      "s" : "sell",
      "i" : "STRK_USDT",
      "m" : "4611686018428303107"
    }, {
      "d" : "1756450946757010424",
      "t" : 1756450946757,
      "tn" : 1756450946757010424,
      "q" : "1094.7",
      "p" : "0.1306",
      "s" : "sell",
      "i" : "STRK_USDT",
      "m" : "4611686018428303106"
    }, {
      "d" : "1756450112044845035",
      "t" : 1756450112044,
      "tn" : 1756450112044845035,
      "q" : "1161.3",
      "p" : "0.1320",
      "s" : "buy",
      "i" : "STRK_USDT",
      "m" : "4611686018428303105"
    }, {
      "d" : "1756450111891614925",
      "t" : 1756450111891,
      "tn" : 1756450111891614925,
      "q" : "939.5",
      "p" : "0.1320",
      "s" : "buy",
      "i" : "STRK_USDT",
      "m" : "4611686018428303104"
    }, {
      "d" : "1756449438883754660",
      "t" : 1756449438883,
      "tn" : 1756449438883754660,
      "q" : "875.4",
      "p" : "0.1314",
      "s" : "sell",
      "i" : "STRK_USDT",
      "m" : "4611686018428303103"
    }, {
      "d" : "1756449438883752322",
      "t" : 1756449438883,
      "tn" : 1756449438883752322,
      "q" : "1793.2",
      "p" : "0.1314",
      "s" : "sell",
      "i" : "STRK_USDT",
      "m" : "4611686018428303102"
    }, {
      "d" : "1756438680197082683",
      "t" : 1756438680197,
      "tn" : 1756438680197082683,
      "q" : "2091.1",
      "p" : "0.1329",
      "s" : "buy",
      "i" : "STRK_USDT",
      "m" : "4611686018428303101"
    }, {
      "d" : "1756427330885356008",
      "t" : 1756427330885,
      "tn" : 1756427330885356008,
      "q" : "3848.4",
      "p" : "0.1337",
      "s" : "buy",
      "i" : "STRK_USDT",
      "m" : "4611686018428303100"
    }, {
      "d" : "1756426918983164304",
      "t" : 1756426918983,
      "tn" : 1756426918983164304,
      "q" : "37.5",
      "p" : "0.1333",
      "s" : "sell",
      "i" : "STRK_USDT",
      "m" : "4611686018428303099"
    }, {
      "d" : "1756426479071738184",
      "t" : 1756426479071,
      "tn" : 1756426479071738184,
      "q" : "1866.4",
      "p" : "0.1333",
      "s" : "sell",
      "i" : "STRK_USDT",
      "m" : "4611686018428303098"
    }, {
      "d" : "1756411901087970606",
      "t" : 1756411901087,
      "tn" : 1756411901087970606,
      "q" : "1739.1",
      "p" : "0.1308",
      "s" : "sell",
      "i" : "STRK_USDT",
      "m" : "4611686018428303097"
    }, {
      "d" : "1756400528138454681",
      "t" : 1756400528138,
      "tn" : 1756400528138454681,
      "q" : "2514.6",
      "p" : "0.1317",
      "s" : "buy",
      "i" : "STRK_USDT",
      "m" : "4611686018428303096"
    }, {
      "d" : "1756400374743891646",
      "t" : 1756400374743,
      "tn" : 1756400374743891646,
      "q" : "2967.5",
      "p" : "0.1312",
      "s" : "sell",
      "i" : "STRK_USDT",
      "m" : "4611686018428303095"
    }, {
      "d" : "1756400235249995468",
      "t" : 1756400235249,
      "tn" : 1756400235249995468,
      "q" : "4058.1",
      "p" : "0.1324",
      "s" : "buy",
      "i" : "STRK_USDT",
      "m" : "4611686018428303094"
    }, {
      "d" : "1756399042783109264",
      "t" : 1756399042783,
      "tn" : 1756399042783109264,
      "q" : "0.1",
      "p" : "0.1334",
      "s" : "buy",
      "i" : "STRK_USDT",
      "m" : "4611686018428303093"
    }, {
      "d" : "1756399031630281053",
      "t" : 1756399031630,
      "tn" : 1756399031630281052,
      "q" : "3627.5",
      "p" : "0.1334",
      "s" : "buy",
      "i" : "STRK_USDT",
      "m" : "4611686018428303092"
    }, {
      "d" : "1756399031630281052",
      "t" : 1756399031630,
      "tn" : 1756399031630281052,
      "q" : "0.1",
      "p" : "0.1334",
      "s" : "buy",
      "i" : "STRK_USDT",
      "m" : "4611686018428303092"
    }, {
      "d" : "1756399031588098943",
      "t" : 1756399031588,
      "tn" : 1756399031588098943,
      "q" : "3627.6",
      "p" : "0.1334",
      "s" : "buy",
      "i" : "STRK_USDT",
      "m" : "4611686018428303091"
    }, {
      "d" : "1756398646978892819",
      "t" : 1756398646978,
      "tn" : 1756398646978892819,
      "q" : "1002.1",
      "p" : "0.1332",
      "s" : "sell",
      "i" : "STRK_USDT",
      "m" : "4611686018428303090"
    }, {
      "d" : "1756398645004584721",
      "t" : 1756398645004,
      "tn" : 1756398645004584721,
      "q" : "1673.0",
      "p" : "0.1334",
      "s" : "sell",
      "i" : "STRK_USDT",
      "m" : "4611686018428303089"
    }, {
      "d" : "1756396944281125414",
      "t" : 1756396944281,
      "tn" : 1756396944281125414,
      "q" : "3683.0",
      "p" : "0.1332",
      "s" : "sell",
      "i" : "STRK_USDT",
      "m" : "4611686018428303088"
    }, {
      "d" : "1756395915194703681",
      "t" : 1756395915194,
      "tn" : 1756395915194703681,
      "q" : "940.7",
      "p" : "0.1341",
      "s" : "sell",
      "i" : "STRK_USDT",
      "m" : "4611686018428303087"
    }, {
      "d" : "1756395915133845293",
      "t" : 1756395915133,
      "tn" : 1756395915133845293,
      "q" : "3668.3",
      "p" : "0.1341",
      "s" : "sell",
      "i" : "STRK_USDT",
      "m" : "4611686018428303086"
    }, {
      "d" : "1756394505192028242",
      "t" : 1756394505192,
      "tn" : 1756394505192028241,
      "q" : "3672.5",
      "p" : "0.1353",
      "s" : "sell",
      "i" : "STRK_USDT",
      "m" : "4611686018428303085"
    }, {
      "d" : "1756394505192028241",
      "t" : 1756394505192,
      "tn" : 1756394505192028241,
      "q" : "558.1",
      "p" : "0.1353",
      "s" : "sell",
      "i" : "STRK_USDT",
      "m" : "4611686018428303085"
    }, {
      "d" : "1756392761950210353",
      "t" : 1756392761950,
      "tn" : 1756392761950210352,
      "q" : "4565.5",
      "p" : "0.1360",
      "s" : "buy",
      "i" : "STRK_USDT",
      "m" : "4611686018428303084"
    }, {
      "d" : "1756392761950210352",
      "t" : 1756392761950,
      "tn" : 1756392761950210352,
      "q" : "1759.2",
      "p" : "0.1360",
      "s" : "buy",
      "i" : "STRK_USDT",
      "m" : "4611686018428303084"
    }, {
      "d" : "1756392761948300330",
      "t" : 1756392761948,
      "tn" : 1756392761948300330,
      "q" : "1868.5",
      "p" : "0.1360",
      "s" : "buy",
      "i" : "STRK_USDT",
      "m" : "4611686018428303083"
    }, {
      "d" : "1756390886468458902",
      "t" : 1756390886468,
      "tn" : 1756390886468458902,
      "q" : "2540.7",
      "p" : "0.1358",
      "s" : "sell",
      "i" : "STRK_USDT",
      "m" : "4611686018428303082"
    }, {
      "d" : "1756390875153027789",
      "t" : 1756390875153,
      "tn" : 1756390875153027788,
      "q" : "4370.1",
      "p" : "0.1359",
      "s" : "sell",
      "i" : "STRK_USDT",
      "m" : "4611686018428303081"
    }, {
      "d" : "1756390875153027788",
      "t" : 1756390875153,
      "tn" : 1756390875153027788,
      "q" : "4083.4",
      "p" : "0.1359",
      "s" : "sell",
      "i" : "STRK_USDT",
      "m" : "4611686018428303081"
    }, {
      "d" : "1756390605805120304",
      "t" : 1756390605805,
      "tn" : 1756390605805120304,
      "q" : "811.8",
      "p" : "0.1365",
      "s" : "buy",
      "i" : "STRK_USDT",
      "m" : "4611686018428303080"
    }, {
      "d" : "1756389933349015609",
      "t" : 1756389933349,
      "tn" : 1756389933349015609,
      "q" : "1521.0",
      "p" : "0.1357",
      "s" : "buy",
      "i" : "STRK_USDT",
      "m" : "4611686018428303079"
    }, {
      "d" : "1756389466700123106",
      "t" : 1756389466700,
      "tn" : 1756389466700123106,
      "q" : "2144.7",
      "p" : "0.1335",
      "s" : "buy",
      "i" : "STRK_USDT",
      "m" : "4611686018428303078"
    }, {
      "d" : "1756389345902428480",
      "t" : 1756389345902,
      "tn" : 1756389345902428480,
      "q" : "2423.0",
      "p" : "0.1335",
      "s" : "buy",
      "i" : "STRK_USDT",
      "m" : "4611686018428303077"
    }, {
      "d" : "1756388542823110609",
      "t" : 1756388542823,
      "tn" : 1756388542823110608,
      "q" : "281.9",
      "p" : "0.1333",
      "s" : "buy",
      "i" : "STRK_USDT",
      "m" : "4611686018428303076"
    }, {
      "d" : "1756388542823110608",
      "t" : 1756388542823,
      "tn" : 1756388542823110608,
      "q" : "2268.1",
      "p" : "0.1333",
      "s" : "buy",
      "i" : "STRK_USDT",
      "m" : "4611686018428303076"
    }, {
      "d" : "1756388542659126922",
      "t" : 1756388542659,
      "tn" : 1756388542659126922,
      "q" : "2306.0",
      "p" : "0.1333",
      "s" : "buy",
      "i" : "STRK_USDT",
      "m" : "4611686018428303075"
    }, {
      "d" : "1756388508086326771",
      "t" : 1756388508086,
      "tn" : 1756388508086326771,
      "q" : "1510.7",
      "p" : "0.1331",
      "s" : "sell",
      "i" : "STRK_USDT",
      "m" : "4611686018428303074"
    }, {
      "d" : "1756388150052025991",
      "t" : 1756388150052,
      "tn" : 1756388150052025991,
      "q" : "4457.5",
      "p" : "0.1334",
      "s" : "sell",
      "i" : "STRK_USDT",
      "m" : "4611686018428303073"
    }, {
      "d" : "1756388104991074122",
      "t" : 1756388104991,
      "tn" : 1756388104991074122,
      "q" : "83.3",
      "p" : "0.1336",
      "s" : "sell",
      "i" : "STRK_USDT",
      "m" : "4611686018428303072"
    }, {
      "d" : "1756388104894340951",
      "t" : 1756388104894,
      "tn" : 1756388104894340950,
      "q" : "1419.0",
      "p" : "0.1336",
      "s" : "sell",
      "i" : "STRK_USDT",
      "m" : "4611686018428303071"
    }, {
      "d" : "1756388104894340950",
      "t" : 1756388104894,
      "tn" : 1756388104894340950,
      "q" : "1319.7",
      "p" : "0.1336",
      "s" : "sell",
      "i" : "STRK_USDT",
      "m" : "4611686018428303071"
    }, {
      "d" : "1756387841885939849",
      "t" : 1756387841885,
      "tn" : 1756387841885939849,
      "q" : "2003.8",
      "p" : "0.1337",
      "s" : "buy",
      "i" : "STRK_USDT",
      "m" : "4611686018428303070"
    }, {
      "d" : "1756387841766182838",
      "t" : 1756387841766,
      "tn" : 1756387841766182838,
      "q" : "2316.0",
      "p" : "0.1337",
      "s" : "buy",
      "i" : "STRK_USDT",
      "m" : "4611686018428303069"
    }, {
      "d" : "1756387524703302487",
      "t" : 1756387524703,
      "tn" : 1756387524703302487,
      "q" : "4185.8",
      "p" : "0.1338",
      "s" : "sell",
      "i" : "STRK_USDT",
      "m" : "4611686018428303068"
    }, {
      "d" : "1756387226072088734",
      "t" : 1756387226072,
      "tn" : 1756387226072088734,
      "q" : "4289.5",
      "p" : "0.1338",
      "s" : "buy",
      "i" : "STRK_USDT",
      "m" : "4611686018428303067"
    }, {
      "d" : "1756381783179990817",
      "t" : 1756381783179,
      "tn" : 1756381783179990817,
      "q" : "4376.3",
      "p" : "0.1327",
      "s" : "buy",
      "i" : "STRK_USDT",
      "m" : "4611686018428303066"
    }, {
      "d" : "1756381696621511467",
      "t" : 1756381696621,
      "tn" : 1756381696621511467,
      "q" : "788.1",
      "p" : "0.1328",
      "s" : "sell",
      "i" : "STRK_USDT",
      "m" : "4611686018428303065"
    }, {
      "d" : "1756381696038954127",
      "t" : 1756381696038,
      "tn" : 1756381696038954127,
      "q" : "998.2",
      "p" : "0.1328",
      "s" : "sell",
      "i" : "STRK_USDT",
      "m" : "4611686018428303064"
    }, {
      "d" : "1756381696038881706",
      "t" : 1756381696038,
      "tn" : 1756381696038881705,
      "q" : "745.7",
      "p" : "0.1328",
      "s" : "sell",
      "i" : "STRK_USDT",
      "m" : "4611686018428303063"
    }, {
      "d" : "1756381696038881705",
      "t" : 1756381696038,
      "tn" : 1756381696038881705,
      "q" : "1465.5",
      "p" : "0.1328",
      "s" : "sell",
      "i" : "STRK_USDT",
      "m" : "4611686018428303063"
    }, {
      "d" : "1756381695966830230",
      "t" : 1756381695966,
      "tn" : 1756381695966830230,
      "q" : "1637.5",
      "p" : "0.1329",
      "s" : "sell",
      "i" : "STRK_USDT",
      "m" : "4611686018428303062"
    }, {
      "d" : "1756381695947089779",
      "t" : 1756381695947,
      "tn" : 1756381695947089779,
      "q" : "2530.1",
      "p" : "0.1329",
      "s" : "sell",
      "i" : "STRK_USDT",
      "m" : "4611686018428303061"
    } ]
  }
}