{
  "id" : -1,
  "method" : "public/get-trades",
  "code" : 0,
  "result" : {
    "data" : [ {
      "d" : "1756462533934313922",
      "t" : 1756462533934,
      "tn" : 1756462533934313922,
      "q" : "758.9",
      "p" : "0.1281",
      "s" : "buy",
      "i" : "STRK_USD",
      "m" : "4611686018428446993"
    }, {
      "d" : "1756461266610347587",
      "t" : 1756461266610,
      "tn" : 1756461266610347586,
      "q" : "1083.8",
      "p" : "0.1278",
      "s" : "buy",
      "i" : "STRK_USD",
      "m" : "4611686018428446992"
    }, {
      "d" : "1756461266610347586",
      "t" : 1756461266610,
      "tn" : 1756461266610347586,
      "q" : "1380.6",
      "p" : "0.1278",
      "s" : "buy",
      "i" : "STRK_USD",
      "m" : "4611686018428446992"
    }, {
      "d" : "1756458946506492250",
      "t" : 1756458946506,
      "tn" : 1756458946506492250,
      "q" : "7623.5",
      "p" : "0.1267",
      "s" : "buy",
      "i" : "STRK_USD",
      "m" : "4611686018428446991"
    }, {
      "d" : "1756458208829098931",
      "t" : 1756458208829,
      "tn" : 1756458208829098931,
      "q" : "2642.4",
      "p" : "0.1261",
      "s" : "buy",
      "i" : "STRK_USD",
      "m" : "4611686018428446990"
    }, {
      "d" : "1756457808045698409",
      "t" : 1756457808045,
      "tn" : 1756457808045698407,
      "q" : "1758.6",
      "p" : "0.1266",
      "s" : "sell",
      "i" : "STRK_USD",
      "m" : "4611686018428446989"
    }, {
      "d" : "1756457808045698408",
      "t" : 1756457808045,
      "tn" : 1756457808045698407,
      "q" : "91.0",
      "p" : "0.1266",
      "s" : "sell",
      "i" : "STRK_USD",
      "m" : "4611686018428446989"
    }, {
      "d" : "1756457808045698407",
      "t" : 1756457808045,
      "tn" : 1756457808045698407,
      "q" : "1330.4",
      "p" : "0.1266",
      "s" : "sell",
      "i" : "STRK_USD",
      "m" : "4611686018428446989"
    }, {
      "d" : "1756457121131783444",
      "t" : 1756457121131,
      "tn" : 1756457121131783444,
      "q" : "370.0",
      "p" : "0.1272",
      "s" : "buy",
      "i" : "STRK_USD",
      "m" : "4611686018428446988"
    }, {
      "d" : "1756455853853338227",
      "t" : 1756455853853,
      "tn" : 1756455853853338227,
      "q" : "65.5",
      "p" : "0.1274",
      "s" : "sell",
      "i" : "STRK_USD",
      "m" : "4611686018428446987"
    }, {
      "d" : "1756455673817322338",
      "t" : 1756455673817,
      "tn" : 1756455673817322338,
      "q" : "2419.0",
      "p" : "0.1273",
      "s" : "sell",
      "i" : "STRK_USD",
      "m" : "4611686018428446986"
    }, {
      "d" : "1756455670810241273",
      "t" : 1756455670810,
      "tn" : 1756455670810241273,
      "q" : "2394.7",
      "p" : "0.1273",
      "s" : "sell",
      "i" : "STRK_USD",
      "m" : "4611686018428446985"
    }, {
      "d" : "1756455561368201610",
      "t" : 1756455561368,
      "tn" : 1756455561368201609,
      "q" : "678.8",
      "p" : "0.1283",
      "s" : "buy",
      "i" : "STRK_USD",
      "m" : "4611686018428446984"
    }, {
      "d" : "1756455561368201609",
      "t" : 1756455561368,
      "tn" : 1756455561368201609,
      "q" : "1512.2",
      "p" : "0.1283",
      "s" : "buy",
      "i" : "STRK_USD",
      "m" : "4611686018428446984"
    }, {
      "d" : "1756454589710833909",
      "t" : 1756454589710,
      "tn" : 1756454589710833908,
      "q" : "736.1",
      "p" : "0.1289",
      "s" : "sell",
      "i" : "STRK_USD",
      "m" : "4611686018428446983"
    }, {
      "d" : "1756454589710833908",
      "t" : 1756454589710,
      "tn" : 1756454589710833908,
      "q" : "817.9",
      "p" : "0.1289",
      "s" : "sell",
      "i" : "STRK_USD",
      "m" : "4611686018428446983"
    }, {
      "d" : "1756454589709907981",
      "t" : 1756454589709,
      "tn" : 1756454589709907981,
      "q" : "492.9",
      "p" : "0.1289",
      "s" : "sell",
      "i" : "STRK_USD",
      "m" : "4611686018428446982"
    }, {
      "d" : "1756453092884408789",
      "t" : 1756453092884,
      "tn" : 1756453092884408789,
      "q" : "348.4",
      "p" : "0.1292",
      "s" : "buy",
      "i" : "STRK_USD",
      "m" : "4611686018428446981"
    }, {
      "d" : "1756453091921851388",
      "t" : 1756453091921,
      "tn" : 1756453091921851388,
      "q" : "2719.0",
      "p" : "0.1292",
      "s" : "buy",
      "i" : "STRK_USD",
      "m" : "4611686018428446980"
    }, {
      "d" : "1756452725001054473",
      "t" : 1756452725001,
      "tn" : 1756452725001054473,
      "q" : "7102.2",
      "p" : "0.1293",
      "s" : "buy",
      "i" : "STRK_USD",
      "m" : "4611686018428446979"
    }, {
      "d" : "1756452433782001327",
      "t" : 1756452433782,
      "tn" : 1756452433782001327,
      "q" : "5183.6",
      "p" : "0.1287",
      "s" : "buy",
      "i" : "STRK_USD",
      "m" : "4611686018428446978"
    }, {
      "d" : "1756452394810794650",
      "t" : 1756452394810,
      "tn" : 1756452394810794650,
      "q" : "2372.7",
      "p" : "0.1284",
      "s" : "buy",
      "i" : "STRK_USD",
      "m" : "4611686018428446977"
    }, {
      "d" : "1756452391762012134",
      "t" : 1756452391762,
      "tn" : 1756452391762012134,
      "q" : "3434.5",
      "p" : "0.1284",
      "s" : "buy",
      "i" : "STRK_USD",
      "m" : "4611686018428446976"
    }, {
      "d" : "1756451458418952781",
      "t" : 1756451458418,
      "tn" : 1756451458418952781,
      "q" : "5192.0",
      "p" : "0.1298",
      "s" : "sell",
      "i" : "STRK_USD",
      "m" : "4611686018428446975"
    }, {
      "d" : "1756451418363148068",
      "t" : 1756451418363,
      "tn" : 1756451418363148068,
      "q" : "10140.3",
      "p" : "0.1302",
      "s" : "buy",
      "i" : "STRK_USD",
      "m" : "4611686018428446974"
    }, {
      "d" : "1756451004094831304",
      "t" : 1756451004094,
      "tn" : 1756451004094831304,
      "q" : "117.7",
      "p" : "0.1305",
      "s" : "buy",
      "i" : "STRK_USD",
      "m" : "4611686018428446973"
    }, {
      "d" : "1756450953081913805",
      "t" : 1756450953081,
      "tn" : 1756450953081913805,
      "q" : "812.6",
      "p" : "0.1304",
      "s" : "sell",
      "i" : "STRK_USD",
      "m" : "4611686018428446972"
    }, {
      "d" : "1756450897782223061",
      "t" : 1756450897782,
      "tn" : 1756450897782223061,
      "q" : "0.1",
      "p" : "0.1309",
      "s" : "sell",
      "i" : "STRK_USD",
      "m" : "4611686018428446971"
    }, {
      "d" : "1756450897732569283",
      "t" : 1756450897732,
      "tn" : 1756450897732569283,
      "q" : "980.6",
      "p" : "0.1309",
      "s" : "sell",
      "i" : "STRK_USD",
      "m" : "4611686018428446970"
    }, {
      "d" : "1756450897732181733",
      "t" : 1756450897732,
      "tn" : 1756450897732181732,
      "q" : "4689.9",
      "p" : "0.1309",
      "s" : "sell",
      "i" : "STRK_USD",
      "m" : "4611686018428446969"
    }, {
      "d" : "1756450897732181732",
      "t" : 1756450897732,
      "tn" : 1756450897732181732,
      "q" : "428.1",
      "p" : "0.1309",
      "s" : "sell",
      "i" : "STRK_USD",
      "m" : "4611686018428446969"
    }, {
      "d" : "1756450897701069544",
      "t" : 1756450897701,
      "tn" : 1756450897701069544,
      "q" : "1280.1",
      "p" : "0.1309",
      "s" : "sell",
      "i" : "STRK_USD",
      "m" : "4611686018428446968"
    }, {
      "d" : "1756450897618616665",
      "t" : 1756450897618,
      "tn" : 1756450897618616665,
      "q" : "2232.8",
      "p" : "0.1309",
      "s" : "sell",
      "i" : "STRK_USD",
      "m" : "4611686018428446967"
    }, {
      "d" : "1756450897618229333",
      "t" : 1756450897618,
      "tn" : 1756450897618229333,
      "q" : "117.6",
      "p" : "0.1309",
      "s" : "sell",
      "i" : "STRK_USD",
      "m" : "4611686018428446966"
    }, {
      "d" : "1756450897524466645",
      "t" : 1756450897524,
      "tn" : 1756450897524466645,
      "q" : "1850.6",
      "p" : "0.1309",
      "s" : "sell",
      "i" : "STRK_USD",
      "m" : "4611686018428446965"
    }, {
      "d" : "1756450897469490374",
      "t" : 1756450897469,
      "tn" : 1756450897469490374,
      "q" : "3763.2",
      "p" : "0.1309",
      "s" : "sell",
      "i" : "STRK_USD",
      "m" : "4611686018428446964"
    }, {
      "d" : "1756450076700929050",
      "t" : 1756450076700,
      "tn" : 1756450076700929050,
      "q" : "1905.6",
      "p" : "0.1319",
      "s" : "buy",
      "i" : "STRK_USD",
      "m" : "4611686018428446963"
    }, {
      "d" : "1756449661845868203",
      "t" : 1756449661845,
      "tn" : 1756449661845868203,
      "q" : "6708.6",
      "p" : "0.1309",
      "s" : "buy",
      "i" : "STRK_USD",
      "m" : "4611686018428446962"
    }, {
      "d" : "1756449661839804496",
      "t" : 1756449661839,
      "tn" : 1756449661839804496,
      "q" : "117.6",
      "p" : "0.1309",
      "s" : "buy",
      "i" : "STRK_USD",
      "m" : "4611686018428446961"
    }, {
      "d" : "1756449606282061309",
      "t" : 1756449606282,
      "tn" : 1756449606282061309,
      "q" : "3498.3",
      "p" : "0.1303",
      "s" : "sell",
      "i" : "STRK_USD",
      "m" : "4611686018428446960"
    }, {
      "d" : "1756449603953688017",
      "t" : 1756449603953,
      "tn" : 1756449603953688016,
      "q" : "448.4",
      "p" : "0.1306",
      "s" : "sell",
      "i" : "STRK_USD",
      "m" : "4611686018428446959"
    }, {
      "d" : "1756449603953688016",
      "t" : 1756449603953,
      "tn" : 1756449603953688016,
      "q" : "164.2",
      "p" : "0.1306",
      "s" : "sell",
      "i" : "STRK_USD",
      "m" : "4611686018428446959"
    }, {
      "d" : "1756449603863153306",
      "t" : 1756449603863,
      "tn" : 1756449603863153306,
      "q" : "296.5",
      "p" : "0.1306",
      "s" : "sell",
      "i" : "STRK_USD",
      "m" : "4611686018428446958"
    }, {
      "d" : "1756449603862475708",
      "t" : 1756449603862,
      "tn" : 1756449603862475708,
      "q" : "8010.1",
      "p" : "0.1306",
      "s" : "sell",
      "i" : "STRK_USD",
      "m" : "4611686018428446957"
    }, {
      "d" : "1756449603862474144",
      "t" : 1756449603862,
      "tn" : 1756449603862474144,
      "q" : "8.1",
      "p" : "0.1307",
      "s" : "sell",
      "i" : "STRK_USD",
      "m" : "4611686018428446956"
    }, {
      "d" : "1756449603790306139",
      "t" : 1756449603790,
      "tn" : 1756449603790306139,
      "q" : "153.0",
      "p" : "0.1307",
      "s" : "sell",
      "i" : "STRK_USD",
      "m" : "4611686018428446955"
    }, {
      "d" : "1756449603777487398",
      "t" : 1756449603777,
      "tn" : 1756449603777487398,
      "q" : "612.1",
      "p" : "0.1307",
      "s" : "sell",
      "i" : "STRK_USD",
      "m" : "4611686018428446954"
    }, {
      "d" : "1756449603772380682",
      "t" : 1756449603772,
      "tn" : 1756449603772380682,
      "q" : "262.3",
      "p" : "0.1307",
      "s" : "sell",
      "i" : "STRK_USD",
      "m" : "4611686018428446953"
    }, {
      "d" : "1756449602993953329",
      "t" : 1756449602993,
      "tn" : 1756449602993953329,
      "q" : "86.2",
      "p" : "0.1308",
      "s" : "sell",
      "i" : "STRK_USD",
      "m" : "4611686018428446952"
    }, {
      "d" : "1756449565212153838",
      "t" : 1756449565212,
      "tn" : 1756449565212153838,
      "q" : "7875.7",
      "p" : "0.1314",
      "s" : "sell",
      "i" : "STRK_USD",
      "m" : "4611686018428446951"
    }, {
      "d" : "1756449565203895728",
      "t" : 1756449565203,
      "tn" : 1756449565203895728,
      "q" : "272.7",
      "p" : "0.1314",
      "s" : "sell",
      "i" : "STRK_USD",
      "m" : "4611686018428446950"
    }, {
      "d" : "1756449479197535881",
      "t" : 1756449479197,
      "tn" : 1756449479197535881,
      "q" : "4267.9",
      "p" : "0.1318",
      "s" : "buy",
      "i" : "STRK_USD",
      "m" : "4611686018428446949"
    }, {
      "d" : "1756449476190886149",
      "t" : 1756449476190,
      "tn" : 1756449476190886149,
      "q" : "2997.2",
      "p" : "0.1318",
      "s" : "buy",
      "i" : "STRK_USD",
      "m" : "4611686018428446948"
    }, {
      "d" : "1756449438880171768",
      "t" : 1756449438880,
      "tn" : 1756449438880171768,
      "q" : "4366.4",
      "p" : "0.1315",
      "s" : "sell",
      "i" : "STRK_USD",
      "m" : "4611686018428446947"
    }, {
      "d" : "1756449438878514267",
      "t" : 1756449438878,
      "tn" : 1756449438878514267,
      "q" : "870.2",
      "p" : "0.1315",
      "s" : "sell",
      "i" : "STRK_USD",
      "m" : "4611686018428446946"
    }, {
      "d" : "1756449438867916175",
      "t" : 1756449438867,
      "tn" : 1756449438867916174,
      "q" : "779.0",
      "p" : "0.1315",
      "s" : "sell",
      "i" : "STRK_USD",
      "m" : "4611686018428446945"
    }, {
      "d" : "1756449438867916174",
      "t" : 1756449438867,
      "tn" : 1756449438867916174,
      "q" : "9603.8",
      "p" : "0.1315",
      "s" : "sell",
      "i" : "STRK_USD",
      "m" : "4611686018428446945"
    }, {
      "d" : "1756448453276684046",
      "t" : 1756448453276,
      "tn" : 1756448453276684046,
      "q" : "916.8",
      "p" : "0.1321",
      "s" : "buy",
      "i" : "STRK_USD",
      "m" : "4611686018428446944"
    }, {
      "d" : "1756447270667984314",
      "t" : 1756447270667,
      "tn" : 1756447270667984314,
      "q" : "5014.5",
      "p" : "0.1334",
      "s" : "buy",
      "i" : "STRK_USD",
      "m" : "4611686018428446943"
    }, {
      "d" : "1756444441601788905",
      "t" : 1756444441601,
      "tn" : 1756444441601788905,
      "q" : "936.2",
      "p" : "0.1328",
      "s" : "sell",
      "i" : "STRK_USD",
      "m" : "4611686018428446942"
    }, {
      "d" : "1756442256557039334",
      "t" : 1756442256557,
      "tn" : 1756442256557039334,
      "q" : "2264.1",
      "p" : "0.1332",
      "s" : "buy",
      "i" : "STRK_USD",
      "m" : "4611686018428446941"
    }, {
      "d" : "1756442256547611399",
      "t" : 1756442256547,
      "tn" : 1756442256547611399,
      "q" : "1468.5",
      "p" : "0.1332",
      "s" : "sell",
      "i" : "STRK_USD",
      "m" : "4611686018428446940"
    }, {
      "d" : "1756438680167656217",
      "t" : 1756438680167,
      "tn" : 1756438680167656217,
      "q" : "10140.5",
      "p" : "0.1328",
      "s" : "buy",
      "i" : "STRK_USD",
      "m" : "4611686018428446939"
    }, {
      "d" : "1756438674009090218",
      "t" : 1756438674009,
      "tn" : 1756438674009090218,
      "q" : "5389.0",
      "p" : "0.1327",
      "s" : "buy",
      "i" : "STRK_USD",
      "m" : "4611686018428446938"
    }, {
      "d" : "1756438673100534022",
      "t" : 1756438673100,
      "tn" : 1756438673100534022,
      "q" : "3828.6",
      "p" : "0.1327",
      "s" : "buy",
      "i" : "STRK_USD",
      "m" : "4611686018428446937"
    }, {
      "d" : "1756436888296934394",
      "t" : 1756436888296,
      "tn" : 1756436888296934394,
      "q" : "3294.0",
      "p" : "0.1324",
      "s" : "buy",
      "i" : "STRK_USD",
      "m" : "4611686018428446936"
    }, {
      "d" : "1756436887813983826",
      "t" : 1756436887813,
      "tn" : 1756436887813983826,
      "q" : "2163.3",
      "p" : "0.1324",
      "s" : "buy",
      "i" : "STRK_USD",
      "m" : "4611686018428446935"
    }, {
      "d" : "1756436829152962219",
      "t" : 1756436829152,
      "tn" : 1756436829152962219,
      "q" : "91.0",
      "p" : "0.1322",
      "s" : "buy",
      "i" : "STRK_USD",
      "m" : "4611686018428446934"
    }, {
      "d" : "1756433580124423119",
      "t" : 1756433580124,
      "tn" : 1756433580124423119,
      "q" : "73.0",
      "p" : "0.1325",
      "s" : "buy",
      "i" : "STRK_USD",
      "m" : "4611686018428446933"
    }, {
      "d" : "1756432428635278521",
      "t" : 1756432428635,
      "tn" : 1756432428635278521,
      "q" : "558.6",
      "p" : "0.1319",
      "s" : "buy",
      "i" : "STRK_USD",
      "m" : "4611686018428446932"
    }, {
      "d" : "1756429284621686991",
      "t" : 1756429284621,
      "tn" : 1756429284621686989,
      "q" : "461.6",
      "p" : "0.1333",
      "s" : "buy",
      "i" : "STRK_USD",
      "m" : "4611686018428446931"
    }, {
      "d" : "1756429284621686990",
      "t" : 1756429284621,
      "tn" : 1756429284621686989,
      "q" : "1512.8",
      "p" : "0.1333",
      "s" : "buy",
      "i" : "STRK_USD",
      "m" : "4611686018428446931"
    }, {
      "d" : "1756429284621686989",
      "t" : 1756429284621,
      "tn" : 1756429284621686989,
      "q" : "91.0",
      "p" : "0.1333",
      "s" : "buy",
      "i" : "STRK_USD",
      "m" : "4611686018428446931"
    }, {
      "d" : "1756427155556439268",
      "t" : 1756427155556,
      "tn" : 1756427155556439268,
      "q" : "145.3",
      "p" : "0.1335",
      "s" : "buy",
      "i" : "STRK_USD",
      "m" : "4611686018428446930"
    }, {
      "d" : "1756426795068598417",
      "t" : 1756426795068,
      "tn" : 1756426795068598416,
      "q" : "378.2",
      "p" : "0.1337",
      "s" : "buy",
      "i" : "STRK_USD",
      "m" : "4611686018428446929"
    }, {
      "d" : "1756426795068598416",
      "t" : 1756426795068,
      "tn" : 1756426795068598416,
      "q" : "91.9",
      "p" : "0.1337",
      "s" : "buy",
      "i" : "STRK_USD",
      "m" : "4611686018428446929"
    }, {
      "d" : "1756424826118607896",
      "t" : 1756424826118,
      "tn" : 1756424826118607896,
      "q" : "3145.6",
      "p" : "0.1336",
      "s" : "buy",
      "i" : "STRK_USD",
      "m" : "4611686018428446928"
    }, {
      "d" : "1756424826043476148",
      "t" : 1756424826043,
      "tn" : 1756424826043476148,
      "q" : "2058.6",
      "p" : "0.1336",
      "s" : "buy",
      "i" : "STRK_USD",
      "m" : "4611686018428446927"
    }, {
      "d" : "1756422220142326513",
      "t" : 1756422220142,
      "tn" : 1756422220142326513,
      "q" : "2907.2",
      "p" : "0.1336",
      "s" : "sell",
      "i" : "STRK_USD",
      "m" : "4611686018428446926"
    }, {
      "d" : "1756422220142324311",
      "t" : 1756422220142,
      "tn" : 1756422220142324311,
      "q" : "9030.2",
      "p" : "0.1337",
      "s" : "sell",
      "i" : "STRK_USD",
      "m" : "4611686018428446925"
    }, {
      "d" : "1756421443325595661",
      "t" : 1756421443325,
      "tn" : 1756421443325595661,
      "q" : "66.0",
      "p" : "0.1344",
      "s" : "buy",
      "i" : "STRK_USD",
      "m" : "4611686018428446924"
    }, {
      "d" : "1756419608041999326",
      "t" : 1756419608041,
      "tn" : 1756419608041999326,
      "q" : "85.5",
      "p" : "0.1335",
      "s" : "sell",
      "i" : "STRK_USD",
      "m" : "4611686018428446923"
    }, {
      "d" : "1756418869933112148",
      "t" : 1756418869933,
      "tn" : 1756418869933112148,
      "q" : "148.6",
      "p" : "0.1333",
      "s" : "buy",
      "i" : "STRK_USD",
      "m" : "4611686018428446922"
    }, {
      "d" : "1756418869929064522",
      "t" : 1756418869929,
      "tn" : 1756418869929064522,
      "q" : "91.9",
      "p" : "0.1333",
      "s" : "sell",
      "i" : "STRK_USD",
      "m" : "4611686018428446921"
    }, {
      "d" : "1756418400426280981",
      "t" : 1756418400426,
      "tn" : 1756418400426280981,
      "q" : "1414.7",
      "p" : "0.1327",
      "s" : "sell",
      "i" : "STRK_USD",
      "m" : "4611686018428446920"
    }, {
      "d" : "1756418400426278904",
      "t" : 1756418400426,
      "tn" : 1756418400426278904,
      "q" : "91.9",
      "p" : "0.1328",
      "s" : "sell",
      "i" : "STRK_USD",
      "m" : "4611686018428446919"
    }, {
      "d" : "1756418295316134456",
      "t" : 1756418295316,
      "tn" : 1756418295316134456,
      "q" : "299.8",
      "p" : "0.1330",
      "s" : "buy",
      "i" : "STRK_USD",
      "m" : "4611686018428446918"
    }, {
      "d" : "1756417466919415905",
      "t" : 1756417466919,
      "tn" : 1756417466919415905,
      "q" : "225.9",
      "p" : "0.1326",
      "s" : "buy",
      "i" : "STRK_USD",
      "m" : "4611686018428446917"
    }, {
      "d" : "1756417074155737697",
      "t" : 1756417074155,
      "tn" : 1756417074155737697,
      "q" : "363.8",
      "p" : "0.1328",
      "s" : "buy",
      "i" : "STRK_USD",
      "m" : "4611686018428446916"
    }, {
      "d" : "1756416863044180714",
      "t" : 1756416863044,
      "tn" : 1756416863044180714,
      "q" : "496.3",
      "p" : "0.1325",
      "s" : "sell",
      "i" : "STRK_USD",
      "m" : "4611686018428446915"
    }, {
      "d" : "1756416863044139965",
      "t" : 1756416863044,
      "tn" : 1756416863044139965,
      "q" : "3018.9",
      "p" : "0.1325",
      "s" : "sell",
      "i" : "STRK_USD",
      "m" : "4611686018428446914"
    }, {
      "d" : "1756416863043116539",
      "t" : 1756416863043,
      "tn" : 1756416863043116539,
      "q" : "65.5",
      "p" : "0.1325",
      "s" : "sell",
      "i" : "STRK_USD",
      "m" : "4611686018428446913"
    }, {
      "d" : "1756416863039355847",
      "t" : 1756416863039,
      "tn" : 1756416863039355847,
      "q" : "28.1",
      "p" : "0.1325",
      "s" : "buy",
      "i" : "STRK_USD",
      "m" : "4611686018428446912"
    }, {
      "d" : "1756416838953579537",
      "t" : 1756416838953,
      "tn" : 1756416838953579536,
      "q" : "11.2",
      "p" : "0.1326",
      "s" : "buy",
      "i" : "STRK_USD",
      "m" : "4611686018428446911"
    }, {
      "d" : "1756416838953579536",
      "t" : 1756416838953,
      "tn" : 1756416838953579536,
      "q" : "91.9",
      "p" : "0.1326",
      "s" : "buy",
      "i" : "STRK_USD",
      "m" : "4611686018428446911"
    }, {
      "d" : "1756415451382201917",
      "t" : 1756415451382,
      "tn" : 1756415451382201916,
      "q" : "418.1",
      "p" : "0.1319",
      "s" : "buy",
      "i" : "STRK_USD",
      "m" : "4611686018428446910"
    }, {
      "d" : "1756415451382201916",
      "t" : 1756415451382,
      "tn" : 1756415451382201916,
      "q" : "1752.4",
      "p" : "0.1319",
      "s" : "buy",
      "i" : "STRK_USD",
      "m" : "4611686018428446910"
    }, {
      "d" : "1756413122482181710",
      "t" : 1756413122482,
      "tn" : 1756413122482181710,
      "q" : "250.3",
      "p" : "0.1314",
      "s" : "sell",
      "i" : "STRK_USD",
      "m" : "4611686018428446909"
    }, {
      "d" : "1756409479548437310",
      "t" : 1756409479548,
      "tn" : 1756409479548437310,
      "q" : "1218.7",
      "p" : "0.1330",
      "s" : "sell",
      "i" : "STRK_USD",
      "m" : "4611686018428446908"
    }, {
      "d" : "1756409445522530755",
      "t" : 1756409445522,
      "tn" : 1756409445522530754,
      "q" : "3328.8",
      "p" : "0.1328",
      "s" : "sell",
      "i" : "STRK_USD",
      "m" : "4611686018428446907"
    }, {
      "d" : "1756409445522530754",
      "t" : 1756409445522,
      "tn" : 1756409445522530754,
      "q" : "1527.0",
      "p" : "0.1328",
      "s" : "sell",
      "i" : "STRK_USD",
      "m" : "4611686018428446907"
    }, {
      "d" : "1756404621963019091",
      "t" : 1756404621963,
      "tn" : 1756404621963019090,
      "q" : "638.1",
      "p" : "0.1324",
      "s" : "buy",
      "i" : "STRK_USD",
      "m" : "4611686018428446906"
    }, {
      "d" : "1756404621963019090",
      "t" : 1756404621963,
      "tn" : 1756404621963019090,
      "q" : "91.9",
      "p" : "0.1324",
      "s" : "buy",
      "i" : "STRK_USD",
      "m" : "4611686018428446906"
    }, {
      "d" : "1756402394543977310",
      "t" : 1756402394543,
      "tn" : 1756402394543977310,
      "q" : "450.8",
      "p" : "0.1317",
      "s" : "buy",
      "i" : "STRK_USD",
      "m" : "4611686018428446905"
    }, {
      "d" : "1756402394532021489",
      "t" : 1756402394532,
      "tn" : 1756402394532021488,
      "q" : "1235.5",
      "p" : "0.1317",
      "s" : "sell",
      "i" : "STRK_USD",
      "m" : "4611686018428446904"
    }, {
      "d" : "1756402394532021488",
      "t" : 1756402394532,
      "tn" : 1756402394532021488,
      "q" : "1516.6",
      "p" : "0.1317",
      "s" : "sell",
      "i" : "STRK_USD",
      "m" : "4611686018428446904"
    }, {
      "d" : "1756402202425965320",
      "t" : 1756402202425,
      "tn" : 1756402202425965320,
      "q" : "65.3",
      "p" : "0.1322",
      "s" : "sell",
      "i" : "STRK_USD",
      "m" : "4611686018428446903"
    }, {
      "d" : "1756400818756020479",
      "t" : 1756400818756,
      "tn" : 1756400818756020479,
      "q" : "51.7",
      "p" : "0.1316",
      "s" : "sell",
      "i" : "STRK_USD",
      "m" : "4611686018428446902"
    }, {
      "d" : "1756400818755441443",
      "t" : 1756400818755,
      "tn" : 1756400818755441443,
      "q" : "106.4",
      "p" : "0.1316",
      "s" : "sell",
      "i" : "STRK_USD",
      "m" : "4611686018428446901"
    }, {
      "d" : "1756400818749086424",
      "t" : 1756400818749,
      "tn" : 1756400818749086424,
      "q" : "91.9",
      "p" : "0.1316",
      "s" : "buy",
      "i" : "STRK_USD",
      "m" : "4611686018428446900"
    }, {
      "d" : "1756400303425174567",
      "t" : 1756400303425,
      "tn" : 1756400303425174567,
      "q" : "475.4",
      "p" : "0.1320",
      "s" : "buy",
      "i" : "STRK_USD",
      "m" : "4611686018428446899"
    }, {
      "d" : "1756400303424048688",
      "t" : 1756400303424,
      "tn" : 1756400303424048688,
      "q" : "241.6",
      "p" : "0.1320",
      "s" : "buy",
      "i" : "STRK_USD",
      "m" : "4611686018428446898"
    }, {
      "d" : "1756400303420042067",
      "t" : 1756400303420,
      "tn" : 1756400303420042067,
      "q" : "91.9",
      "p" : "0.1320",
      "s" : "sell",
      "i" : "STRK_USD",
      "m" : "4611686018428446897"
    }, {
      "d" : "1756399075384032066",
      "t" : 1756399075384,
      "tn" : 1756399075384032065,
      "q" : "1941.6",
      "p" : "0.1335",
      "s" : "buy",
      "i" : "STRK_USD",
      "m" : "4611686018428446896"
    }, {
      "d" : "1756399075384032065",
      "t" : 1756399075384,
      "tn" : 1756399075384032065,
      "q" : "1301.3",
      "p" : "0.1335",
      "s" : "buy",
      "i" : "STRK_USD",
      "m" : "4611686018428446896"
    }, {
      "d" : "1756399074421395009",
      "t" : 1756399074421,
      "tn" : 1756399074421395009,
      "q" : "5140.3",
      "p" : "0.1335",
      "s" : "buy",
      "i" : "STRK_USD",
      "m" : "4611686018428446895"
    }, {
      "d" : "1756399074341114746",
      "t" : 1756399074341,
      "tn" : 1756399074341114746,
      "q" : "3242.9",
      "p" : "0.1335",
      "s" : "buy",
      "i" : "STRK_USD",
      "m" : "4611686018428446894"
    }, {
      "d" : "1756399042955060415",
      "t" : 1756399042955,
      "tn" : 1756399042955060415,
      "q" : "521.5",
      "p" : "0.1335",
      "s" : "buy",
      "i" : "STRK_USD",
      "m" : "4611686018428446893"
    }, {
      "d" : "1756398647295588324",
      "t" : 1756398647295,
      "tn" : 1756398647295588324,
      "q" : "0.1",
      "p" : "0.1333",
      "s" : "sell",
      "i" : "STRK_USD",
      "m" : "4611686018428446892"
    }, {
      "d" : "1756398646321224415",
      "t" : 1756398646321,
      "tn" : 1756398646321224414,
      "q" : "3358.7",
      "p" : "0.1333",
      "s" : "sell",
      "i" : "STRK_USD",
      "m" : "4611686018428446891"
    }, {
      "d" : "1756398646321224414",
      "t" : 1756398646321,
      "tn" : 1756398646321224414,
      "q" : "8917.8",
      "p" : "0.1333",
      "s" : "sell",
      "i" : "STRK_USD",
      "m" : "4611686018428446891"
    }, {
      "d" : "1756398184364143291",
      "t" : 1756398184364,
      "tn" : 1756398184364143291,
      "q" : "100.0",
      "p" : "0.1339",
      "s" : "buy",
      "i" : "STRK_USD",
      "m" : "4611686018428446890"
    }, {
      "d" : "1756397482713591383",
      "t" : 1756397482713,
      "tn" : 1756397482713591383,
      "q" : "300.0",
      "p" : "0.1339",
      "s" : "buy",
      "i" : "STRK_USD",
      "m" : "4611686018428446889"
    }, {
      "d" : "1756397412601881152",
      "t" : 1756397412601,
      "tn" : 1756397412601881152,
      "q" : "1383.7",
      "p" : "0.1334",
      "s" : "sell",
      "i" : "STRK_USD",
      "m" : "4611686018428446888"
    }, {
      "d" : "1756396247994014425",
      "t" : 1756396247994,
      "tn" : 1756396247994014425,
      "q" : "1036.8",
      "p" : "0.1338",
      "s" : "buy",
      "i" : "STRK_USD",
      "m" : "4611686018428446887"
    }, {
      "d" : "1756395976374853522",
      "t" : 1756395976374,
      "tn" : 1756395976374853522,
      "q" : "190.9",
      "p" : "0.1343",
      "s" : "buy",
      "i" : "STRK_USD",
      "m" : "4611686018428446886"
    }, {
      "d" : "1756395932359544702",
      "t" : 1756395932359,
      "tn" : 1756395932359544702,
      "q" : "2936.0",
      "p" : "0.1339",
      "s" : "sell",
      "i" : "STRK_USD",
      "m" : "4611686018428446885"
    }, {
      "d" : "1756395407453702558",
      "t" : 1756395407453,
      "tn" : 1756395407453702558,
      "q" : "6385.3",
      "p" : "0.1345",
      "s" : "sell",
      "i" : "STRK_USD",
      "m" : "4611686018428446884"
    }, {
      "d" : "1756395014877827764",
      "t" : 1756395014877,
      "tn" : 1756395014877827764,
      "q" : "81.5",
      "p" : "0.1346",
      "s" : "sell",
      "i" : "STRK_USD",
      "m" : "4611686018428446883"
    }, {
      "d" : "1756394505862147544",
      "t" : 1756394505862,
      "tn" : 1756394505862147544,
      "q" : "4812.6",
      "p" : "0.1352",
      "s" : "sell",
      "i" : "STRK_USD",
      "m" : "4611686018428446882"
    }, {
      "d" : "1756394505818237929",
      "t" : 1756394505818,
      "tn" : 1756394505818237928,
      "q" : "1422.9",
      "p" : "0.1352",
      "s" : "sell",
      "i" : "STRK_USD",
      "m" : "4611686018428446881"
    }, {
      "d" : "1756394505818237928",
      "t" : 1756394505818,
      "tn" : 1756394505818237928,
      "q" : "2210.1",
      "p" : "0.1352",
      "s" : "sell",
      "i" : "STRK_USD",
      "m" : "4611686018428446881"
    }, {
      "d" : "1756393714167160939",
      "t" : 1756393714167,
      "tn" : 1756393714167160938,
      "q" : "2251.5",
      "p" : "0.1360",
      "s" : "buy",
      "i" : "STRK_USD",
      "m" : "4611686018428446880"
    }, {
      "d" : "1756393714167160938",
      "t" : 1756393714167,
      "tn" : 1756393714167160938,
      "q" : "52.0",
      "p" : "0.1360",
      "s" : "buy",
      "i" : "STRK_USD",
      "m" : "4611686018428446880"
    }, {
      "d" : "1756393429320441979",
      "t" : 1756393429320,
      "tn" : 1756393429320441979,
      "q" : "6789.6",
      "p" : "0.1363",
      "s" : "sell",
      "i" : "STRK_USD",
      "m" : "4611686018428446879"
    }, {
      "d" : "1756393330166219227",
      "t" : 1756393330166,
      "tn" : 1756393330166219226,
      "q" : "3297.1",
      "p" : "0.1369",
      "s" : "buy",
      "i" : "STRK_USD",
      "m" : "4611686018428446878"
    }, {
      "d" : "1756393330166219226",
      "t" : 1756393330166,
      "tn" : 1756393330166219226,
      "q" : "1692.9",
      "p" : "0.1369",
      "s" : "buy",
      "i" : "STRK_USD",
      "m" : "4611686018428446878"
    }, {
      "d" : "1756393011624800236",
      "t" : 1756393011624,
      "tn" : 1756393011624800236,
      "q" : "601.1",
      "p" : "0.1368",
      "s" : "buy",
      "i" : "STRK_USD",
      "m" : "4611686018428446877"
    }, {
      "d" : "1756391999556902117",
      "t" : 1756391999556,
      "tn" : 1756391999556902117,
      "q" : "163.9",
      "p" : "0.1358",
      "s" : "buy",
      "i" : "STRK_USD",
      "m" : "4611686018428446876"
    }, {
      "d" : "1756391862370709541",
      "t" : 1756391862370,
      "tn" : 1756391862370709540,
      "q" : "600.8",
      "p" : "0.1356",
      "s" : "buy",
      "i" : "STRK_USD",
      "m" : "4611686018428446875"
    }, {
      "d" : "1756391862370709540",
      "t" : 1756391862370,
      "tn" : 1756391862370709540,
      "q" : "91.9",
      "p" : "0.1356",
      "s" : "buy",
      "i" : "STRK_USD",
      "m" : "4611686018428446875"
    }, {
      "d" : "1756391511690319304",
      "t" : 1756391511690,
      "tn" : 1756391511690319304,
      "q" : "1961.9",
      "p" : "0.1344",
      "s" : "sell",
      "i" : "STRK_USD",
      "m" : "4611686018428446874"
    }, {
      "d" : "1756391509172092054",
      "t" : 1756391509172,
      "tn" : 1756391509172092054,
      "q" : "1876.6",
      "p" : "0.1344",
      "s" : "sell",
      "i" : "STRK_USD",
      "m" : "4611686018428446873"
    }, {
      "d" : "1756391508612820321",
      "t" : 1756391508612,
      "tn" : 1756391508612820321,
      "q" : "4058.7",
      "p" : "0.1344",
      "s" : "sell",
      "i" : "STRK_USD",
      "m" : "4611686018428446872"
    }, {
      "d" : "1756391292633241464",
      "t" : 1756391292633,
      "tn" : 1756391292633241463,
      "q" : "359.9",
      "p" : "0.1348",
      "s" : "buy",
      "i" : "STRK_USD",
      "m" : "4611686018428446871"
    }, {
      "d" : "1756391292633241463",
      "t" : 1756391292633,
      "tn" : 1756391292633241463,
      "q" : "737.4",
      "p" : "0.1348",
      "s" : "buy",
      "i" : "STRK_USD",
      "m" : "4611686018428446871"
    }, {
      "d" : "1756390976796474567",
      "t" : 1756390976796,
      "tn" : 1756390976796474567,
      "q" : "492.6",
      "p" : "0.1351",
      "s" : "sell",
      "i" : "STRK_USD",
      "m" : "4611686018428446870"
    }, {
      "d" : "1756390916469628782",
      "t" : 1756390916469,
      "tn" : 1756390916469628781,
      "q" : "1513.3",
      "p" : "0.1356",
      "s" : "sell",
      "i" : "STRK_USD",
      "m" : "4611686018428446869"
    }, {
      "d" : "1756390916469628781",
      "t" : 1756390916469,
      "tn" : 1756390916469628781,
      "q" : "737.4",
      "p" : "0.1356",
      "s" : "sell",
      "i" : "STRK_USD",
      "m" : "4611686018428446869"
    }, {
      "d" : "1756390598137699560",
      "t" : 1756390598137,
      "tn" : 1756390598137699560,
      "q" : "64.5",
      "p" : "0.1363",
      "s" : "buy",
      "i" : "STRK_USD",
      "m" : "4611686018428446868"
    } ]
  }
}