{
  "id" : -1,
  "method" : "public/get-trades",
  "code" : 0,
  "result" : {
    "data" : [ {
      "d" : "1756462431981282201",
      "t" : 1756462431981,
      "tn" : 1756462431981282201,
      "q" : "1.9",
      "p" : "0.6315",
      "s" : "sell",
      "i" : "STX_USD",
      "m" : "4611686018431270945"
    }, {
      "d" : "1756462431910011953",
      "t" : 1756462431910,
      "tn" : 1756462431910011953,
      "q" : "497.1",
      "p" : "0.6314",
      "s" : "sell",
      "i" : "STX_USD",
      "m" : "4611686018431270944"
    }, {
      "d" : "1756462431910010233",
      "t" : 1756462431910,
      "tn" : 1756462431910010233,
      "q" : "1.9",
      "p" : "0.6315",
      "s" : "sell",
      "i" : "STX_USD",
      "m" : "4611686018431270943"
    }, {
      "d" : "1756462112942333585",
      "t" : 1756462112942,
      "tn" : 1756462112942333585,
      "q" : "1.8",
      "p" : "0.6326",
      "s" : "buy",
      "i" : "STX_USD",
      "m" : "4611686018431270942"
    }, {
      "d" : "1756462060799285869",
      "t" : 1756462060799,
      "tn" : 1756462060799285869,
      "q" : "1.9",
      "p" : "0.6316",
      "s" : "buy",
      "i" : "STX_USD",
      "m" : "4611686018431270941"
    }, {
      "d" : "1756461997281212784",
      "t" : 1756461997281,
      "tn" : 1756461997281212784,
      "q" : "1.9",
      "p" : "0.6306",
      "s" : "buy",
      "i" : "STX_USD",
      "m" : "4611686018431270940"
    }, {
      "d" : "1756461733776978162",
      "t" : 1756461733776,
      "tn" : 1756461733776978162,
      "q" : "141.0",
      "p" : "0.6301",
      "s" : "buy",
      "i" : "STX_USD",
      "m" : "4611686018431270939"
    }, {
      "d" : "1756461732943248634",
      "t" : 1756461732943,
      "tn" : 1756461732943248634,
      "q" : "1.9",
      "p" : "0.6296",
      "s" : "buy",
      "i" : "STX_USD",
      "m" : "4611686018431270938"
    }, {
      "d" : "1756461515806039312",
      "t" : 1756461515806,
      "tn" : 1756461515806039312,
      "q" : "635.5",
      "p" : "0.6292",
      "s" : "sell",
      "i" : "STX_USD",
      "m" : "4611686018431270937"
    }, {
      "d" : "1756461515806037740",
      "t" : 1756461515806,
      "tn" : 1756461515806037740,
      "q" : "1.9",
      "p" : "0.6295",
      "s" : "sell",
      "i" : "STX_USD",
      "m" : "4611686018431270936"
    }, {
      "d" : "1756461313857904574",
      "t" : 1756461313857,
      "tn" : 1756461313857904574,
      "q" : "495.8",
      "p" : "0.6287",
      "s" : "sell",
      "i" : "STX_USD",
      "m" : "4611686018431270935"
    }, {
      "d" : "1756461300875568039",
      "t" : 1756461300875,
      "tn" : 1756461300875568039,
      "q" : "55.8",
      "p" : "0.6292",
      "s" : "sell",
      "i" : "STX_USD",
      "m" : "4611686018431270934"
    }, {
      "d" : "1756461300869248995",
      "t" : 1756461300869,
      "tn" : 1756461300869248995,
      "q" : "1.9",
      "p" : "0.6289",
      "s" : "buy",
      "i" : "STX_USD",
      "m" : "4611686018431270933"
    }, {
      "d" : "1756461145456692702",
      "t" : 1756461145456,
      "tn" : 1756461145456692702,
      "q" : "492.0",
      "p" : "0.6286",
      "s" : "sell",
      "i" : "STX_USD",
      "m" : "4611686018431270932"
    }, {
      "d" : "1756460927697960658",
      "t" : 1756460927697,
      "tn" : 1756460927697960658,
      "q" : "516.8",
      "p" : "0.6297",
      "s" : "sell",
      "i" : "STX_USD",
      "m" : "4611686018431270931"
    }, {
      "d" : "1756460922712839741",
      "t" : 1756460922712,
      "tn" : 1756460922712839741,
      "q" : "1.8",
      "p" : "0.6298",
      "s" : "buy",
      "i" : "STX_USD",
      "m" : "4611686018431270930"
    }, {
      "d" : "1756460782894755139",
      "t" : 1756460782894,
      "tn" : 1756460782894755138,
      "q" : "63.8",
      "p" : "0.6295",
      "s" : "sell",
      "i" : "STX_USD",
      "m" : "4611686018431270929"
    }, {
      "d" : "1756460782894755138",
      "t" : 1756460782894,
      "tn" : 1756460782894755138,
      "q" : "1.9",
      "p" : "0.6295",
      "s" : "sell",
      "i" : "STX_USD",
      "m" : "4611686018431270929"
    }, {
      "d" : "1756460777968387284",
      "t" : 1756460777968,
      "tn" : 1756460777968387284,
      "q" : "1.8",
      "p" : "0.6286",
      "s" : "buy",
      "i" : "STX_USD",
      "m" : "4611686018431270928"
    }, {
      "d" : "1756460653915076818",
      "t" : 1756460653915,
      "tn" : 1756460653915076818,
      "q" : "1.9",
      "p" : "0.6285",
      "s" : "sell",
      "i" : "STX_USD",
      "m" : "4611686018431270927"
    }, {
      "d" : "1756460653664223081",
      "t" : 1756460653664,
      "tn" : 1756460653664223081,
      "q" : "1.9",
      "p" : "0.6285",
      "s" : "sell",
      "i" : "STX_USD",
      "m" : "4611686018431270926"
    }, {
      "d" : "1756460653413395026",
      "t" : 1756460653413,
      "tn" : 1756460653413395026,
      "q" : "1.9",
      "p" : "0.6285",
      "s" : "sell",
      "i" : "STX_USD",
      "m" : "4611686018431270925"
    }, {
      "d" : "1756460653162483725",
      "t" : 1756460653162,
      "tn" : 1756460653162483725,
      "q" : "1.9",
      "p" : "0.6285",
      "s" : "sell",
      "i" : "STX_USD",
      "m" : "4611686018431270924"
    }, {
      "d" : "1756460652525546231",
      "t" : 1756460652525,
      "tn" : 1756460652525546231,
      "q" : "1.9",
      "p" : "0.6285",
      "s" : "sell",
      "i" : "STX_USD",
      "m" : "4611686018431270923"
    }, {
      "d" : "1756460651776570529",
      "t" : 1756460651776,
      "tn" : 1756460651776570529,
      "q" : "1.9",
      "p" : "0.6285",
      "s" : "sell",
      "i" : "STX_USD",
      "m" : "4611686018431270922"
    }, {
      "d" : "1756460651525626990",
      "t" : 1756460651525,
      "tn" : 1756460651525626990,
      "q" : "1.9",
      "p" : "0.6285",
      "s" : "sell",
      "i" : "STX_USD",
      "m" : "4611686018431270921"
    }, {
      "d" : "1756460650585707335",
      "t" : 1756460650585,
      "tn" : 1756460650585707335,
      "q" : "1.9",
      "p" : "0.6285",
      "s" : "sell",
      "i" : "STX_USD",
      "m" : "4611686018431270920"
    }, {
      "d" : "1756460650335012888",
      "t" : 1756460650335,
      "tn" : 1756460650335012888,
      "q" : "1.9",
      "p" : "0.6285",
      "s" : "sell",
      "i" : "STX_USD",
      "m" : "4611686018431270919"
    }, {
      "d" : "1756460649520754389",
      "t" : 1756460649520,
      "tn" : 1756460649520754389,
      "q" : "1.9",
      "p" : "0.6285",
      "s" : "sell",
      "i" : "STX_USD",
      "m" : "4611686018431270918"
    }, {
      "d" : "1756460649261836650",
      "t" : 1756460649261,
      "tn" : 1756460649261836650,
      "q" : "1.9",
      "p" : "0.6285",
      "s" : "sell",
      "i" : "STX_USD",
      "m" : "4611686018431270917"
    }, {
      "d" : "1756460648818954567",
      "t" : 1756460648818,
      "tn" : 1756460648818954567,
      "q" : "1.9",
      "p" : "0.6285",
      "s" : "sell",
      "i" : "STX_USD",
      "m" : "4611686018431270916"
    }, {
      "d" : "1756460648568196905",
      "t" : 1756460648568,
      "tn" : 1756460648568196905,
      "q" : "1.9",
      "p" : "0.6285",
      "s" : "sell",
      "i" : "STX_USD",
      "m" : "4611686018431270915"
    }, {
      "d" : "1756460648317253427",
      "t" : 1756460648317,
      "tn" : 1756460648317253427,
      "q" : "1.9",
      "p" : "0.6285",
      "s" : "sell",
      "i" : "STX_USD",
      "m" : "4611686018431270914"
    }, {
      "d" : "1756460591650512739",
      "t" : 1756460591650,
      "tn" : 1756460591650512739,
      "q" : "114.1",
      "p" : "0.6285",
      "s" : "buy",
      "i" : "STX_USD",
      "m" : "4611686018431270913"
    }, {
      "d" : "1756460501638006462",
      "t" : 1756460501638,
      "tn" : 1756460501638006462,
      "q" : "16.0",
      "p" : "0.6287",
      "s" : "sell",
      "i" : "STX_USD",
      "m" : "4611686018431270912"
    }, {
      "d" : "1756460501637639929",
      "t" : 1756460501637,
      "tn" : 1756460501637639929,
      "q" : "17.6",
      "p" : "0.6287",
      "s" : "sell",
      "i" : "STX_USD",
      "m" : "4611686018431270911"
    }, {
      "d" : "1756460501637619207",
      "t" : 1756460501637,
      "tn" : 1756460501637619207,
      "q" : "89.5",
      "p" : "0.6287",
      "s" : "sell",
      "i" : "STX_USD",
      "m" : "4611686018431270910"
    }, {
      "d" : "1756460468902539711",
      "t" : 1756460468902,
      "tn" : 1756460468902539711,
      "q" : "1.9",
      "p" : "0.6286",
      "s" : "buy",
      "i" : "STX_USD",
      "m" : "4611686018431270909"
    }, {
      "d" : "1756460420573944436",
      "t" : 1756460420573,
      "tn" : 1756460420573944435,
      "q" : "1.9",
      "p" : "0.6285",
      "s" : "sell",
      "i" : "STX_USD",
      "m" : "4611686018431270908"
    }, {
      "d" : "1756460420573944435",
      "t" : 1756460420573,
      "tn" : 1756460420573944435,
      "q" : "112.3",
      "p" : "0.6285",
      "s" : "sell",
      "i" : "STX_USD",
      "m" : "4611686018431270908"
    }, {
      "d" : "1756460175847656740",
      "t" : 1756460175847,
      "tn" : 1756460175847656740,
      "q" : "422.7",
      "p" : "0.6275",
      "s" : "sell",
      "i" : "STX_USD",
      "m" : "4611686018431270907"
    }, {
      "d" : "1756460160528611587",
      "t" : 1756460160528,
      "tn" : 1756460160528611587,
      "q" : "636.9",
      "p" : "0.6280",
      "s" : "sell",
      "i" : "STX_USD",
      "m" : "4611686018431270906"
    }, {
      "d" : "1756460014558783108",
      "t" : 1756460014558,
      "tn" : 1756460014558783108,
      "q" : "636.9",
      "p" : "0.6281",
      "s" : "buy",
      "i" : "STX_USD",
      "m" : "4611686018431270905"
    }, {
      "d" : "1756460014558780719",
      "t" : 1756460014558,
      "tn" : 1756460014558780719,
      "q" : "1.9",
      "p" : "0.6276",
      "s" : "buy",
      "i" : "STX_USD",
      "m" : "4611686018431270904"
    }, {
      "d" : "1756460012229584877",
      "t" : 1756460012229,
      "tn" : 1756460012229584877,
      "q" : "22.3",
      "p" : "0.6278",
      "s" : "sell",
      "i" : "STX_USD",
      "m" : "4611686018431270903"
    }, {
      "d" : "1756460012228566987",
      "t" : 1756460012228,
      "tn" : 1756460012228566987,
      "q" : "1.8",
      "p" : "0.6282",
      "s" : "sell",
      "i" : "STX_USD",
      "m" : "4611686018431270902"
    }, {
      "d" : "1756459977267419092",
      "t" : 1756459977267,
      "tn" : 1756459977267419091,
      "q" : "1.9",
      "p" : "0.6276",
      "s" : "buy",
      "i" : "STX_USD",
      "m" : "4611686018431270901"
    }, {
      "d" : "1756459977267419091",
      "t" : 1756459977267,
      "tn" : 1756459977267419091,
      "q" : "98.2",
      "p" : "0.6276",
      "s" : "buy",
      "i" : "STX_USD",
      "m" : "4611686018431270901"
    }, {
      "d" : "1756459903839056502",
      "t" : 1756459903839,
      "tn" : 1756459903839056502,
      "q" : "78.4",
      "p" : "0.6280",
      "s" : "sell",
      "i" : "STX_USD",
      "m" : "4611686018431270900"
    }, {
      "d" : "1756459903838529264",
      "t" : 1756459903838,
      "tn" : 1756459903838529264,
      "q" : "476.1",
      "p" : "0.6280",
      "s" : "sell",
      "i" : "STX_USD",
      "m" : "4611686018431270899"
    }, {
      "d" : "1756459903835866727",
      "t" : 1756459903835,
      "tn" : 1756459903835866727,
      "q" : "1.8",
      "p" : "0.6285",
      "s" : "sell",
      "i" : "STX_USD",
      "m" : "4611686018431270898"
    }, {
      "d" : "1756459875033649606",
      "t" : 1756459875033,
      "tn" : 1756459875033649606,
      "q" : "555.6",
      "p" : "0.6282",
      "s" : "sell",
      "i" : "STX_USD",
      "m" : "4611686018431270897"
    }, {
      "d" : "1756459875033632357",
      "t" : 1756459875033,
      "tn" : 1756459875033632357,
      "q" : "78.4",
      "p" : "0.6282",
      "s" : "sell",
      "i" : "STX_USD",
      "m" : "4611686018431270896"
    }, {
      "d" : "1756459875031874828",
      "t" : 1756459875031,
      "tn" : 1756459875031874828,
      "q" : "22.4",
      "p" : "0.6283",
      "s" : "sell",
      "i" : "STX_USD",
      "m" : "4611686018431270895"
    }, {
      "d" : "1756459875031872828",
      "t" : 1756459875031,
      "tn" : 1756459875031872828,
      "q" : "1.9",
      "p" : "0.6285",
      "s" : "sell",
      "i" : "STX_USD",
      "m" : "4611686018431270894"
    }, {
      "d" : "1756459487370405810",
      "t" : 1756459487370,
      "tn" : 1756459487370405809,
      "q" : "1.9",
      "p" : "0.6276",
      "s" : "buy",
      "i" : "STX_USD",
      "m" : "4611686018431270893"
    }, {
      "d" : "1756459487370405809",
      "t" : 1756459487370,
      "tn" : 1756459487370405809,
      "q" : "167.5",
      "p" : "0.6276",
      "s" : "buy",
      "i" : "STX_USD",
      "m" : "4611686018431270893"
    }, {
      "d" : "1756459332741435252",
      "t" : 1756459332741,
      "tn" : 1756459332741435252,
      "q" : "1.8",
      "p" : "0.6285",
      "s" : "sell",
      "i" : "STX_USD",
      "m" : "4611686018431270892"
    }, {
      "d" : "1756459260040119425",
      "t" : 1756459260040,
      "tn" : 1756459260040119425,
      "q" : "1.8",
      "p" : "0.6283",
      "s" : "sell",
      "i" : "STX_USD",
      "m" : "4611686018431270891"
    }, {
      "d" : "1756459185785735232",
      "t" : 1756459185785,
      "tn" : 1756459185785735232,
      "q" : "1.8",
      "p" : "0.6276",
      "s" : "buy",
      "i" : "STX_USD",
      "m" : "4611686018431270890"
    }, {
      "d" : "1756459131342276890",
      "t" : 1756459131342,
      "tn" : 1756459131342276890,
      "q" : "1.9",
      "p" : "0.6275",
      "s" : "sell",
      "i" : "STX_USD",
      "m" : "4611686018431270889"
    }, {
      "d" : "1756459077215373216",
      "t" : 1756459077215,
      "tn" : 1756459077215373215,
      "q" : "334.2",
      "p" : "0.6256",
      "s" : "buy",
      "i" : "STX_USD",
      "m" : "4611686018431270888"
    }, {
      "d" : "1756459077215373215",
      "t" : 1756459077215,
      "tn" : 1756459077215373215,
      "q" : "1.9",
      "p" : "0.6256",
      "s" : "buy",
      "i" : "STX_USD",
      "m" : "4611686018431270888"
    }, {
      "d" : "1756459019659226273",
      "t" : 1756459019659,
      "tn" : 1756459019659226273,
      "q" : "1.9",
      "p" : "0.6265",
      "s" : "sell",
      "i" : "STX_USD",
      "m" : "4611686018431270887"
    }, {
      "d" : "1756459016094275128",
      "t" : 1756459016094,
      "tn" : 1756459016094275128,
      "q" : "1.9",
      "p" : "0.6265",
      "s" : "sell",
      "i" : "STX_USD",
      "m" : "4611686018431270886"
    }, {
      "d" : "1756459015843432218",
      "t" : 1756459015843,
      "tn" : 1756459015843432218,
      "q" : "1.9",
      "p" : "0.6265",
      "s" : "sell",
      "i" : "STX_USD",
      "m" : "4611686018431270885"
    }, {
      "d" : "1756458916774421950",
      "t" : 1756458916774,
      "tn" : 1756458916774421950,
      "q" : "1.8",
      "p" : "0.6245",
      "s" : "sell",
      "i" : "STX_USD",
      "m" : "4611686018431270884"
    }, {
      "d" : "1756458877332492000",
      "t" : 1756458877332,
      "tn" : 1756458877332492000,
      "q" : "1.8",
      "p" : "0.6246",
      "s" : "buy",
      "i" : "STX_USD",
      "m" : "4611686018431270883"
    }, {
      "d" : "1756458796096236851",
      "t" : 1756458796096,
      "tn" : 1756458796096236850,
      "q" : "1.9",
      "p" : "0.6255",
      "s" : "sell",
      "i" : "STX_USD",
      "m" : "4611686018431270882"
    }, {
      "d" : "1756458796096236850",
      "t" : 1756458796096,
      "tn" : 1756458796096236850,
      "q" : "52.0",
      "p" : "0.6255",
      "s" : "sell",
      "i" : "STX_USD",
      "m" : "4611686018431270882"
    }, {
      "d" : "1756458676652739671",
      "t" : 1756458676652,
      "tn" : 1756458676652739671,
      "q" : "1.8",
      "p" : "0.6246",
      "s" : "buy",
      "i" : "STX_USD",
      "m" : "4611686018431270881"
    }, {
      "d" : "1756458668484374271",
      "t" : 1756458668484,
      "tn" : 1756458668484374271,
      "q" : "1.8",
      "p" : "0.6246",
      "s" : "buy",
      "i" : "STX_USD",
      "m" : "4611686018431270880"
    }, {
      "d" : "1756458558173328173",
      "t" : 1756458558173,
      "tn" : 1756458558173328173,
      "q" : "1.9",
      "p" : "0.6254",
      "s" : "sell",
      "i" : "STX_USD",
      "m" : "4611686018431270879"
    }, {
      "d" : "1756458487481013690",
      "t" : 1756458487481,
      "tn" : 1756458487481013690,
      "q" : "1.9",
      "p" : "0.6244",
      "s" : "sell",
      "i" : "STX_USD",
      "m" : "4611686018431270878"
    }, {
      "d" : "1756458463108300962",
      "t" : 1756458463108,
      "tn" : 1756458463108300962,
      "q" : "1.8",
      "p" : "0.6236",
      "s" : "buy",
      "i" : "STX_USD",
      "m" : "4611686018431270877"
    }, {
      "d" : "1756458461245066796",
      "t" : 1756458461245,
      "tn" : 1756458461245066796,
      "q" : "1.8",
      "p" : "0.6236",
      "s" : "buy",
      "i" : "STX_USD",
      "m" : "4611686018431270876"
    }, {
      "d" : "1756458433228783526",
      "t" : 1756458433228,
      "tn" : 1756458433228783526,
      "q" : "1.7",
      "p" : "0.6240",
      "s" : "sell",
      "i" : "STX_USD",
      "m" : "4611686018431270875"
    }, {
      "d" : "1756458423444758923",
      "t" : 1756458423444,
      "tn" : 1756458423444758923,
      "q" : "1.9",
      "p" : "0.6245",
      "s" : "sell",
      "i" : "STX_USD",
      "m" : "4611686018431270874"
    }, {
      "d" : "1756458422569931016",
      "t" : 1756458422569,
      "tn" : 1756458422569931016,
      "q" : "1.9",
      "p" : "0.6245",
      "s" : "sell",
      "i" : "STX_USD",
      "m" : "4611686018431270873"
    }, {
      "d" : "1756458422319186850",
      "t" : 1756458422319,
      "tn" : 1756458422319186850,
      "q" : "1.9",
      "p" : "0.6245",
      "s" : "sell",
      "i" : "STX_USD",
      "m" : "4611686018431270872"
    }, {
      "d" : "1756458407903895020",
      "t" : 1756458407903,
      "tn" : 1756458407903895020,
      "q" : "1.8",
      "p" : "0.6243",
      "s" : "sell",
      "i" : "STX_USD",
      "m" : "4611686018431270871"
    }, {
      "d" : "1756458369031333808",
      "t" : 1756458369031,
      "tn" : 1756458369031333808,
      "q" : "1.9",
      "p" : "0.6245",
      "s" : "sell",
      "i" : "STX_USD",
      "m" : "4611686018431270870"
    }, {
      "d" : "1756458368780484255",
      "t" : 1756458368780,
      "tn" : 1756458368780484255,
      "q" : "1.9",
      "p" : "0.6245",
      "s" : "sell",
      "i" : "STX_USD",
      "m" : "4611686018431270869"
    }, {
      "d" : "1756458368529735818",
      "t" : 1756458368529,
      "tn" : 1756458368529735818,
      "q" : "1.9",
      "p" : "0.6245",
      "s" : "sell",
      "i" : "STX_USD",
      "m" : "4611686018431270868"
    }, {
      "d" : "1756458367777585079",
      "t" : 1756458367777,
      "tn" : 1756458367777585079,
      "q" : "1.9",
      "p" : "0.6245",
      "s" : "sell",
      "i" : "STX_USD",
      "m" : "4611686018431270867"
    }, {
      "d" : "1756458367526757339",
      "t" : 1756458367526,
      "tn" : 1756458367526757339,
      "q" : "1.9",
      "p" : "0.6245",
      "s" : "sell",
      "i" : "STX_USD",
      "m" : "4611686018431270866"
    }, {
      "d" : "1756458366618657997",
      "t" : 1756458366618,
      "tn" : 1756458366618657997,
      "q" : "1.8",
      "p" : "0.6245",
      "s" : "sell",
      "i" : "STX_USD",
      "m" : "4611686018431270865"
    }, {
      "d" : "1756458366528487515",
      "t" : 1756458366528,
      "tn" : 1756458366528487515,
      "q" : "1.9",
      "p" : "0.6245",
      "s" : "sell",
      "i" : "STX_USD",
      "m" : "4611686018431270864"
    }, {
      "d" : "1756458365771488167",
      "t" : 1756458365771,
      "tn" : 1756458365771488167,
      "q" : "1.9",
      "p" : "0.6245",
      "s" : "sell",
      "i" : "STX_USD",
      "m" : "4611686018431270863"
    }, {
      "d" : "1756458365520646319",
      "t" : 1756458365520,
      "tn" : 1756458365520646319,
      "q" : "1.9",
      "p" : "0.6245",
      "s" : "sell",
      "i" : "STX_USD",
      "m" : "4611686018431270862"
    }, {
      "d" : "1756458364688291335",
      "t" : 1756458364688,
      "tn" : 1756458364688291335,
      "q" : "1.9",
      "p" : "0.6245",
      "s" : "sell",
      "i" : "STX_USD",
      "m" : "4611686018431270861"
    }, {
      "d" : "1756458358997570702",
      "t" : 1756458358997,
      "tn" : 1756458358997570702,
      "q" : "1.8",
      "p" : "0.6245",
      "s" : "sell",
      "i" : "STX_USD",
      "m" : "4611686018431270860"
    }, {
      "d" : "1756458333446558222",
      "t" : 1756458333446,
      "tn" : 1756458333446558222,
      "q" : "1.9",
      "p" : "0.6244",
      "s" : "sell",
      "i" : "STX_USD",
      "m" : "4611686018431270859"
    }, {
      "d" : "1756458330637528989",
      "t" : 1756458330637,
      "tn" : 1756458330637528989,
      "q" : "1.9",
      "p" : "0.6244",
      "s" : "sell",
      "i" : "STX_USD",
      "m" : "4611686018431270858"
    }, {
      "d" : "1756458325029655562",
      "t" : 1756458325029,
      "tn" : 1756458325029655562,
      "q" : "1.9",
      "p" : "0.6245",
      "s" : "sell",
      "i" : "STX_USD",
      "m" : "4611686018431270857"
    }, {
      "d" : "1756458324778786233",
      "t" : 1756458324778,
      "tn" : 1756458324778786233,
      "q" : "1.9",
      "p" : "0.6245",
      "s" : "sell",
      "i" : "STX_USD",
      "m" : "4611686018431270856"
    }, {
      "d" : "1756458324527962538",
      "t" : 1756458324527,
      "tn" : 1756458324527962538,
      "q" : "1.9",
      "p" : "0.6245",
      "s" : "sell",
      "i" : "STX_USD",
      "m" : "4611686018431270855"
    }, {
      "d" : "1756458324277148511",
      "t" : 1756458324277,
      "tn" : 1756458324277148511,
      "q" : "1.9",
      "p" : "0.6245",
      "s" : "sell",
      "i" : "STX_USD",
      "m" : "4611686018431270854"
    }, {
      "d" : "1756458324026312178",
      "t" : 1756458324026,
      "tn" : 1756458324026312178,
      "q" : "1.9",
      "p" : "0.6245",
      "s" : "sell",
      "i" : "STX_USD",
      "m" : "4611686018431270853"
    }, {
      "d" : "1756458323771826203",
      "t" : 1756458323771,
      "tn" : 1756458323771826203,
      "q" : "1.9",
      "p" : "0.6245",
      "s" : "sell",
      "i" : "STX_USD",
      "m" : "4611686018431270852"
    }, {
      "d" : "1756458323520918640",
      "t" : 1756458323520,
      "tn" : 1756458323520918640,
      "q" : "1.9",
      "p" : "0.6245",
      "s" : "sell",
      "i" : "STX_USD",
      "m" : "4611686018431270851"
    }, {
      "d" : "1756458322774052456",
      "t" : 1756458322774,
      "tn" : 1756458322774052456,
      "q" : "1.9",
      "p" : "0.6245",
      "s" : "sell",
      "i" : "STX_USD",
      "m" : "4611686018431270850"
    }, {
      "d" : "1756458322523139097",
      "t" : 1756458322523,
      "tn" : 1756458322523139097,
      "q" : "1.9",
      "p" : "0.6245",
      "s" : "sell",
      "i" : "STX_USD",
      "m" : "4611686018431270849"
    }, {
      "d" : "1756458322119121353",
      "t" : 1756458322119,
      "tn" : 1756458322119121353,
      "q" : "1.9",
      "p" : "0.6245",
      "s" : "sell",
      "i" : "STX_USD",
      "m" : "4611686018431270848"
    }, {
      "d" : "1756458307457222485",
      "t" : 1756458307457,
      "tn" : 1756458307457222485,
      "q" : "1.8",
      "p" : "0.6236",
      "s" : "buy",
      "i" : "STX_USD",
      "m" : "4611686018431270847"
    }, {
      "d" : "1756458303372456728",
      "t" : 1756458303372,
      "tn" : 1756458303372456727,
      "q" : "52.7",
      "p" : "0.6235",
      "s" : "sell",
      "i" : "STX_USD",
      "m" : "4611686018431270846"
    }, {
      "d" : "1756458303372456727",
      "t" : 1756458303372,
      "tn" : 1756458303372456727,
      "q" : "1.9",
      "p" : "0.6235",
      "s" : "sell",
      "i" : "STX_USD",
      "m" : "4611686018431270846"
    }, {
      "d" : "1756458297927157476",
      "t" : 1756458297927,
      "tn" : 1756458297927157476,
      "q" : "1.9",
      "p" : "0.6234",
      "s" : "sell",
      "i" : "STX_USD",
      "m" : "4611686018431270845"
    }, {
      "d" : "1756458264411231195",
      "t" : 1756458264411,
      "tn" : 1756458264411231195,
      "q" : "1.9",
      "p" : "0.6233",
      "s" : "sell",
      "i" : "STX_USD",
      "m" : "4611686018431270844"
    }, {
      "d" : "1756458256677544645",
      "t" : 1756458256677,
      "tn" : 1756458256677544645,
      "q" : "1.9",
      "p" : "0.6234",
      "s" : "sell",
      "i" : "STX_USD",
      "m" : "4611686018431270843"
    }, {
      "d" : "1756458256426782277",
      "t" : 1756458256426,
      "tn" : 1756458256426782277,
      "q" : "1.9",
      "p" : "0.6234",
      "s" : "sell",
      "i" : "STX_USD",
      "m" : "4611686018431270842"
    }, {
      "d" : "1756458255119946269",
      "t" : 1756458255119,
      "tn" : 1756458255119946269,
      "q" : "1.9",
      "p" : "0.6234",
      "s" : "sell",
      "i" : "STX_USD",
      "m" : "4611686018431270841"
    }, {
      "d" : "1756458254862728786",
      "t" : 1756458254862,
      "tn" : 1756458254862728786,
      "q" : "1.9",
      "p" : "0.6234",
      "s" : "sell",
      "i" : "STX_USD",
      "m" : "4611686018431270840"
    }, {
      "d" : "1756458254521108833",
      "t" : 1756458254521,
      "tn" : 1756458254521108833,
      "q" : "1.9",
      "p" : "0.6234",
      "s" : "sell",
      "i" : "STX_USD",
      "m" : "4611686018431270839"
    }, {
      "d" : "1756458254260376813",
      "t" : 1756458254260,
      "tn" : 1756458254260376813,
      "q" : "1.9",
      "p" : "0.6234",
      "s" : "sell",
      "i" : "STX_USD",
      "m" : "4611686018431270838"
    }, {
      "d" : "1756458253632841147",
      "t" : 1756458253632,
      "tn" : 1756458253632841147,
      "q" : "1.9",
      "p" : "0.6234",
      "s" : "sell",
      "i" : "STX_USD",
      "m" : "4611686018431270837"
    }, {
      "d" : "1756458253381999195",
      "t" : 1756458253381,
      "tn" : 1756458253381999195,
      "q" : "1.9",
      "p" : "0.6234",
      "s" : "sell",
      "i" : "STX_USD",
      "m" : "4611686018431270836"
    }, {
      "d" : "1756458249551156998",
      "t" : 1756458249551,
      "tn" : 1756458249551156998,
      "q" : "1.9",
      "p" : "0.6234",
      "s" : "sell",
      "i" : "STX_USD",
      "m" : "4611686018431270835"
    }, {
      "d" : "1756458247172241527",
      "t" : 1756458247172,
      "tn" : 1756458247172241527,
      "q" : "1.9",
      "p" : "0.6234",
      "s" : "sell",
      "i" : "STX_USD",
      "m" : "4611686018431270834"
    }, {
      "d" : "1756458240779466623",
      "t" : 1756458240779,
      "tn" : 1756458240779466623,
      "q" : "1.9",
      "p" : "0.6225",
      "s" : "sell",
      "i" : "STX_USD",
      "m" : "4611686018431270833"
    }, {
      "d" : "1756458240528685149",
      "t" : 1756458240528,
      "tn" : 1756458240528685149,
      "q" : "1.9",
      "p" : "0.6225",
      "s" : "sell",
      "i" : "STX_USD",
      "m" : "4611686018431270832"
    }, {
      "d" : "1756458240277886431",
      "t" : 1756458240277,
      "tn" : 1756458240277886431,
      "q" : "1.9",
      "p" : "0.6225",
      "s" : "sell",
      "i" : "STX_USD",
      "m" : "4611686018431270831"
    }, {
      "d" : "1756458240027083490",
      "t" : 1756458240027,
      "tn" : 1756458240027083490,
      "q" : "1.9",
      "p" : "0.6225",
      "s" : "sell",
      "i" : "STX_USD",
      "m" : "4611686018431270830"
    }, {
      "d" : "1756458239521269132",
      "t" : 1756458239521,
      "tn" : 1756458239521269132,
      "q" : "1.9",
      "p" : "0.6225",
      "s" : "sell",
      "i" : "STX_USD",
      "m" : "4611686018431270829"
    }, {
      "d" : "1756458238784294975",
      "t" : 1756458238784,
      "tn" : 1756458238784294975,
      "q" : "1.9",
      "p" : "0.6225",
      "s" : "sell",
      "i" : "STX_USD",
      "m" : "4611686018431270828"
    }, {
      "d" : "1756458238533524602",
      "t" : 1756458238533,
      "tn" : 1756458238533524602,
      "q" : "1.9",
      "p" : "0.6225",
      "s" : "sell",
      "i" : "STX_USD",
      "m" : "4611686018431270827"
    }, {
      "d" : "1756458238277549871",
      "t" : 1756458238277,
      "tn" : 1756458238277549871,
      "q" : "1.9",
      "p" : "0.6225",
      "s" : "sell",
      "i" : "STX_USD",
      "m" : "4611686018431270826"
    }, {
      "d" : "1756458238026795001",
      "t" : 1756458238026,
      "tn" : 1756458238026795001,
      "q" : "1.9",
      "p" : "0.6225",
      "s" : "sell",
      "i" : "STX_USD",
      "m" : "4611686018431270825"
    }, {
      "d" : "1756458237776062254",
      "t" : 1756458237776,
      "tn" : 1756458237776062254,
      "q" : "1.9",
      "p" : "0.6225",
      "s" : "sell",
      "i" : "STX_USD",
      "m" : "4611686018431270824"
    }, {
      "d" : "1756458237525123539",
      "t" : 1756458237525,
      "tn" : 1756458237525123539,
      "q" : "1.9",
      "p" : "0.6225",
      "s" : "sell",
      "i" : "STX_USD",
      "m" : "4611686018431270823"
    }, {
      "d" : "1756458237063785196",
      "t" : 1756458237063,
      "tn" : 1756458237063785196,
      "q" : "1.9",
      "p" : "0.6225",
      "s" : "sell",
      "i" : "STX_USD",
      "m" : "4611686018431270822"
    }, {
      "d" : "1756458236521438843",
      "t" : 1756458236521,
      "tn" : 1756458236521438843,
      "q" : "1.9",
      "p" : "0.6225",
      "s" : "sell",
      "i" : "STX_USD",
      "m" : "4611686018431270821"
    }, {
      "d" : "1756458235962456077",
      "t" : 1756458235962,
      "tn" : 1756458235962456077,
      "q" : "1.9",
      "p" : "0.6225",
      "s" : "sell",
      "i" : "STX_USD",
      "m" : "4611686018431270820"
    }, {
      "d" : "1756458235711663316",
      "t" : 1756458235711,
      "tn" : 1756458235711663316,
      "q" : "1.9",
      "p" : "0.6225",
      "s" : "sell",
      "i" : "STX_USD",
      "m" : "4611686018431270819"
    }, {
      "d" : "1756458235460820853",
      "t" : 1756458235460,
      "tn" : 1756458235460820853,
      "q" : "1.9",
      "p" : "0.6225",
      "s" : "sell",
      "i" : "STX_USD",
      "m" : "4611686018431270818"
    }, {
      "d" : "1756458234773722872",
      "t" : 1756458234773,
      "tn" : 1756458234773722872,
      "q" : "1.9",
      "p" : "0.6225",
      "s" : "sell",
      "i" : "STX_USD",
      "m" : "4611686018431270817"
    }, {
      "d" : "1756458234522959278",
      "t" : 1756458234522,
      "tn" : 1756458234522959278,
      "q" : "1.9",
      "p" : "0.6225",
      "s" : "sell",
      "i" : "STX_USD",
      "m" : "4611686018431270816"
    }, {
      "d" : "1756458234061098393",
      "t" : 1756458234061,
      "tn" : 1756458234061098393,
      "q" : "1.9",
      "p" : "0.6225",
      "s" : "sell",
      "i" : "STX_USD",
      "m" : "4611686018431270815"
    }, {
      "d" : "1756458233520157783",
      "t" : 1756458233520,
      "tn" : 1756458233520157783,
      "q" : "1.9",
      "p" : "0.6225",
      "s" : "sell",
      "i" : "STX_USD",
      "m" : "4611686018431270814"
    }, {
      "d" : "1756458233236809511",
      "t" : 1756458233236,
      "tn" : 1756458233236809511,
      "q" : "1.9",
      "p" : "0.6225",
      "s" : "sell",
      "i" : "STX_USD",
      "m" : "4611686018431270813"
    }, {
      "d" : "1756458232986012188",
      "t" : 1756458232986,
      "tn" : 1756458232986012188,
      "q" : "1.9",
      "p" : "0.6225",
      "s" : "sell",
      "i" : "STX_USD",
      "m" : "4611686018431270812"
    }, {
      "d" : "1756458232735266707",
      "t" : 1756458232735,
      "tn" : 1756458232735266707,
      "q" : "1.9",
      "p" : "0.6225",
      "s" : "sell",
      "i" : "STX_USD",
      "m" : "4611686018431270811"
    }, {
      "d" : "1756458232484407758",
      "t" : 1756458232484,
      "tn" : 1756458232484407758,
      "q" : "1.9",
      "p" : "0.6225",
      "s" : "sell",
      "i" : "STX_USD",
      "m" : "4611686018431270810"
    }, {
      "d" : "1756458227783169730",
      "t" : 1756458227783,
      "tn" : 1756458227783169730,
      "q" : "1.9",
      "p" : "0.6225",
      "s" : "sell",
      "i" : "STX_USD",
      "m" : "4611686018431270809"
    }, {
      "d" : "1756458227532315302",
      "t" : 1756458227532,
      "tn" : 1756458227532315302,
      "q" : "1.9",
      "p" : "0.6225",
      "s" : "sell",
      "i" : "STX_USD",
      "m" : "4611686018431270808"
    }, {
      "d" : "1756458227261774333",
      "t" : 1756458227261,
      "tn" : 1756458227261774333,
      "q" : "1.9",
      "p" : "0.6225",
      "s" : "sell",
      "i" : "STX_USD",
      "m" : "4611686018431270807"
    }, {
      "d" : "1756458226521425307",
      "t" : 1756458226521,
      "tn" : 1756458226521425307,
      "q" : "1.9",
      "p" : "0.6225",
      "s" : "sell",
      "i" : "STX_USD",
      "m" : "4611686018431270806"
    }, {
      "d" : "1756458226063548853",
      "t" : 1756458226063,
      "tn" : 1756458226063548853,
      "q" : "1.9",
      "p" : "0.6225",
      "s" : "sell",
      "i" : "STX_USD",
      "m" : "4611686018431270805"
    }, {
      "d" : "1756458225652287955",
      "t" : 1756458225652,
      "tn" : 1756458225652287955,
      "q" : "1.9",
      "p" : "0.6225",
      "s" : "sell",
      "i" : "STX_USD",
      "m" : "4611686018431270804"
    }, {
      "d" : "1756458225401504464",
      "t" : 1756458225401,
      "tn" : 1756458225401504464,
      "q" : "1.9",
      "p" : "0.6225",
      "s" : "sell",
      "i" : "STX_USD",
      "m" : "4611686018431270803"
    } ]
  }
}