{
  "id" : -1,
  "method" : "public/get-trades",
  "code" : 0,
  "result" : {
    "data" : [ {
      "d" : "1756462584796733003",
      "t" : 1756462584796,
      "tn" : 1756462584796733003,
      "q" : "1.9",
      "p" : "0.6298",
      "s" : "buy",
      "i" : "STX_USDT",
      "m" : "4611686018433395551"
    }, {
      "d" : "1756462584787994073",
      "t" : 1756462584787,
      "tn" : 1756462584787994073,
      "q" : "1.9",
      "p" : "0.6301",
      "s" : "sell",
      "i" : "STX_USDT",
      "m" : "4611686018433395550"
    }, {
      "d" : "1756462584059754144",
      "t" : 1756462584059,
      "tn" : 1756462584059754144,
      "q" : "1.9",
      "p" : "0.6301",
      "s" : "sell",
      "i" : "STX_USDT",
      "m" : "4611686018433395549"
    }, {
      "d" : "1756462583959436517",
      "t" : 1756462583959,
      "tn" : 1756462583959436517,
      "q" : "1.9",
      "p" : "0.6301",
      "s" : "sell",
      "i" : "STX_USDT",
      "m" : "4611686018433395548"
    }, {
      "d" : "1756462583864215025",
      "t" : 1756462583864,
      "tn" : 1756462583864215025,
      "q" : "1.9",
      "p" : "0.6301",
      "s" : "sell",
      "i" : "STX_USDT",
      "m" : "4611686018433395547"
    }, {
      "d" : "1756462583811657630",
      "t" : 1756462583811,
      "tn" : 1756462583811657630,
      "q" : "1.9",
      "p" : "0.6301",
      "s" : "sell",
      "i" : "STX_USDT",
      "m" : "4611686018433395546"
    }, {
      "d" : "1756462583715248898",
      "t" : 1756462583715,
      "tn" : 1756462583715248898,
      "q" : "1.9",
      "p" : "0.6301",
      "s" : "sell",
      "i" : "STX_USDT",
      "m" : "4611686018433395545"
    }, {
      "d" : "1756462582910231389",
      "t" : 1756462582910,
      "tn" : 1756462582910231389,
      "q" : "1.9",
      "p" : "0.6302",
      "s" : "sell",
      "i" : "STX_USDT",
      "m" : "4611686018433395544"
    }, {
      "d" : "1756462581662542870",
      "t" : 1756462581662,
      "tn" : 1756462581662542870,
      "q" : "1.9",
      "p" : "0.6303",
      "s" : "sell",
      "i" : "STX_USDT",
      "m" : "4611686018433395543"
    }, {
      "d" : "1756462580633747307",
      "t" : 1756462580633,
      "tn" : 1756462580633747307,
      "q" : "1.9",
      "p" : "0.6304",
      "s" : "sell",
      "i" : "STX_USDT",
      "m" : "4611686018433395542"
    }, {
      "d" : "1756462527363979390",
      "t" : 1756462527363,
      "tn" : 1756462527363979390,
      "q" : "1.9",
      "p" : "0.6310",
      "s" : "sell",
      "i" : "STX_USDT",
      "m" : "4611686018433395541"
    }, {
      "d" : "1756462478645878397",
      "t" : 1756462478645,
      "tn" : 1756462478645878396,
      "q" : "104.6",
      "p" : "0.6311",
      "s" : "sell",
      "i" : "STX_USDT",
      "m" : "4611686018433395540"
    }, {
      "d" : "1756462478645878396",
      "t" : 1756462478645,
      "tn" : 1756462478645878396,
      "q" : "1.9",
      "p" : "0.6311",
      "s" : "sell",
      "i" : "STX_USDT",
      "m" : "4611686018433395540"
    }, {
      "d" : "1756462478577322051",
      "t" : 1756462478577,
      "tn" : 1756462478577322051,
      "q" : "104.6",
      "p" : "0.6310",
      "s" : "sell",
      "i" : "STX_USDT",
      "m" : "4611686018433395539"
    }, {
      "d" : "1756462478577320010",
      "t" : 1756462478577,
      "tn" : 1756462478577320009,
      "q" : "104.6",
      "p" : "0.6311",
      "s" : "sell",
      "i" : "STX_USDT",
      "m" : "4611686018433395538"
    }, {
      "d" : "1756462478577320009",
      "t" : 1756462478577,
      "tn" : 1756462478577320009,
      "q" : "1.9",
      "p" : "0.6311",
      "s" : "sell",
      "i" : "STX_USDT",
      "m" : "4611686018433395538"
    }, {
      "d" : "1756462441282060581",
      "t" : 1756462441282,
      "tn" : 1756462441282060581,
      "q" : "1.9",
      "p" : "0.6310",
      "s" : "sell",
      "i" : "STX_USDT",
      "m" : "4611686018433395537"
    }, {
      "d" : "1756462441078769268",
      "t" : 1756462441078,
      "tn" : 1756462441078769268,
      "q" : "1.9",
      "p" : "0.6310",
      "s" : "sell",
      "i" : "STX_USDT",
      "m" : "4611686018433395536"
    }, {
      "d" : "1756462433455687637",
      "t" : 1756462433455,
      "tn" : 1756462433455687637,
      "q" : "1.9",
      "p" : "0.6313",
      "s" : "sell",
      "i" : "STX_USDT",
      "m" : "4611686018433395535"
    }, {
      "d" : "1756462432128463447",
      "t" : 1756462432128,
      "tn" : 1756462432128463447,
      "q" : "1.9",
      "p" : "0.6313",
      "s" : "sell",
      "i" : "STX_USDT",
      "m" : "4611686018433395534"
    }, {
      "d" : "1756462432063560304",
      "t" : 1756462432063,
      "tn" : 1756462432063560304,
      "q" : "1.9",
      "p" : "0.6314",
      "s" : "sell",
      "i" : "STX_USDT",
      "m" : "4611686018433395533"
    }, {
      "d" : "1756462432011426101",
      "t" : 1756462432011,
      "tn" : 1756462432011426101,
      "q" : "1.9",
      "p" : "0.6314",
      "s" : "sell",
      "i" : "STX_USDT",
      "m" : "4611686018433395532"
    }, {
      "d" : "1756462431952226066",
      "t" : 1756462431952,
      "tn" : 1756462431952226066,
      "q" : "1.9",
      "p" : "0.6314",
      "s" : "sell",
      "i" : "STX_USDT",
      "m" : "4611686018433395531"
    }, {
      "d" : "1756462431907744360",
      "t" : 1756462431907,
      "tn" : 1756462431907744360,
      "q" : "1.9",
      "p" : "0.6314",
      "s" : "sell",
      "i" : "STX_USDT",
      "m" : "4611686018433395530"
    }, {
      "d" : "1756462389837299539",
      "t" : 1756462389837,
      "tn" : 1756462389837299539,
      "q" : "1.9",
      "p" : "0.6322",
      "s" : "sell",
      "i" : "STX_USDT",
      "m" : "4611686018433395529"
    }, {
      "d" : "1756462261473565018",
      "t" : 1756462261473,
      "tn" : 1756462261473565018,
      "q" : "1.9",
      "p" : "0.6321",
      "s" : "sell",
      "i" : "STX_USDT",
      "m" : "4611686018433395528"
    }, {
      "d" : "1756462260995168691",
      "t" : 1756462260995,
      "tn" : 1756462260995168691,
      "q" : "1.9",
      "p" : "0.6322",
      "s" : "sell",
      "i" : "STX_USDT",
      "m" : "4611686018433395527"
    }, {
      "d" : "1756462226113470813",
      "t" : 1756462226113,
      "tn" : 1756462226113470813,
      "q" : "1.8",
      "p" : "0.6321",
      "s" : "sell",
      "i" : "STX_USDT",
      "m" : "4611686018433395526"
    }, {
      "d" : "1756462204363027360",
      "t" : 1756462204363,
      "tn" : 1756462204363027360,
      "q" : "1.9",
      "p" : "0.6323",
      "s" : "sell",
      "i" : "STX_USDT",
      "m" : "4611686018433395525"
    }, {
      "d" : "1756462165247711775",
      "t" : 1756462165247,
      "tn" : 1756462165247711775,
      "q" : "1.9",
      "p" : "0.6321",
      "s" : "sell",
      "i" : "STX_USDT",
      "m" : "4611686018433395524"
    }, {
      "d" : "1756462158846009709",
      "t" : 1756462158846,
      "tn" : 1756462158846009709,
      "q" : "1.9",
      "p" : "0.6321",
      "s" : "sell",
      "i" : "STX_USDT",
      "m" : "4611686018433395523"
    }, {
      "d" : "1756462158803306338",
      "t" : 1756462158803,
      "tn" : 1756462158803306338,
      "q" : "1.9",
      "p" : "0.6321",
      "s" : "sell",
      "i" : "STX_USDT",
      "m" : "4611686018433395522"
    }, {
      "d" : "1756462156253958766",
      "t" : 1756462156253,
      "tn" : 1756462156253958766,
      "q" : "1.9",
      "p" : "0.6324",
      "s" : "sell",
      "i" : "STX_USDT",
      "m" : "4611686018433395521"
    }, {
      "d" : "1756462155627980485",
      "t" : 1756462155627,
      "tn" : 1756462155627980485,
      "q" : "1.9",
      "p" : "0.6324",
      "s" : "sell",
      "i" : "STX_USDT",
      "m" : "4611686018433395520"
    }, {
      "d" : "1756462155197147765",
      "t" : 1756462155197,
      "tn" : 1756462155197147765,
      "q" : "1.9",
      "p" : "0.6324",
      "s" : "sell",
      "i" : "STX_USDT",
      "m" : "4611686018433395519"
    }, {
      "d" : "1756462154772091207",
      "t" : 1756462154772,
      "tn" : 1756462154772091207,
      "q" : "1.9",
      "p" : "0.6324",
      "s" : "sell",
      "i" : "STX_USDT",
      "m" : "4611686018433395518"
    }, {
      "d" : "1756462153733520687",
      "t" : 1756462153733,
      "tn" : 1756462153733520687,
      "q" : "1.9",
      "p" : "0.6324",
      "s" : "sell",
      "i" : "STX_USDT",
      "m" : "4611686018433395517"
    }, {
      "d" : "1756462060805761750",
      "t" : 1756462060805,
      "tn" : 1756462060805761750,
      "q" : "18.0",
      "p" : "0.6319",
      "s" : "buy",
      "i" : "STX_USDT",
      "m" : "4611686018433395516"
    }, {
      "d" : "1756462060801188514",
      "t" : 1756462060801,
      "tn" : 1756462060801188514,
      "q" : "18.0",
      "p" : "0.6319",
      "s" : "buy",
      "i" : "STX_USDT",
      "m" : "4611686018433395515"
    }, {
      "d" : "1756461997349101996",
      "t" : 1756461997349,
      "tn" : 1756461997349101996,
      "q" : "1.9",
      "p" : "0.6314",
      "s" : "sell",
      "i" : "STX_USDT",
      "m" : "4611686018433395514"
    }, {
      "d" : "1756461866148757168",
      "t" : 1756461866148,
      "tn" : 1756461866148757168,
      "q" : "1.9",
      "p" : "0.6301",
      "s" : "sell",
      "i" : "STX_USDT",
      "m" : "4611686018433395513"
    }, {
      "d" : "1756461844266845568",
      "t" : 1756461844266,
      "tn" : 1756461844266845568,
      "q" : "1.9",
      "p" : "0.6301",
      "s" : "sell",
      "i" : "STX_USDT",
      "m" : "4611686018433395512"
    }, {
      "d" : "1756461843217982880",
      "t" : 1756461843217,
      "tn" : 1756461843217982880,
      "q" : "1.9",
      "p" : "0.6302",
      "s" : "sell",
      "i" : "STX_USDT",
      "m" : "4611686018433395511"
    }, {
      "d" : "1756461841436521039",
      "t" : 1756461841436,
      "tn" : 1756461841436521039,
      "q" : "1.9",
      "p" : "0.6302",
      "s" : "sell",
      "i" : "STX_USDT",
      "m" : "4611686018433395510"
    }, {
      "d" : "1756461816731007361",
      "t" : 1756461816731,
      "tn" : 1756461816731007361,
      "q" : "1.9",
      "p" : "0.6301",
      "s" : "sell",
      "i" : "STX_USDT",
      "m" : "4611686018433395509"
    }, {
      "d" : "1756461681114938982",
      "t" : 1756461681114,
      "tn" : 1756461681114938982,
      "q" : "1.9",
      "p" : "0.6291",
      "s" : "sell",
      "i" : "STX_USDT",
      "m" : "4611686018433395508"
    }, {
      "d" : "1756461679246383140",
      "t" : 1756461679246,
      "tn" : 1756461679246383140,
      "q" : "1.9",
      "p" : "0.6292",
      "s" : "sell",
      "i" : "STX_USDT",
      "m" : "4611686018433395507"
    }, {
      "d" : "1756461678679898538",
      "t" : 1756461678679,
      "tn" : 1756461678679898538,
      "q" : "1.9",
      "p" : "0.6292",
      "s" : "sell",
      "i" : "STX_USDT",
      "m" : "4611686018433395506"
    }, {
      "d" : "1756461678639798282",
      "t" : 1756461678639,
      "tn" : 1756461678639798282,
      "q" : "1.9",
      "p" : "0.6292",
      "s" : "sell",
      "i" : "STX_USDT",
      "m" : "4611686018433395505"
    }, {
      "d" : "1756461678609689655",
      "t" : 1756461678609,
      "tn" : 1756461678609689655,
      "q" : "1.9",
      "p" : "0.6292",
      "s" : "sell",
      "i" : "STX_USDT",
      "m" : "4611686018433395504"
    }, {
      "d" : "1756461678582091082",
      "t" : 1756461678582,
      "tn" : 1756461678582091082,
      "q" : "1.9",
      "p" : "0.6292",
      "s" : "sell",
      "i" : "STX_USDT",
      "m" : "4611686018433395503"
    }, {
      "d" : "1756461678542540095",
      "t" : 1756461678542,
      "tn" : 1756461678542540095,
      "q" : "1.9",
      "p" : "0.6292",
      "s" : "sell",
      "i" : "STX_USDT",
      "m" : "4611686018433395502"
    }, {
      "d" : "1756461678348159301",
      "t" : 1756461678348,
      "tn" : 1756461678348159301,
      "q" : "1.9",
      "p" : "0.6293",
      "s" : "sell",
      "i" : "STX_USDT",
      "m" : "4611686018433395501"
    }, {
      "d" : "1756461650652151247",
      "t" : 1756461650652,
      "tn" : 1756461650652151247,
      "q" : "0.6",
      "p" : "0.6291",
      "s" : "sell",
      "i" : "STX_USDT",
      "m" : "4611686018433395500"
    }, {
      "d" : "1756461650652149505",
      "t" : 1756461650652,
      "tn" : 1756461650652149505,
      "q" : "1.9",
      "p" : "0.6292",
      "s" : "sell",
      "i" : "STX_USDT",
      "m" : "4611686018433395499"
    }, {
      "d" : "1756461604539225895",
      "t" : 1756461604539,
      "tn" : 1756461604539225895,
      "q" : "1.9",
      "p" : "0.6284",
      "s" : "sell",
      "i" : "STX_USDT",
      "m" : "4611686018433395498"
    }, {
      "d" : "1756461604464073220",
      "t" : 1756461604464,
      "tn" : 1756461604464073220,
      "q" : "1.9",
      "p" : "0.6284",
      "s" : "sell",
      "i" : "STX_USDT",
      "m" : "4611686018433395497"
    }, {
      "d" : "1756461604448903879",
      "t" : 1756461604448,
      "tn" : 1756461604448903879,
      "q" : "1.9",
      "p" : "0.6284",
      "s" : "sell",
      "i" : "STX_USDT",
      "m" : "4611686018433395496"
    }, {
      "d" : "1756461604439147507",
      "t" : 1756461604439,
      "tn" : 1756461604439147507,
      "q" : "1.9",
      "p" : "0.6284",
      "s" : "sell",
      "i" : "STX_USDT",
      "m" : "4611686018433395495"
    }, {
      "d" : "1756461576563140920",
      "t" : 1756461576563,
      "tn" : 1756461576563140920,
      "q" : "1.9",
      "p" : "0.6294",
      "s" : "sell",
      "i" : "STX_USDT",
      "m" : "4611686018433395494"
    }, {
      "d" : "1756461576522153645",
      "t" : 1756461576522,
      "tn" : 1756461576522153645,
      "q" : "1.9",
      "p" : "0.6294",
      "s" : "sell",
      "i" : "STX_USDT",
      "m" : "4611686018433395493"
    }, {
      "d" : "1756461576426219845",
      "t" : 1756461576426,
      "tn" : 1756461576426219845,
      "q" : "1.9",
      "p" : "0.6294",
      "s" : "sell",
      "i" : "STX_USDT",
      "m" : "4611686018433395492"
    }, {
      "d" : "1756461576417273423",
      "t" : 1756461576417,
      "tn" : 1756461576417273423,
      "q" : "1.9",
      "p" : "0.6294",
      "s" : "sell",
      "i" : "STX_USDT",
      "m" : "4611686018433395491"
    }, {
      "d" : "1756461576095433516",
      "t" : 1756461576095,
      "tn" : 1756461576095433516,
      "q" : "1.9",
      "p" : "0.6294",
      "s" : "sell",
      "i" : "STX_USDT",
      "m" : "4611686018433395490"
    }, {
      "d" : "1756461575519636875",
      "t" : 1756461575519,
      "tn" : 1756461575519636875,
      "q" : "1.9",
      "p" : "0.6294",
      "s" : "sell",
      "i" : "STX_USDT",
      "m" : "4611686018433395489"
    }, {
      "d" : "1756461574521199690",
      "t" : 1756461574521,
      "tn" : 1756461574521199690,
      "q" : "1.9",
      "p" : "0.6294",
      "s" : "sell",
      "i" : "STX_USDT",
      "m" : "4611686018433395488"
    }, {
      "d" : "1756461573559387615",
      "t" : 1756461573559,
      "tn" : 1756461573559387615,
      "q" : "1.9",
      "p" : "0.6294",
      "s" : "sell",
      "i" : "STX_USDT",
      "m" : "4611686018433395487"
    }, {
      "d" : "1756461573519040765",
      "t" : 1756461573519,
      "tn" : 1756461573519040765,
      "q" : "1.9",
      "p" : "0.6294",
      "s" : "sell",
      "i" : "STX_USDT",
      "m" : "4611686018433395486"
    }, {
      "d" : "1756461573283188551",
      "t" : 1756461573283,
      "tn" : 1756461573283188551,
      "q" : "1.9",
      "p" : "0.6294",
      "s" : "sell",
      "i" : "STX_USDT",
      "m" : "4611686018433395485"
    }, {
      "d" : "1756461568139000620",
      "t" : 1756461568139,
      "tn" : 1756461568139000620,
      "q" : "1.9",
      "p" : "0.6294",
      "s" : "sell",
      "i" : "STX_USDT",
      "m" : "4611686018433395484"
    }, {
      "d" : "1756461567747393363",
      "t" : 1756461567747,
      "tn" : 1756461567747393363,
      "q" : "1.9",
      "p" : "0.6294",
      "s" : "sell",
      "i" : "STX_USDT",
      "m" : "4611686018433395483"
    }, {
      "d" : "1756461567261464709",
      "t" : 1756461567261,
      "tn" : 1756461567261464709,
      "q" : "1.9",
      "p" : "0.6294",
      "s" : "sell",
      "i" : "STX_USDT",
      "m" : "4611686018433395482"
    }, {
      "d" : "1756461558277579390",
      "t" : 1756461558277,
      "tn" : 1756461558277579390,
      "q" : "1.9",
      "p" : "0.6294",
      "s" : "sell",
      "i" : "STX_USDT",
      "m" : "4611686018433395481"
    }, {
      "d" : "1756461557366148125",
      "t" : 1756461557366,
      "tn" : 1756461557366148125,
      "q" : "1.9",
      "p" : "0.6294",
      "s" : "sell",
      "i" : "STX_USDT",
      "m" : "4611686018433395480"
    }, {
      "d" : "1756461557294970173",
      "t" : 1756461557294,
      "tn" : 1756461557294970173,
      "q" : "1.9",
      "p" : "0.6294",
      "s" : "sell",
      "i" : "STX_USDT",
      "m" : "4611686018433395479"
    }, {
      "d" : "1756461556782543423",
      "t" : 1756461556782,
      "tn" : 1756461556782543423,
      "q" : "1.9",
      "p" : "0.6294",
      "s" : "sell",
      "i" : "STX_USDT",
      "m" : "4611686018433395478"
    }, {
      "d" : "1756461555546274209",
      "t" : 1756461555546,
      "tn" : 1756461555546274209,
      "q" : "1.9",
      "p" : "0.6294",
      "s" : "sell",
      "i" : "STX_USDT",
      "m" : "4611686018433395477"
    }, {
      "d" : "1756461551890031970",
      "t" : 1756461551890,
      "tn" : 1756461551890031970,
      "q" : "1.9",
      "p" : "0.6294",
      "s" : "sell",
      "i" : "STX_USDT",
      "m" : "4611686018433395476"
    }, {
      "d" : "1756461548538256403",
      "t" : 1756461548538,
      "tn" : 1756461548538256403,
      "q" : "1.9",
      "p" : "0.6294",
      "s" : "sell",
      "i" : "STX_USDT",
      "m" : "4611686018433395475"
    }, {
      "d" : "1756461544860551925",
      "t" : 1756461544860,
      "tn" : 1756461544860551925,
      "q" : "1.9",
      "p" : "0.6294",
      "s" : "sell",
      "i" : "STX_USDT",
      "m" : "4611686018433395474"
    }, {
      "d" : "1756461544790397194",
      "t" : 1756461544790,
      "tn" : 1756461544790397194,
      "q" : "1.9",
      "p" : "0.6294",
      "s" : "sell",
      "i" : "STX_USDT",
      "m" : "4611686018433395473"
    }, {
      "d" : "1756461544559687288",
      "t" : 1756461544559,
      "tn" : 1756461544559687288,
      "q" : "1.9",
      "p" : "0.6294",
      "s" : "sell",
      "i" : "STX_USDT",
      "m" : "4611686018433395472"
    }, {
      "d" : "1756461544519656979",
      "t" : 1756461544519,
      "tn" : 1756461544519656979,
      "q" : "1.9",
      "p" : "0.6294",
      "s" : "sell",
      "i" : "STX_USDT",
      "m" : "4611686018433395471"
    }, {
      "d" : "1756461544459532724",
      "t" : 1756461544459,
      "tn" : 1756461544459532724,
      "q" : "1.9",
      "p" : "0.6294",
      "s" : "sell",
      "i" : "STX_USDT",
      "m" : "4611686018433395470"
    }, {
      "d" : "1756461544379044932",
      "t" : 1756461544379,
      "tn" : 1756461544379044932,
      "q" : "1.9",
      "p" : "0.6294",
      "s" : "sell",
      "i" : "STX_USDT",
      "m" : "4611686018433395469"
    }, {
      "d" : "1756461544359039880",
      "t" : 1756461544359,
      "tn" : 1756461544359039880,
      "q" : "1.9",
      "p" : "0.6294",
      "s" : "sell",
      "i" : "STX_USDT",
      "m" : "4611686018433395468"
    }, {
      "d" : "1756461544322628904",
      "t" : 1756461544322,
      "tn" : 1756461544322628904,
      "q" : "1.9",
      "p" : "0.6294",
      "s" : "sell",
      "i" : "STX_USDT",
      "m" : "4611686018433395467"
    }, {
      "d" : "1756461543643841673",
      "t" : 1756461543643,
      "tn" : 1756461543643841673,
      "q" : "1.9",
      "p" : "0.6294",
      "s" : "sell",
      "i" : "STX_USDT",
      "m" : "4611686018433395466"
    }, {
      "d" : "1756461543466720114",
      "t" : 1756461543466,
      "tn" : 1756461543466720114,
      "q" : "1.9",
      "p" : "0.6294",
      "s" : "sell",
      "i" : "STX_USDT",
      "m" : "4611686018433395465"
    }, {
      "d" : "1756461542724324034",
      "t" : 1756461542724,
      "tn" : 1756461542724324034,
      "q" : "1.9",
      "p" : "0.6294",
      "s" : "sell",
      "i" : "STX_USDT",
      "m" : "4611686018433395464"
    }, {
      "d" : "1756461541242841450",
      "t" : 1756461541242,
      "tn" : 1756461541242841450,
      "q" : "31.8",
      "p" : "0.6292",
      "s" : "sell",
      "i" : "STX_USDT",
      "m" : "4611686018433395463"
    }, {
      "d" : "1756461541242839159",
      "t" : 1756461541242,
      "tn" : 1756461541242839159,
      "q" : "1.9",
      "p" : "0.6294",
      "s" : "sell",
      "i" : "STX_USDT",
      "m" : "4611686018433395462"
    }, {
      "d" : "1756461541231143600",
      "t" : 1756461541231,
      "tn" : 1756461541231143600,
      "q" : "1.9",
      "p" : "0.6294",
      "s" : "sell",
      "i" : "STX_USDT",
      "m" : "4611686018433395461"
    }, {
      "d" : "1756461541218631380",
      "t" : 1756461541218,
      "tn" : 1756461541218631380,
      "q" : "1.9",
      "p" : "0.6294",
      "s" : "sell",
      "i" : "STX_USDT",
      "m" : "4611686018433395460"
    }, {
      "d" : "1756461527381952960",
      "t" : 1756461527381,
      "tn" : 1756461527381952960,
      "q" : "1.9",
      "p" : "0.6293",
      "s" : "sell",
      "i" : "STX_USDT",
      "m" : "4611686018433395459"
    }, {
      "d" : "1756461527309666555",
      "t" : 1756461527309,
      "tn" : 1756461527309666555,
      "q" : "1.9",
      "p" : "0.6293",
      "s" : "sell",
      "i" : "STX_USDT",
      "m" : "4611686018433395458"
    }, {
      "d" : "1756461527300735131",
      "t" : 1756461527300,
      "tn" : 1756461527300735131,
      "q" : "1.9",
      "p" : "0.6293",
      "s" : "sell",
      "i" : "STX_USDT",
      "m" : "4611686018433395457"
    }, {
      "d" : "1756461515806031699",
      "t" : 1756461515806,
      "tn" : 1756461515806031699,
      "q" : "1.8",
      "p" : "0.6294",
      "s" : "sell",
      "i" : "STX_USDT",
      "m" : "4611686018433395456"
    }, {
      "d" : "1756461499361636165",
      "t" : 1756461499361,
      "tn" : 1756461499361636165,
      "q" : "1.9",
      "p" : "0.6294",
      "s" : "sell",
      "i" : "STX_USDT",
      "m" : "4611686018433395455"
    }, {
      "d" : "1756461498852427339",
      "t" : 1756461498852,
      "tn" : 1756461498852427339,
      "q" : "1.9",
      "p" : "0.6294",
      "s" : "sell",
      "i" : "STX_USDT",
      "m" : "4611686018433395454"
    }, {
      "d" : "1756461487148285495",
      "t" : 1756461487148,
      "tn" : 1756461487148285494,
      "q" : "104.6",
      "p" : "0.6295",
      "s" : "buy",
      "i" : "STX_USDT",
      "m" : "4611686018433395453"
    }, {
      "d" : "1756461487148285494",
      "t" : 1756461487148,
      "tn" : 1756461487148285494,
      "q" : "1.9",
      "p" : "0.6295",
      "s" : "buy",
      "i" : "STX_USDT",
      "m" : "4611686018433395453"
    }, {
      "d" : "1756461429120624129",
      "t" : 1756461429120,
      "tn" : 1756461429120624129,
      "q" : "1.9",
      "p" : "0.6292",
      "s" : "sell",
      "i" : "STX_USDT",
      "m" : "4611686018433395452"
    }, {
      "d" : "1756461325560611734",
      "t" : 1756461325560,
      "tn" : 1756461325560611734,
      "q" : "104.6",
      "p" : "0.6285",
      "s" : "sell",
      "i" : "STX_USDT",
      "m" : "4611686018433395451"
    }, {
      "d" : "1756461244483766366",
      "t" : 1756461244483,
      "tn" : 1756461244483766366,
      "q" : "104.6",
      "p" : "0.6285",
      "s" : "sell",
      "i" : "STX_USDT",
      "m" : "4611686018433395450"
    }, {
      "d" : "1756461026198417981",
      "t" : 1756461026198,
      "tn" : 1756461026198417981,
      "q" : "1.9",
      "p" : "0.6291",
      "s" : "sell",
      "i" : "STX_USDT",
      "m" : "4611686018433395449"
    }, {
      "d" : "1756461012690407494",
      "t" : 1756461012690,
      "tn" : 1756461012690407494,
      "q" : "1.9",
      "p" : "0.6294",
      "s" : "sell",
      "i" : "STX_USDT",
      "m" : "4611686018433395448"
    }, {
      "d" : "1756460945370988290",
      "t" : 1756460945370,
      "tn" : 1756460945370988290,
      "q" : "1.9",
      "p" : "0.6294",
      "s" : "sell",
      "i" : "STX_USDT",
      "m" : "4611686018433395447"
    }, {
      "d" : "1756460852519403714",
      "t" : 1756460852519,
      "tn" : 1756460852519403714,
      "q" : "1.9",
      "p" : "0.6291",
      "s" : "sell",
      "i" : "STX_USDT",
      "m" : "4611686018433395446"
    }, {
      "d" : "1756460851052894116",
      "t" : 1756460851052,
      "tn" : 1756460851052894116,
      "q" : "1.9",
      "p" : "0.6294",
      "s" : "sell",
      "i" : "STX_USDT",
      "m" : "4611686018433395445"
    }, {
      "d" : "1756460845226875222",
      "t" : 1756460845226,
      "tn" : 1756460845226875222,
      "q" : "1.9",
      "p" : "0.6291",
      "s" : "sell",
      "i" : "STX_USDT",
      "m" : "4611686018433395444"
    }, {
      "d" : "1756460844133293541",
      "t" : 1756460844133,
      "tn" : 1756460844133293541,
      "q" : "1.9",
      "p" : "0.6292",
      "s" : "sell",
      "i" : "STX_USDT",
      "m" : "4611686018433395443"
    }, {
      "d" : "1756460841659896865",
      "t" : 1756460841659,
      "tn" : 1756460841659896865,
      "q" : "1.9",
      "p" : "0.6293",
      "s" : "sell",
      "i" : "STX_USDT",
      "m" : "4611686018433395442"
    }, {
      "d" : "1756460841519658378",
      "t" : 1756460841519,
      "tn" : 1756460841519658378,
      "q" : "1.9",
      "p" : "0.6293",
      "s" : "sell",
      "i" : "STX_USDT",
      "m" : "4611686018433395441"
    }, {
      "d" : "1756460803485002186",
      "t" : 1756460803485,
      "tn" : 1756460803485002186,
      "q" : "1.9",
      "p" : "0.6292",
      "s" : "sell",
      "i" : "STX_USDT",
      "m" : "4611686018433395440"
    }, {
      "d" : "1756460799857558672",
      "t" : 1756460799857,
      "tn" : 1756460799857558672,
      "q" : "1.9",
      "p" : "0.6293",
      "s" : "sell",
      "i" : "STX_USDT",
      "m" : "4611686018433395439"
    }, {
      "d" : "1756460782762217504",
      "t" : 1756460782762,
      "tn" : 1756460782762217504,
      "q" : "1.9",
      "p" : "0.6292",
      "s" : "sell",
      "i" : "STX_USDT",
      "m" : "4611686018433395438"
    }, {
      "d" : "1756460782660880886",
      "t" : 1756460782660,
      "tn" : 1756460782660880886,
      "q" : "1.9",
      "p" : "0.6292",
      "s" : "sell",
      "i" : "STX_USDT",
      "m" : "4611686018433395437"
    }, {
      "d" : "1756460782521588534",
      "t" : 1756460782521,
      "tn" : 1756460782521588534,
      "q" : "1.9",
      "p" : "0.6292",
      "s" : "sell",
      "i" : "STX_USDT",
      "m" : "4611686018433395436"
    }, {
      "d" : "1756460781411636229",
      "t" : 1756460781411,
      "tn" : 1756460781411636229,
      "q" : "1.9",
      "p" : "0.6291",
      "s" : "sell",
      "i" : "STX_USDT",
      "m" : "4611686018433395435"
    }, {
      "d" : "1756460781411634498",
      "t" : 1756460781411,
      "tn" : 1756460781411634498,
      "q" : "1.9",
      "p" : "0.6292",
      "s" : "sell",
      "i" : "STX_USDT",
      "m" : "4611686018433395434"
    }, {
      "d" : "1756460781378996669",
      "t" : 1756460781378,
      "tn" : 1756460781378996669,
      "q" : "1.9",
      "p" : "0.6292",
      "s" : "sell",
      "i" : "STX_USDT",
      "m" : "4611686018433395433"
    }, {
      "d" : "1756460781374497310",
      "t" : 1756460781374,
      "tn" : 1756460781374497310,
      "q" : "102.7",
      "p" : "0.6291",
      "s" : "sell",
      "i" : "STX_USDT",
      "m" : "4611686018433395432"
    }, {
      "d" : "1756460781374495576",
      "t" : 1756460781374,
      "tn" : 1756460781374495576,
      "q" : "1.9",
      "p" : "0.6292",
      "s" : "sell",
      "i" : "STX_USDT",
      "m" : "4611686018433395431"
    }, {
      "d" : "1756460732557877944",
      "t" : 1756460732557,
      "tn" : 1756460732557877944,
      "q" : "1.9",
      "p" : "0.6282",
      "s" : "sell",
      "i" : "STX_USDT",
      "m" : "4611686018433395430"
    }, {
      "d" : "1756460685235335700",
      "t" : 1756460685235,
      "tn" : 1756460685235335700,
      "q" : "104.6",
      "p" : "0.6280",
      "s" : "sell",
      "i" : "STX_USDT",
      "m" : "4611686018433395429"
    }, {
      "d" : "1756460685235333725",
      "t" : 1756460685235,
      "tn" : 1756460685235333725,
      "q" : "1.9",
      "p" : "0.6281",
      "s" : "sell",
      "i" : "STX_USDT",
      "m" : "4611686018433395428"
    }, {
      "d" : "1756460678155091375",
      "t" : 1756460678155,
      "tn" : 1756460678155091375,
      "q" : "1.9",
      "p" : "0.6280",
      "s" : "sell",
      "i" : "STX_USDT",
      "m" : "4611686018433395427"
    }, {
      "d" : "1756460670481283995",
      "t" : 1756460670481,
      "tn" : 1756460670481283995,
      "q" : "1.9",
      "p" : "0.6281",
      "s" : "sell",
      "i" : "STX_USDT",
      "m" : "4611686018433395426"
    }, {
      "d" : "1756460669396729112",
      "t" : 1756460669396,
      "tn" : 1756460669396729112,
      "q" : "1.9",
      "p" : "0.6282",
      "s" : "sell",
      "i" : "STX_USDT",
      "m" : "4611686018433395425"
    }, {
      "d" : "1756460643176946064",
      "t" : 1756460643176,
      "tn" : 1756460643176946064,
      "q" : "1.9",
      "p" : "0.6283",
      "s" : "sell",
      "i" : "STX_USDT",
      "m" : "4611686018433395424"
    }, {
      "d" : "1756460640804914303",
      "t" : 1756460640804,
      "tn" : 1756460640804914303,
      "q" : "1.9",
      "p" : "0.6281",
      "s" : "sell",
      "i" : "STX_USDT",
      "m" : "4611686018433395423"
    }, {
      "d" : "1756460640798321163",
      "t" : 1756460640798,
      "tn" : 1756460640798321163,
      "q" : "1.9",
      "p" : "0.6281",
      "s" : "sell",
      "i" : "STX_USDT",
      "m" : "4611686018433395422"
    }, {
      "d" : "1756460630325883050",
      "t" : 1756460630325,
      "tn" : 1756460630325883050,
      "q" : "1.9",
      "p" : "0.6281",
      "s" : "sell",
      "i" : "STX_USDT",
      "m" : "4611686018433395421"
    }, {
      "d" : "1756460627918990911",
      "t" : 1756460627918,
      "tn" : 1756460627918990911,
      "q" : "1.9",
      "p" : "0.6283",
      "s" : "sell",
      "i" : "STX_USDT",
      "m" : "4611686018433395420"
    }, {
      "d" : "1756460627833041855",
      "t" : 1756460627833,
      "tn" : 1756460627833041855,
      "q" : "1.9",
      "p" : "0.6283",
      "s" : "sell",
      "i" : "STX_USDT",
      "m" : "4611686018433395419"
    }, {
      "d" : "1756460572788883900",
      "t" : 1756460572788,
      "tn" : 1756460572788883900,
      "q" : "31.8",
      "p" : "0.6278",
      "s" : "buy",
      "i" : "STX_USDT",
      "m" : "4611686018433395418"
    }, {
      "d" : "1756460572776173017",
      "t" : 1756460572776,
      "tn" : 1756460572776173017,
      "q" : "31.8",
      "p" : "0.6278",
      "s" : "buy",
      "i" : "STX_USDT",
      "m" : "4611686018433395417"
    }, {
      "d" : "1756460572609210200",
      "t" : 1756460572609,
      "tn" : 1756460572609210200,
      "q" : "31.8",
      "p" : "0.6278",
      "s" : "buy",
      "i" : "STX_USDT",
      "m" : "4611686018433395416"
    }, {
      "d" : "1756460572597647213",
      "t" : 1756460572597,
      "tn" : 1756460572597647213,
      "q" : "31.8",
      "p" : "0.6278",
      "s" : "buy",
      "i" : "STX_USDT",
      "m" : "4611686018433395415"
    }, {
      "d" : "1756460572370453217",
      "t" : 1756460572370,
      "tn" : 1756460572370453217,
      "q" : "1.9",
      "p" : "0.6284",
      "s" : "sell",
      "i" : "STX_USDT",
      "m" : "4611686018433395414"
    }, {
      "d" : "1756460567760907379",
      "t" : 1756460567760,
      "tn" : 1756460567760907379,
      "q" : "1.9",
      "p" : "0.6284",
      "s" : "sell",
      "i" : "STX_USDT",
      "m" : "4611686018433395413"
    }, {
      "d" : "1756460567521255855",
      "t" : 1756460567521,
      "tn" : 1756460567521255855,
      "q" : "1.9",
      "p" : "0.6284",
      "s" : "sell",
      "i" : "STX_USDT",
      "m" : "4611686018433395412"
    }, {
      "d" : "1756460566519464258",
      "t" : 1756460566519,
      "tn" : 1756460566519464258,
      "q" : "1.9",
      "p" : "0.6284",
      "s" : "sell",
      "i" : "STX_USDT",
      "m" : "4611686018433395411"
    }, {
      "d" : "1756460565521810958",
      "t" : 1756460565521,
      "tn" : 1756460565521810958,
      "q" : "1.9",
      "p" : "0.6284",
      "s" : "sell",
      "i" : "STX_USDT",
      "m" : "4611686018433395410"
    }, {
      "d" : "1756460564518912572",
      "t" : 1756460564518,
      "tn" : 1756460564518912572,
      "q" : "1.9",
      "p" : "0.6284",
      "s" : "sell",
      "i" : "STX_USDT",
      "m" : "4611686018433395409"
    }, {
      "d" : "1756460564362499643",
      "t" : 1756460564362,
      "tn" : 1756460564362499643,
      "q" : "1.9",
      "p" : "0.6284",
      "s" : "sell",
      "i" : "STX_USDT",
      "m" : "4611686018433395408"
    }, {
      "d" : "1756460564280767628",
      "t" : 1756460564280,
      "tn" : 1756460564280767628,
      "q" : "1.9",
      "p" : "0.6284",
      "s" : "sell",
      "i" : "STX_USDT",
      "m" : "4611686018433395407"
    }, {
      "d" : "1756460564160823388",
      "t" : 1756460564160,
      "tn" : 1756460564160823388,
      "q" : "1.9",
      "p" : "0.6284",
      "s" : "sell",
      "i" : "STX_USDT",
      "m" : "4611686018433395406"
    }, {
      "d" : "1756460563661105026",
      "t" : 1756460563661,
      "tn" : 1756460563661105026,
      "q" : "1.9",
      "p" : "0.6284",
      "s" : "sell",
      "i" : "STX_USDT",
      "m" : "4611686018433395405"
    } ]
  }
}