{
  "id" : -1,
  "method" : "public/get-trades",
  "code" : 0,
  "result" : {
    "data" : [ {
      "d" : "1756458829355439229",
      "t" : 1756458829355,
      "tn" : 1756458829355439229,
      "q" : "1",
      "p" : "0.6246",
      "s" : "buy",
      "i" : "STXUSD-PERP",
      "m" : "4611686018429341217"
    }, {
      "d" : "1756458826436119712",
      "t" : 1756458826436,
      "tn" : 1756458826436119712,
      "q" : "1",
      "p" : "0.6247",
      "s" : "buy",
      "i" : "STXUSD-PERP",
      "m" : "4611686018429341216"
    }, {
      "d" : "1756458821330176857",
      "t" : 1756458821330,
      "tn" : 1756458821330176857,
      "q" : "1",
      "p" : "0.6247",
      "s" : "buy",
      "i" : "STXUSD-PERP",
      "m" : "4611686018429341215"
    }, {
      "d" : "1756458818410465933",
      "t" : 1756458818410,
      "tn" : 1756458818410465933,
      "q" : "1",
      "p" : "0.6247",
      "s" : "buy",
      "i" : "STXUSD-PERP",
      "m" : "4611686018429341214"
    }, {
      "d" : "1756458653667186953",
      "t" : 1756458653667,
      "tn" : 1756458653667186953,
      "q" : "1",
      "p" : "0.6239",
      "s" : "buy",
      "i" : "STXUSD-PERP",
      "m" : "4611686018429341213"
    }, {
      "d" : "1756458653666382977",
      "t" : 1756458653666,
      "tn" : 1756458653666382977,
      "q" : "1",
      "p" : "0.6238",
      "s" : "buy",
      "i" : "STXUSD-PERP",
      "m" : "4611686018429341212"
    }, {
      "d" : "1756458637511956596",
      "t" : 1756458637511,
      "tn" : 1756458637511956596,
      "q" : "1",
      "p" : "0.6237",
      "s" : "buy",
      "i" : "STXUSD-PERP",
      "m" : "4611686018429341211"
    }, {
      "d" : "1756458636502615215",
      "t" : 1756458636502,
      "tn" : 1756458636502615215,
      "q" : "1",
      "p" : "0.6237",
      "s" : "buy",
      "i" : "STXUSD-PERP",
      "m" : "4611686018429341210"
    }, {
      "d" : "1756458105742661172",
      "t" : 1756458105742,
      "tn" : 1756458105742661172,
      "q" : "1",
      "p" : "0.6235",
      "s" : "buy",
      "i" : "STXUSD-PERP",
      "m" : "4611686018429341209"
    }, {
      "d" : "1756457745173345786",
      "t" : 1756457745173,
      "tn" : 1756457745173345786,
      "q" : "1",
      "p" : "0.6252",
      "s" : "sell",
      "i" : "STXUSD-PERP",
      "m" : "4611686018429341208"
    }, {
      "d" : "1756455851681868009",
      "t" : 1756455851681,
      "tn" : 1756455851681868009,
      "q" : "1",
      "p" : "0.6287",
      "s" : "buy",
      "i" : "STXUSD-PERP",
      "m" : "4611686018429341207"
    }, {
      "d" : "1756455851561700473",
      "t" : 1756455851561,
      "tn" : 1756455851561700473,
      "q" : "1",
      "p" : "0.6286",
      "s" : "buy",
      "i" : "STXUSD-PERP",
      "m" : "4611686018429341206"
    }, {
      "d" : "1756455839510795524",
      "t" : 1756455839510,
      "tn" : 1756455839510795524,
      "q" : "1",
      "p" : "0.6286",
      "s" : "buy",
      "i" : "STXUSD-PERP",
      "m" : "4611686018429341205"
    }, {
      "d" : "1756455836243816917",
      "t" : 1756455836243,
      "tn" : 1756455836243816917,
      "q" : "1",
      "p" : "0.6287",
      "s" : "buy",
      "i" : "STXUSD-PERP",
      "m" : "4611686018429341204"
    }, {
      "d" : "1756455826252067957",
      "t" : 1756455826252,
      "tn" : 1756455826252067957,
      "q" : "1",
      "p" : "0.6290",
      "s" : "buy",
      "i" : "STXUSD-PERP",
      "m" : "4611686018429341203"
    }, {
      "d" : "1756455826250671567",
      "t" : 1756455826250,
      "tn" : 1756455826250671567,
      "q" : "1",
      "p" : "0.6289",
      "s" : "buy",
      "i" : "STXUSD-PERP",
      "m" : "4611686018429341202"
    }, {
      "d" : "1756455792972716596",
      "t" : 1756455792972,
      "tn" : 1756455792972716596,
      "q" : "1",
      "p" : "0.6288",
      "s" : "buy",
      "i" : "STXUSD-PERP",
      "m" : "4611686018429341201"
    }, {
      "d" : "1756455790272882423",
      "t" : 1756455790272,
      "tn" : 1756455790272882423,
      "q" : "1",
      "p" : "0.6288",
      "s" : "buy",
      "i" : "STXUSD-PERP",
      "m" : "4611686018429341200"
    }, {
      "d" : "1756455784955459803",
      "t" : 1756455784955,
      "tn" : 1756455784955459803,
      "q" : "1",
      "p" : "0.6289",
      "s" : "buy",
      "i" : "STXUSD-PERP",
      "m" : "4611686018429341199"
    }, {
      "d" : "1756455782235250969",
      "t" : 1756455782235,
      "tn" : 1756455782235250969,
      "q" : "1",
      "p" : "0.6288",
      "s" : "buy",
      "i" : "STXUSD-PERP",
      "m" : "4611686018429341198"
    }, {
      "d" : "1756455776940825949",
      "t" : 1756455776940,
      "tn" : 1756455776940825949,
      "q" : "1",
      "p" : "0.6287",
      "s" : "buy",
      "i" : "STXUSD-PERP",
      "m" : "4611686018429341197"
    }, {
      "d" : "1756455774230473409",
      "t" : 1756455774230,
      "tn" : 1756455774230473409,
      "q" : "1",
      "p" : "0.6289",
      "s" : "buy",
      "i" : "STXUSD-PERP",
      "m" : "4611686018429341196"
    }, {
      "d" : "1756455611536296735",
      "t" : 1756455611536,
      "tn" : 1756455611536296735,
      "q" : "1",
      "p" : "0.6296",
      "s" : "buy",
      "i" : "STXUSD-PERP",
      "m" : "4611686018429341195"
    }, {
      "d" : "1756455611536062422",
      "t" : 1756455611536,
      "tn" : 1756455611536062422,
      "q" : "1",
      "p" : "0.6296",
      "s" : "buy",
      "i" : "STXUSD-PERP",
      "m" : "4611686018429341194"
    }, {
      "d" : "1756455603425316904",
      "t" : 1756455603425,
      "tn" : 1756455603425316904,
      "q" : "1",
      "p" : "0.6299",
      "s" : "buy",
      "i" : "STXUSD-PERP",
      "m" : "4611686018429341193"
    }, {
      "d" : "1756455603272727033",
      "t" : 1756455603272,
      "tn" : 1756455603272727033,
      "q" : "1",
      "p" : "0.6300",
      "s" : "buy",
      "i" : "STXUSD-PERP",
      "m" : "4611686018429341192"
    }, {
      "d" : "1756455580289670541",
      "t" : 1756455580289,
      "tn" : 1756455580289670541,
      "q" : "1",
      "p" : "0.6300",
      "s" : "buy",
      "i" : "STXUSD-PERP",
      "m" : "4611686018429341191"
    }, {
      "d" : "1756455580281356649",
      "t" : 1756455580281,
      "tn" : 1756455580281356649,
      "q" : "1",
      "p" : "0.6299",
      "s" : "buy",
      "i" : "STXUSD-PERP",
      "m" : "4611686018429341190"
    }, {
      "d" : "1756455189355377626",
      "t" : 1756455189355,
      "tn" : 1756455189355377626,
      "q" : "1",
      "p" : "0.6307",
      "s" : "buy",
      "i" : "STXUSD-PERP",
      "m" : "4611686018429341189"
    }, {
      "d" : "1756454974070753284",
      "t" : 1756454974070,
      "tn" : 1756454974070753284,
      "q" : "1",
      "p" : "0.6315",
      "s" : "buy",
      "i" : "STXUSD-PERP",
      "m" : "4611686018429341188"
    }, {
      "d" : "1756454603091821234",
      "t" : 1756454603091,
      "tn" : 1756454603091821234,
      "q" : "1",
      "p" : "0.6347",
      "s" : "buy",
      "i" : "STXUSD-PERP",
      "m" : "4611686018429341187"
    }, {
      "d" : "1756451996218158204",
      "t" : 1756451996218,
      "tn" : 1756451996218158203,
      "q" : "1",
      "p" : "0.6360",
      "s" : "buy",
      "i" : "STXUSD-PERP",
      "m" : "4611686018429341186"
    }, {
      "d" : "1756451996218158203",
      "t" : 1756451996218,
      "tn" : 1756451996218158203,
      "q" : "1",
      "p" : "0.6360",
      "s" : "buy",
      "i" : "STXUSD-PERP",
      "m" : "4611686018429341186"
    }, {
      "d" : "1756451958142847732",
      "t" : 1756451958142,
      "tn" : 1756451958142847732,
      "q" : "1",
      "p" : "0.6361",
      "s" : "buy",
      "i" : "STXUSD-PERP",
      "m" : "4611686018429341185"
    }, {
      "d" : "1756451554036689832",
      "t" : 1756451554036,
      "tn" : 1756451554036689832,
      "q" : "1",
      "p" : "0.6387",
      "s" : "buy",
      "i" : "STXUSD-PERP",
      "m" : "4611686018429341184"
    }, {
      "d" : "1756451403636998713",
      "t" : 1756451403636,
      "tn" : 1756451403636998713,
      "q" : "1",
      "p" : "0.6395",
      "s" : "buy",
      "i" : "STXUSD-PERP",
      "m" : "4611686018429341183"
    }, {
      "d" : "1756451328288045657",
      "t" : 1756451328288,
      "tn" : 1756451328288045657,
      "q" : "1",
      "p" : "0.6391",
      "s" : "buy",
      "i" : "STXUSD-PERP",
      "m" : "4611686018429341182"
    }, {
      "d" : "1756451323207072766",
      "t" : 1756451323207,
      "tn" : 1756451323207072766,
      "q" : "1",
      "p" : "0.6384",
      "s" : "buy",
      "i" : "STXUSD-PERP",
      "m" : "4611686018429341181"
    }, {
      "d" : "1756451131714859068",
      "t" : 1756451131714,
      "tn" : 1756451131714859068,
      "q" : "1",
      "p" : "0.6426",
      "s" : "buy",
      "i" : "STXUSD-PERP",
      "m" : "4611686018429341180"
    }, {
      "d" : "1756448169295036240",
      "t" : 1756448169295,
      "tn" : 1756448169295036240,
      "q" : "1",
      "p" : "0.6454",
      "s" : "buy",
      "i" : "STXUSD-PERP",
      "m" : "4611686018429341179"
    }, {
      "d" : "1756447849311890354",
      "t" : 1756447849311,
      "tn" : 1756447849311890354,
      "q" : "1",
      "p" : "0.6467",
      "s" : "buy",
      "i" : "STXUSD-PERP",
      "m" : "4611686018429341178"
    }, {
      "d" : "1756447791243652487",
      "t" : 1756447791243,
      "tn" : 1756447791243652487,
      "q" : "1",
      "p" : "0.6469",
      "s" : "buy",
      "i" : "STXUSD-PERP",
      "m" : "4611686018429341177"
    }, {
      "d" : "1756445421352064930",
      "t" : 1756445421352,
      "tn" : 1756445421352064930,
      "q" : "1",
      "p" : "0.6468",
      "s" : "buy",
      "i" : "STXUSD-PERP",
      "m" : "4611686018429341176"
    }, {
      "d" : "1756445114973529198",
      "t" : 1756445114973,
      "tn" : 1756445114973529198,
      "q" : "1",
      "p" : "0.6465",
      "s" : "buy",
      "i" : "STXUSD-PERP",
      "m" : "4611686018429341175"
    }, {
      "d" : "1756445114900967556",
      "t" : 1756445114900,
      "tn" : 1756445114900967556,
      "q" : "1",
      "p" : "0.6469",
      "s" : "sell",
      "i" : "STXUSD-PERP",
      "m" : "4611686018429341174"
    }, {
      "d" : "1756445114897512927",
      "t" : 1756445114897,
      "tn" : 1756445114897512927,
      "q" : "32",
      "p" : "0.6469",
      "s" : "sell",
      "i" : "STXUSD-PERP",
      "m" : "4611686018429341173"
    }, {
      "d" : "1756443267508896750",
      "t" : 1756443267508,
      "tn" : 1756443267508896750,
      "q" : "1",
      "p" : "0.6496",
      "s" : "sell",
      "i" : "STXUSD-PERP",
      "m" : "4611686018429341172"
    }, {
      "d" : "1756442535307717246",
      "t" : 1756442535307,
      "tn" : 1756442535307717246,
      "q" : "1",
      "p" : "0.6508",
      "s" : "sell",
      "i" : "STXUSD-PERP",
      "m" : "4611686018429341171"
    }, {
      "d" : "1756439293747559143",
      "t" : 1756439293747,
      "tn" : 1756439293747559143,
      "q" : "1",
      "p" : "0.6516",
      "s" : "buy",
      "i" : "STXUSD-PERP",
      "m" : "4611686018429341170"
    }, {
      "d" : "1756438279633227631",
      "t" : 1756438279633,
      "tn" : 1756438279633227631,
      "q" : "1",
      "p" : "0.6500",
      "s" : "sell",
      "i" : "STXUSD-PERP",
      "m" : "4611686018429341169"
    }, {
      "d" : "1756435763062162790",
      "t" : 1756435763062,
      "tn" : 1756435763062162790,
      "q" : "1",
      "p" : "0.6531",
      "s" : "buy",
      "i" : "STXUSD-PERP",
      "m" : "4611686018429341168"
    }, {
      "d" : "1756435638485253570",
      "t" : 1756435638485,
      "tn" : 1756435638485253570,
      "q" : "1",
      "p" : "0.6529",
      "s" : "buy",
      "i" : "STXUSD-PERP",
      "m" : "4611686018429341167"
    }, {
      "d" : "1756433717420761255",
      "t" : 1756433717420,
      "tn" : 1756433717420761255,
      "q" : "1",
      "p" : "0.6525",
      "s" : "sell",
      "i" : "STXUSD-PERP",
      "m" : "4611686018429341166"
    }, {
      "d" : "1756433604997619727",
      "t" : 1756433604997,
      "tn" : 1756433604997619727,
      "q" : "1",
      "p" : "0.6503",
      "s" : "sell",
      "i" : "STXUSD-PERP",
      "m" : "4611686018429341165"
    }, {
      "d" : "1756432830916652492",
      "t" : 1756432830916,
      "tn" : 1756432830916652492,
      "q" : "1",
      "p" : "0.6489",
      "s" : "buy",
      "i" : "STXUSD-PERP",
      "m" : "4611686018429341164"
    }, {
      "d" : "1756430322575180619",
      "t" : 1756430322575,
      "tn" : 1756430322575180619,
      "q" : "1",
      "p" : "0.6498",
      "s" : "buy",
      "i" : "STXUSD-PERP",
      "m" : "4611686018429341163"
    }, {
      "d" : "1756430318043198675",
      "t" : 1756430318043,
      "tn" : 1756430318043198675,
      "q" : "1",
      "p" : "0.6499",
      "s" : "buy",
      "i" : "STXUSD-PERP",
      "m" : "4611686018429341162"
    }, {
      "d" : "1756430308040876206",
      "t" : 1756430308040,
      "tn" : 1756430308040876206,
      "q" : "1",
      "p" : "0.6501",
      "s" : "buy",
      "i" : "STXUSD-PERP",
      "m" : "4611686018429341161"
    }, {
      "d" : "1756430307953766370",
      "t" : 1756430307953,
      "tn" : 1756430307953766370,
      "q" : "1",
      "p" : "0.6501",
      "s" : "buy",
      "i" : "STXUSD-PERP",
      "m" : "4611686018429341160"
    }, {
      "d" : "1756430231264045773",
      "t" : 1756430231264,
      "tn" : 1756430231264045773,
      "q" : "1",
      "p" : "0.6510",
      "s" : "buy",
      "i" : "STXUSD-PERP",
      "m" : "4611686018429341159"
    }, {
      "d" : "1756430231175910630",
      "t" : 1756430231175,
      "tn" : 1756430231175910630,
      "q" : "1",
      "p" : "0.6510",
      "s" : "buy",
      "i" : "STXUSD-PERP",
      "m" : "4611686018429341158"
    }, {
      "d" : "1756430221171608737",
      "t" : 1756430221171,
      "tn" : 1756430221171608737,
      "q" : "1",
      "p" : "0.6512",
      "s" : "buy",
      "i" : "STXUSD-PERP",
      "m" : "4611686018429341157"
    }, {
      "d" : "1756430221166970645",
      "t" : 1756430221166,
      "tn" : 1756430221166970645,
      "q" : "1",
      "p" : "0.6511",
      "s" : "buy",
      "i" : "STXUSD-PERP",
      "m" : "4611686018429341156"
    }, {
      "d" : "1756430121053443399",
      "t" : 1756430121053,
      "tn" : 1756430121053443399,
      "q" : "1",
      "p" : "0.6521",
      "s" : "buy",
      "i" : "STXUSD-PERP",
      "m" : "4611686018429341155"
    }, {
      "d" : "1756430034730333829",
      "t" : 1756430034730,
      "tn" : 1756430034730333829,
      "q" : "1",
      "p" : "0.6522",
      "s" : "buy",
      "i" : "STXUSD-PERP",
      "m" : "4611686018429341154"
    }, {
      "d" : "1756429920222790057",
      "t" : 1756429920222,
      "tn" : 1756429920222790057,
      "q" : "1",
      "p" : "0.6529",
      "s" : "buy",
      "i" : "STXUSD-PERP",
      "m" : "4611686018429341153"
    }, {
      "d" : "1756429701667504342",
      "t" : 1756429701667,
      "tn" : 1756429701667504342,
      "q" : "1",
      "p" : "0.6531",
      "s" : "buy",
      "i" : "STXUSD-PERP",
      "m" : "4611686018429341152"
    }, {
      "d" : "1756429700747549558",
      "t" : 1756429700747,
      "tn" : 1756429700747549558,
      "q" : "1",
      "p" : "0.6531",
      "s" : "buy",
      "i" : "STXUSD-PERP",
      "m" : "4611686018429341151"
    }, {
      "d" : "1756429690745702737",
      "t" : 1756429690745,
      "tn" : 1756429690745702737,
      "q" : "1",
      "p" : "0.6531",
      "s" : "buy",
      "i" : "STXUSD-PERP",
      "m" : "4611686018429341150"
    }, {
      "d" : "1756429690745587498",
      "t" : 1756429690745,
      "tn" : 1756429690745587498,
      "q" : "1",
      "p" : "0.6531",
      "s" : "buy",
      "i" : "STXUSD-PERP",
      "m" : "4611686018429341149"
    }, {
      "d" : "1756429668993459737",
      "t" : 1756429668993,
      "tn" : 1756429668993459737,
      "q" : "1",
      "p" : "0.6533",
      "s" : "buy",
      "i" : "STXUSD-PERP",
      "m" : "4611686018429341148"
    }, {
      "d" : "1756429642333606668",
      "t" : 1756429642333,
      "tn" : 1756429642333606668,
      "q" : "1",
      "p" : "0.6530",
      "s" : "buy",
      "i" : "STXUSD-PERP",
      "m" : "4611686018429341147"
    }, {
      "d" : "1756429516967954404",
      "t" : 1756429516967,
      "tn" : 1756429516967954404,
      "q" : "1",
      "p" : "0.6541",
      "s" : "buy",
      "i" : "STXUSD-PERP",
      "m" : "4611686018429341146"
    }, {
      "d" : "1756428330609238867",
      "t" : 1756428330609,
      "tn" : 1756428330609238867,
      "q" : "1",
      "p" : "0.6540",
      "s" : "sell",
      "i" : "STXUSD-PERP",
      "m" : "4611686018429341145"
    }, {
      "d" : "1756428330532524034",
      "t" : 1756428330532,
      "tn" : 1756428330532524034,
      "q" : "1",
      "p" : "0.6544",
      "s" : "sell",
      "i" : "STXUSD-PERP",
      "m" : "4611686018429341144"
    }, {
      "d" : "1756428192132328438",
      "t" : 1756428192132,
      "tn" : 1756428192132328438,
      "q" : "1",
      "p" : "0.6562",
      "s" : "sell",
      "i" : "STXUSD-PERP",
      "m" : "4611686018429341143"
    }, {
      "d" : "1756427880718801750",
      "t" : 1756427880718,
      "tn" : 1756427880718801750,
      "q" : "1",
      "p" : "0.6561",
      "s" : "buy",
      "i" : "STXUSD-PERP",
      "m" : "4611686018429341142"
    }, {
      "d" : "1756426934500671982",
      "t" : 1756426934500,
      "tn" : 1756426934500671982,
      "q" : "1",
      "p" : "0.6577",
      "s" : "buy",
      "i" : "STXUSD-PERP",
      "m" : "4611686018429341141"
    }, {
      "d" : "1756426866088132462",
      "t" : 1756426866088,
      "tn" : 1756426866088132462,
      "q" : "1",
      "p" : "0.6580",
      "s" : "buy",
      "i" : "STXUSD-PERP",
      "m" : "4611686018429341140"
    }, {
      "d" : "1756426848974293854",
      "t" : 1756426848974,
      "tn" : 1756426848974293854,
      "q" : "1",
      "p" : "0.6582",
      "s" : "buy",
      "i" : "STXUSD-PERP",
      "m" : "4611686018429341139"
    }, {
      "d" : "1756426848963712473",
      "t" : 1756426848963,
      "tn" : 1756426848963712473,
      "q" : "1",
      "p" : "0.6582",
      "s" : "buy",
      "i" : "STXUSD-PERP",
      "m" : "4611686018429341138"
    }, {
      "d" : "1756425944778032676",
      "t" : 1756425944778,
      "tn" : 1756425944778032676,
      "q" : "1",
      "p" : "0.6556",
      "s" : "sell",
      "i" : "STXUSD-PERP",
      "m" : "4611686018429341137"
    }, {
      "d" : "1756425838487543939",
      "t" : 1756425838487,
      "tn" : 1756425838487543939,
      "q" : "1",
      "p" : "0.6569",
      "s" : "sell",
      "i" : "STXUSD-PERP",
      "m" : "4611686018429341136"
    }, {
      "d" : "1756424757658089744",
      "t" : 1756424757658,
      "tn" : 1756424757658089744,
      "q" : "1",
      "p" : "0.6550",
      "s" : "sell",
      "i" : "STXUSD-PERP",
      "m" : "4611686018429341135"
    }, {
      "d" : "1756422720730413615",
      "t" : 1756422720730,
      "tn" : 1756422720730413615,
      "q" : "1",
      "p" : "0.6550",
      "s" : "sell",
      "i" : "STXUSD-PERP",
      "m" : "4611686018429341134"
    }, {
      "d" : "1756422176320994973",
      "t" : 1756422176320,
      "tn" : 1756422176320994973,
      "q" : "1",
      "p" : "0.6554",
      "s" : "sell",
      "i" : "STXUSD-PERP",
      "m" : "4611686018429341133"
    }, {
      "d" : "1756416360260278397",
      "t" : 1756416360260,
      "tn" : 1756416360260278396,
      "q" : "308",
      "p" : "0.6487",
      "s" : "buy",
      "i" : "STXUSD-PERP",
      "m" : "4611686018429341132"
    }, {
      "d" : "1756416360260278396",
      "t" : 1756416360260,
      "tn" : 1756416360260278396,
      "q" : "1",
      "p" : "0.6487",
      "s" : "buy",
      "i" : "STXUSD-PERP",
      "m" : "4611686018429341132"
    }, {
      "d" : "1756416359281663127",
      "t" : 1756416359281,
      "tn" : 1756416359281663126,
      "q" : "37",
      "p" : "0.6487",
      "s" : "buy",
      "i" : "STXUSD-PERP",
      "m" : "4611686018429341131"
    }, {
      "d" : "1756416359281663126",
      "t" : 1756416359281,
      "tn" : 1756416359281663126,
      "q" : "1",
      "p" : "0.6487",
      "s" : "buy",
      "i" : "STXUSD-PERP",
      "m" : "4611686018429341131"
    }, {
      "d" : "1756416359258925666",
      "t" : 1756416359258,
      "tn" : 1756416359258925666,
      "q" : "1",
      "p" : "0.6484",
      "s" : "buy",
      "i" : "STXUSD-PERP",
      "m" : "4611686018429341130"
    }, {
      "d" : "1756416358465500303",
      "t" : 1756416358465,
      "tn" : 1756416358465500302,
      "q" : "14",
      "p" : "0.6487",
      "s" : "buy",
      "i" : "STXUSD-PERP",
      "m" : "4611686018429341129"
    }, {
      "d" : "1756416358465500302",
      "t" : 1756416358465,
      "tn" : 1756416358465500302,
      "q" : "1",
      "p" : "0.6487",
      "s" : "buy",
      "i" : "STXUSD-PERP",
      "m" : "4611686018429341129"
    }, {
      "d" : "1756416358465497369",
      "t" : 1756416358465,
      "tn" : 1756416358465497369,
      "q" : "1",
      "p" : "0.6486",
      "s" : "buy",
      "i" : "STXUSD-PERP",
      "m" : "4611686018429341128"
    }, {
      "d" : "1756416358258769695",
      "t" : 1756416358258,
      "tn" : 1756416358258769695,
      "q" : "1",
      "p" : "0.6485",
      "s" : "buy",
      "i" : "STXUSD-PERP",
      "m" : "4611686018429341127"
    }, {
      "d" : "1756416337241060692",
      "t" : 1756416337241,
      "tn" : 1756416337241060692,
      "q" : "1",
      "p" : "0.6491",
      "s" : "buy",
      "i" : "STXUSD-PERP",
      "m" : "4611686018429341126"
    }, {
      "d" : "1756416336240886681",
      "t" : 1756416336240,
      "tn" : 1756416336240886681,
      "q" : "1",
      "p" : "0.6491",
      "s" : "buy",
      "i" : "STXUSD-PERP",
      "m" : "4611686018429341125"
    }, {
      "d" : "1756416247849692986",
      "t" : 1756416247849,
      "tn" : 1756416247849692986,
      "q" : "1",
      "p" : "0.6489",
      "s" : "sell",
      "i" : "STXUSD-PERP",
      "m" : "4611686018429341124"
    }, {
      "d" : "1756415722218258005",
      "t" : 1756415722218,
      "tn" : 1756415722218258005,
      "q" : "1",
      "p" : "0.6471",
      "s" : "buy",
      "i" : "STXUSD-PERP",
      "m" : "4611686018429341123"
    }, {
      "d" : "1756415646669511730",
      "t" : 1756415646669,
      "tn" : 1756415646669511730,
      "q" : "1",
      "p" : "0.6470",
      "s" : "buy",
      "i" : "STXUSD-PERP",
      "m" : "4611686018429341122"
    }, {
      "d" : "1756415646571925455",
      "t" : 1756415646571,
      "tn" : 1756415646571925455,
      "q" : "1",
      "p" : "0.6469",
      "s" : "buy",
      "i" : "STXUSD-PERP",
      "m" : "4611686018429341121"
    }, {
      "d" : "1756415576493608505",
      "t" : 1756415576493,
      "tn" : 1756415576493608505,
      "q" : "1",
      "p" : "0.6461",
      "s" : "buy",
      "i" : "STXUSD-PERP",
      "m" : "4611686018429341120"
    }, {
      "d" : "1756415567986025597",
      "t" : 1756415567986,
      "tn" : 1756415567986025597,
      "q" : "1",
      "p" : "0.6461",
      "s" : "buy",
      "i" : "STXUSD-PERP",
      "m" : "4611686018429341119"
    }, {
      "d" : "1756415566440379506",
      "t" : 1756415566440,
      "tn" : 1756415566440379506,
      "q" : "1",
      "p" : "0.6460",
      "s" : "buy",
      "i" : "STXUSD-PERP",
      "m" : "4611686018429341118"
    }, {
      "d" : "1756415557949213379",
      "t" : 1756415557949,
      "tn" : 1756415557949213379,
      "q" : "1",
      "p" : "0.6462",
      "s" : "buy",
      "i" : "STXUSD-PERP",
      "m" : "4611686018429341117"
    }, {
      "d" : "1756415556388289252",
      "t" : 1756415556388,
      "tn" : 1756415556388289252,
      "q" : "1",
      "p" : "0.6463",
      "s" : "buy",
      "i" : "STXUSD-PERP",
      "m" : "4611686018429341116"
    }, {
      "d" : "1756413410853294839",
      "t" : 1756413410853,
      "tn" : 1756413410853294839,
      "q" : "1",
      "p" : "0.6448",
      "s" : "buy",
      "i" : "STXUSD-PERP",
      "m" : "4611686018429341115"
    }, {
      "d" : "1756413401765915880",
      "t" : 1756413401765,
      "tn" : 1756413401765915880,
      "q" : "1",
      "p" : "0.6451",
      "s" : "sell",
      "i" : "STXUSD-PERP",
      "m" : "4611686018429341114"
    }, {
      "d" : "1756412551585415276",
      "t" : 1756412551585,
      "tn" : 1756412551585415276,
      "q" : "1",
      "p" : "0.6458",
      "s" : "buy",
      "i" : "STXUSD-PERP",
      "m" : "4611686018429341113"
    }, {
      "d" : "1756411905656410475",
      "t" : 1756411905656,
      "tn" : 1756411905656410475,
      "q" : "1",
      "p" : "0.6439",
      "s" : "buy",
      "i" : "STXUSD-PERP",
      "m" : "4611686018429341112"
    }, {
      "d" : "1756411903393765578",
      "t" : 1756411903393,
      "tn" : 1756411903393765578,
      "q" : "1",
      "p" : "0.6438",
      "s" : "buy",
      "i" : "STXUSD-PERP",
      "m" : "4611686018429341111"
    }, {
      "d" : "1756411822539279816",
      "t" : 1756411822539,
      "tn" : 1756411822539279816,
      "q" : "1",
      "p" : "0.6439",
      "s" : "buy",
      "i" : "STXUSD-PERP",
      "m" : "4611686018429341110"
    }, {
      "d" : "1756411819725589065",
      "t" : 1756411819725,
      "tn" : 1756411819725589065,
      "q" : "1",
      "p" : "0.6441",
      "s" : "buy",
      "i" : "STXUSD-PERP",
      "m" : "4611686018429341109"
    }, {
      "d" : "1756411801160162556",
      "t" : 1756411801160,
      "tn" : 1756411801160162556,
      "q" : "1",
      "p" : "0.6441",
      "s" : "buy",
      "i" : "STXUSD-PERP",
      "m" : "4611686018429341108"
    }, {
      "d" : "1756411666784007846",
      "t" : 1756411666784,
      "tn" : 1756411666784007846,
      "q" : "1",
      "p" : "0.6438",
      "s" : "buy",
      "i" : "STXUSD-PERP",
      "m" : "4611686018429341107"
    }, {
      "d" : "1756411656757915959",
      "t" : 1756411656757,
      "tn" : 1756411656757915959,
      "q" : "1",
      "p" : "0.6437",
      "s" : "buy",
      "i" : "STXUSD-PERP",
      "m" : "4611686018429341106"
    }, {
      "d" : "1756411512052930469",
      "t" : 1756411512052,
      "tn" : 1756411512052930469,
      "q" : "1",
      "p" : "0.6447",
      "s" : "sell",
      "i" : "STXUSD-PERP",
      "m" : "4611686018429341105"
    }, {
      "d" : "1756409933113562835",
      "t" : 1756409933113,
      "tn" : 1756409933113562835,
      "q" : "1",
      "p" : "0.6470",
      "s" : "buy",
      "i" : "STXUSD-PERP",
      "m" : "4611686018429341104"
    }, {
      "d" : "1756409932125459067",
      "t" : 1756409932125,
      "tn" : 1756409932125459067,
      "q" : "1",
      "p" : "0.6470",
      "s" : "buy",
      "i" : "STXUSD-PERP",
      "m" : "4611686018429341103"
    }, {
      "d" : "1756409923098221838",
      "t" : 1756409923098,
      "tn" : 1756409923098221838,
      "q" : "1",
      "p" : "0.6473",
      "s" : "buy",
      "i" : "STXUSD-PERP",
      "m" : "4611686018429341102"
    }, {
      "d" : "1756409906557756167",
      "t" : 1756409906557,
      "tn" : 1756409906557756167,
      "q" : "1",
      "p" : "0.6471",
      "s" : "buy",
      "i" : "STXUSD-PERP",
      "m" : "4611686018429341101"
    }, {
      "d" : "1756409793222888820",
      "t" : 1756409793222,
      "tn" : 1756409793222888820,
      "q" : "1",
      "p" : "0.6480",
      "s" : "buy",
      "i" : "STXUSD-PERP",
      "m" : "4611686018429341100"
    }, {
      "d" : "1756409791208441481",
      "t" : 1756409791208,
      "tn" : 1756409791208441481,
      "q" : "1",
      "p" : "0.6480",
      "s" : "buy",
      "i" : "STXUSD-PERP",
      "m" : "4611686018429341099"
    }, {
      "d" : "1756409596366099673",
      "t" : 1756409596366,
      "tn" : 1756409596366099673,
      "q" : "1",
      "p" : "0.6491",
      "s" : "buy",
      "i" : "STXUSD-PERP",
      "m" : "4611686018429341098"
    }, {
      "d" : "1756409568436451532",
      "t" : 1756409568436,
      "tn" : 1756409568436451532,
      "q" : "1",
      "p" : "0.6493",
      "s" : "buy",
      "i" : "STXUSD-PERP",
      "m" : "4611686018429341097"
    }, {
      "d" : "1756401572149026078",
      "t" : 1756401572149,
      "tn" : 1756401572149026078,
      "q" : "1",
      "p" : "0.6474",
      "s" : "buy",
      "i" : "STXUSD-PERP",
      "m" : "4611686018429341096"
    }, {
      "d" : "1756401554296811281",
      "t" : 1756401554296,
      "tn" : 1756401554296811281,
      "q" : "1",
      "p" : "0.6480",
      "s" : "buy",
      "i" : "STXUSD-PERP",
      "m" : "4611686018429341095"
    }, {
      "d" : "1756401553895000275",
      "t" : 1756401553895,
      "tn" : 1756401553895000275,
      "q" : "1",
      "p" : "0.6481",
      "s" : "buy",
      "i" : "STXUSD-PERP",
      "m" : "4611686018429341094"
    }, {
      "d" : "1756401344590993723",
      "t" : 1756401344590,
      "tn" : 1756401344590993723,
      "q" : "1",
      "p" : "0.6470",
      "s" : "buy",
      "i" : "STXUSD-PERP",
      "m" : "4611686018429341093"
    }, {
      "d" : "1756400796907762184",
      "t" : 1756400796907,
      "tn" : 1756400796907762184,
      "q" : "1",
      "p" : "0.6460",
      "s" : "buy",
      "i" : "STXUSD-PERP",
      "m" : "4611686018429341092"
    }, {
      "d" : "1756400796726124761",
      "t" : 1756400796726,
      "tn" : 1756400796726124761,
      "q" : "1",
      "p" : "0.6461",
      "s" : "buy",
      "i" : "STXUSD-PERP",
      "m" : "4611686018429341091"
    }, {
      "d" : "1756400743125412076",
      "t" : 1756400743125,
      "tn" : 1756400743125412076,
      "q" : "1",
      "p" : "0.6450",
      "s" : "buy",
      "i" : "STXUSD-PERP",
      "m" : "4611686018429341090"
    }, {
      "d" : "1756400740314079571",
      "t" : 1756400740314,
      "tn" : 1756400740314079571,
      "q" : "1",
      "p" : "0.6451",
      "s" : "buy",
      "i" : "STXUSD-PERP",
      "m" : "4611686018429341089"
    }, {
      "d" : "1756400731509824371",
      "t" : 1756400731509,
      "tn" : 1756400731509824371,
      "q" : "1",
      "p" : "0.6453",
      "s" : "buy",
      "i" : "STXUSD-PERP",
      "m" : "4611686018429341088"
    }, {
      "d" : "1756400724638682538",
      "t" : 1756400724638,
      "tn" : 1756400724638682538,
      "q" : "1",
      "p" : "0.6460",
      "s" : "buy",
      "i" : "STXUSD-PERP",
      "m" : "4611686018429341087"
    }, {
      "d" : "1756400718620484793",
      "t" : 1756400718620,
      "tn" : 1756400718620484793,
      "q" : "1",
      "p" : "0.6463",
      "s" : "buy",
      "i" : "STXUSD-PERP",
      "m" : "4611686018429341086"
    }, {
      "d" : "1756400552042947943",
      "t" : 1756400552042,
      "tn" : 1756400552042947943,
      "q" : "1",
      "p" : "0.6468",
      "s" : "buy",
      "i" : "STXUSD-PERP",
      "m" : "4611686018429341085"
    }, {
      "d" : "1756400547123366335",
      "t" : 1756400547123,
      "tn" : 1756400547123366335,
      "q" : "1",
      "p" : "0.6473",
      "s" : "buy",
      "i" : "STXUSD-PERP",
      "m" : "4611686018429341084"
    }, {
      "d" : "1756400533078387339",
      "t" : 1756400533078,
      "tn" : 1756400533078387339,
      "q" : "1",
      "p" : "0.6476",
      "s" : "buy",
      "i" : "STXUSD-PERP",
      "m" : "4611686018429341083"
    }, {
      "d" : "1756400520680622465",
      "t" : 1756400520680,
      "tn" : 1756400520680622465,
      "q" : "1",
      "p" : "0.6471",
      "s" : "buy",
      "i" : "STXUSD-PERP",
      "m" : "4611686018429341082"
    }, {
      "d" : "1756400492162470490",
      "t" : 1756400492162,
      "tn" : 1756400492162470490,
      "q" : "1",
      "p" : "0.6466",
      "s" : "buy",
      "i" : "STXUSD-PERP",
      "m" : "4611686018429341081"
    }, {
      "d" : "1756400473892706452",
      "t" : 1756400473892,
      "tn" : 1756400473892706452,
      "q" : "1",
      "p" : "0.6461",
      "s" : "buy",
      "i" : "STXUSD-PERP",
      "m" : "4611686018429341080"
    }, {
      "d" : "1756400473094271134",
      "t" : 1756400473094,
      "tn" : 1756400473094271134,
      "q" : "1",
      "p" : "0.6462",
      "s" : "buy",
      "i" : "STXUSD-PERP",
      "m" : "4611686018429341079"
    }, {
      "d" : "1756400371647763246",
      "t" : 1756400371647,
      "tn" : 1756400371647763246,
      "q" : "1",
      "p" : "0.6448",
      "s" : "sell",
      "i" : "STXUSD-PERP",
      "m" : "4611686018429341078"
    }, {
      "d" : "1756400360179069286",
      "t" : 1756400360179,
      "tn" : 1756400360179069286,
      "q" : "1",
      "p" : "0.6459",
      "s" : "sell",
      "i" : "STXUSD-PERP",
      "m" : "4611686018429341077"
    }, {
      "d" : "1756400355248730415",
      "t" : 1756400355248,
      "tn" : 1756400355248730415,
      "q" : "1",
      "p" : "0.6466",
      "s" : "buy",
      "i" : "STXUSD-PERP",
      "m" : "4611686018429341076"
    }, {
      "d" : "1756400339570797875",
      "t" : 1756400339570,
      "tn" : 1756400339570797875,
      "q" : "1",
      "p" : "0.6477",
      "s" : "buy",
      "i" : "STXUSD-PERP",
      "m" : "4611686018429341075"
    }, {
      "d" : "1756400329540439846",
      "t" : 1756400329540,
      "tn" : 1756400329540439846,
      "q" : "1",
      "p" : "0.6478",
      "s" : "buy",
      "i" : "STXUSD-PERP",
      "m" : "4611686018429341074"
    }, {
      "d" : "1756400327965806551",
      "t" : 1756400327965,
      "tn" : 1756400327965806551,
      "q" : "1",
      "p" : "0.6479",
      "s" : "buy",
      "i" : "STXUSD-PERP",
      "m" : "4611686018429341073"
    }, {
      "d" : "1756400318447623041",
      "t" : 1756400318447,
      "tn" : 1756400318447623040,
      "q" : "1",
      "p" : "0.6480",
      "s" : "buy",
      "i" : "STXUSD-PERP",
      "m" : "4611686018429341072"
    } ]
  }
}