{
  "id" : -1,
  "method" : "public/get-trades",
  "code" : 0,
  "result" : {
    "data" : [ {
      "d" : "1756459330165315675",
      "t" : 1756459330165,
      "tn" : 1756459330165315675,
      "q" : "907.2",
      "p" : "0.057136",
      "s" : "sell",
      "i" : "SUDO_USD",
      "m" : "4611686018429660183"
    }, {
      "d" : "1756456336898064062",
      "t" : 1756456336898,
      "tn" : 1756456336898064062,
      "q" : "53.7",
      "p" : "0.057136",
      "s" : "sell",
      "i" : "SUDO_USD",
      "m" : "4611686018429660182"
    }, {
      "d" : "1756456336890260487",
      "t" : 1756456336890,
      "tn" : 1756456336890260487,
      "q" : "308.0",
      "p" : "0.057136",
      "s" : "sell",
      "i" : "SUDO_USD",
      "m" : "4611686018429660181"
    }, {
      "d" : "1756454961403202173",
      "t" : 1756454961403,
      "tn" : 1756454961403202173,
      "q" : "377.2",
      "p" : "0.057136",
      "s" : "sell",
      "i" : "SUDO_USD",
      "m" : "4611686018429660180"
    }, {
      "d" : "1756426489149440401",
      "t" : 1756426489149,
      "tn" : 1756426489149440401,
      "q" : "1724.0",
      "p" : "0.056667",
      "s" : "sell",
      "i" : "SUDO_USD",
      "m" : "4611686018429660179"
    }, {
      "d" : "1756426489146471105",
      "t" : 1756426489146,
      "tn" : 1756426489146471105,
      "q" : "1700.0",
      "p" : "0.056667",
      "s" : "sell",
      "i" : "SUDO_USD",
      "m" : "4611686018429660178"
    }, {
      "d" : "1756423067104468649",
      "t" : 1756423067104,
      "tn" : 1756423067104468649,
      "q" : "352.9",
      "p" : "0.056667",
      "s" : "sell",
      "i" : "SUDO_USD",
      "m" : "4611686018429660177"
    }, {
      "d" : "1756415918224908476",
      "t" : 1756415918224,
      "tn" : 1756415918224908476,
      "q" : "266.1",
      "p" : "0.056111",
      "s" : "sell",
      "i" : "SUDO_USD",
      "m" : "4611686018429660176"
    }, {
      "d" : "1756415918224905780",
      "t" : 1756415918224,
      "tn" : 1756415918224905780,
      "q" : "446.8",
      "p" : "0.056112",
      "s" : "sell",
      "i" : "SUDO_USD",
      "m" : "4611686018429660175"
    }, {
      "d" : "1756414671278214568",
      "t" : 1756414671278,
      "tn" : 1756414671278214568,
      "q" : "373.3",
      "p" : "0.056111",
      "s" : "sell",
      "i" : "SUDO_USD",
      "m" : "4611686018429660174"
    }, {
      "d" : "1756414671278211950",
      "t" : 1756414671278,
      "tn" : 1756414671278211950,
      "q" : "642.4",
      "p" : "0.056116",
      "s" : "sell",
      "i" : "SUDO_USD",
      "m" : "4611686018429660173"
    }, {
      "d" : "1756414285140291454",
      "t" : 1756414285140,
      "tn" : 1756414285140291454,
      "q" : "340.0",
      "p" : "0.056539",
      "s" : "buy",
      "i" : "SUDO_USD",
      "m" : "4611686018429660172"
    }, {
      "d" : "1756414285139187277",
      "t" : 1756414285139,
      "tn" : 1756414285139187277,
      "q" : "270.0",
      "p" : "0.056539",
      "s" : "buy",
      "i" : "SUDO_USD",
      "m" : "4611686018429660171"
    }, {
      "d" : "1756414285124531455",
      "t" : 1756414285124,
      "tn" : 1756414285124531455,
      "q" : "270.0",
      "p" : "0.056111",
      "s" : "sell",
      "i" : "SUDO_USD",
      "m" : "4611686018429660170"
    }, {
      "d" : "1756414285109005974",
      "t" : 1756414285109,
      "tn" : 1756414285109005974,
      "q" : "340.0",
      "p" : "0.056111",
      "s" : "sell",
      "i" : "SUDO_USD",
      "m" : "4611686018429660169"
    }, {
      "d" : "1756414285108900413",
      "t" : 1756414285108,
      "tn" : 1756414285108900413,
      "q" : "340.0",
      "p" : "0.056111",
      "s" : "sell",
      "i" : "SUDO_USD",
      "m" : "4611686018429660168"
    }, {
      "d" : "1756414285104238403",
      "t" : 1756414285104,
      "tn" : 1756414285104238403,
      "q" : "712.9",
      "p" : "0.056111",
      "s" : "sell",
      "i" : "SUDO_USD",
      "m" : "4611686018429660167"
    }, {
      "d" : "1756412588844328944",
      "t" : 1756412588844,
      "tn" : 1756412588844328944,
      "q" : "712.9",
      "p" : "0.056111",
      "s" : "sell",
      "i" : "SUDO_USD",
      "m" : "4611686018429660166"
    }, {
      "d" : "1756411694408104951",
      "t" : 1756411694408,
      "tn" : 1756411694408104951,
      "q" : "1419.6",
      "p" : "0.056111",
      "s" : "sell",
      "i" : "SUDO_USD",
      "m" : "4611686018429660165"
    }, {
      "d" : "1756411513964461989",
      "t" : 1756411513964,
      "tn" : 1756411513964461989,
      "q" : "712.9",
      "p" : "0.056111",
      "s" : "sell",
      "i" : "SUDO_USD",
      "m" : "4611686018429660164"
    }, {
      "d" : "1756409228555277311",
      "t" : 1756409228555,
      "tn" : 1756409228555277311,
      "q" : "356.4",
      "p" : "0.056112",
      "s" : "sell",
      "i" : "SUDO_USD",
      "m" : "4611686018429660163"
    }, {
      "d" : "1756408498962866735",
      "t" : 1756408498962,
      "tn" : 1756408498962866735,
      "q" : "570.5",
      "p" : "0.056112",
      "s" : "sell",
      "i" : "SUDO_USD",
      "m" : "4611686018429660162"
    }, {
      "d" : "1756408221398361270",
      "t" : 1756408221398,
      "tn" : 1756408221398361270,
      "q" : "408.9",
      "p" : "0.056112",
      "s" : "sell",
      "i" : "SUDO_USD",
      "m" : "4611686018429660161"
    }, {
      "d" : "1756407914099635300",
      "t" : 1756407914099,
      "tn" : 1756407914099635300,
      "q" : "569.3",
      "p" : "0.056112",
      "s" : "sell",
      "i" : "SUDO_USD",
      "m" : "4611686018429660160"
    }, {
      "d" : "1756387959440771958",
      "t" : 1756387959440,
      "tn" : 1756387959440771958,
      "q" : "84.1",
      "p" : "0.058866",
      "s" : "buy",
      "i" : "SUDO_USD",
      "m" : "4611686018429660159"
    }, {
      "d" : "1756387959433698585",
      "t" : 1756387959433,
      "tn" : 1756387959433698585,
      "q" : "277.0",
      "p" : "0.058866",
      "s" : "buy",
      "i" : "SUDO_USD",
      "m" : "4611686018429660158"
    }, {
      "d" : "1756387959417145832",
      "t" : 1756387959417,
      "tn" : 1756387959417145832,
      "q" : "1528.9",
      "p" : "0.058866",
      "s" : "buy",
      "i" : "SUDO_USD",
      "m" : "4611686018429660157"
    }, {
      "d" : "1756387959409234287",
      "t" : 1756387959409,
      "tn" : 1756387959409234287,
      "q" : "462.0",
      "p" : "0.058866",
      "s" : "buy",
      "i" : "SUDO_USD",
      "m" : "4611686018429660156"
    }, {
      "d" : "1756380467044449138",
      "t" : 1756380467044,
      "tn" : 1756380467044449138,
      "q" : "10000.0",
      "p" : "0.056301",
      "s" : "sell",
      "i" : "SUDO_USD",
      "m" : "4611686018429660155"
    } ]
  }
}