{
  "id" : -1,
  "method" : "public/get-trades",
  "code" : 0,
  "result" : {
    "data" : [ {
      "d" : "1756462590704658279",
      "t" : 1756462590704,
      "tn" : 1756462590704658278,
      "q" : "53.1",
      "p" : "3.29753",
      "s" : "buy",
      "i" : "SUI_USD",
      "m" : "4611686018439614238"
    }, {
      "d" : "1756462590704658278",
      "t" : 1756462590704,
      "tn" : 1756462590704658278,
      "q" : "12.3",
      "p" : "3.29753",
      "s" : "buy",
      "i" : "SUI_USD",
      "m" : "4611686018439614238"
    }, {
      "d" : "1756462583810842116",
      "t" : 1756462583810,
      "tn" : 1756462583810842116,
      "q" : "101.5",
      "p" : "3.29838",
      "s" : "sell",
      "i" : "SUI_USD",
      "m" : "4611686018439614237"
    }, {
      "d" : "1756462583810840100",
      "t" : 1756462583810,
      "tn" : 1756462583810840100,
      "q" : "0.6",
      "p" : "3.29862",
      "s" : "sell",
      "i" : "SUI_USD",
      "m" : "4611686018439614236"
    }, {
      "d" : "1756462581575049688",
      "t" : 1756462581575,
      "tn" : 1756462581575049688,
      "q" : "0.4",
      "p" : "3.30044",
      "s" : "sell",
      "i" : "SUI_USD",
      "m" : "4611686018439614235"
    }, {
      "d" : "1756462581570079217",
      "t" : 1756462581570,
      "tn" : 1756462581570079217,
      "q" : "0.4",
      "p" : "3.30044",
      "s" : "sell",
      "i" : "SUI_USD",
      "m" : "4611686018439614234"
    }, {
      "d" : "1756462581553606191",
      "t" : 1756462581553,
      "tn" : 1756462581553606191,
      "q" : "0.4",
      "p" : "3.30047",
      "s" : "sell",
      "i" : "SUI_USD",
      "m" : "4611686018439614233"
    }, {
      "d" : "1756462581223835165",
      "t" : 1756462581223,
      "tn" : 1756462581223835165,
      "q" : "0.4",
      "p" : "3.30054",
      "s" : "sell",
      "i" : "SUI_USD",
      "m" : "4611686018439614232"
    }, {
      "d" : "1756462580928000824",
      "t" : 1756462580928,
      "tn" : 1756462580928000824,
      "q" : "10.0",
      "p" : "3.30055",
      "s" : "buy",
      "i" : "SUI_USD",
      "m" : "4611686018439614231"
    }, {
      "d" : "1756462580676743151",
      "t" : 1756462580676,
      "tn" : 1756462580676743151,
      "q" : "0.4",
      "p" : "3.30071",
      "s" : "sell",
      "i" : "SUI_USD",
      "m" : "4611686018439614230"
    }, {
      "d" : "1756462580631911643",
      "t" : 1756462580631,
      "tn" : 1756462580631911643,
      "q" : "0.4",
      "p" : "3.30104",
      "s" : "sell",
      "i" : "SUI_USD",
      "m" : "4611686018439614229"
    }, {
      "d" : "1756462580573108042",
      "t" : 1756462580573,
      "tn" : 1756462580573108042,
      "q" : "0.4",
      "p" : "3.30104",
      "s" : "sell",
      "i" : "SUI_USD",
      "m" : "4611686018439614228"
    }, {
      "d" : "1756462580437667600",
      "t" : 1756462580437,
      "tn" : 1756462580437667600,
      "q" : "8.9",
      "p" : "3.29988",
      "s" : "sell",
      "i" : "SUI_USD",
      "m" : "4611686018439614227"
    }, {
      "d" : "1756462580437665553",
      "t" : 1756462580437,
      "tn" : 1756462580437665553,
      "q" : "5.8",
      "p" : "3.29993",
      "s" : "sell",
      "i" : "SUI_USD",
      "m" : "4611686018439614226"
    }, {
      "d" : "1756462580437663588",
      "t" : 1756462580437,
      "tn" : 1756462580437663588,
      "q" : "0.4",
      "p" : "3.30133",
      "s" : "sell",
      "i" : "SUI_USD",
      "m" : "4611686018439614225"
    }, {
      "d" : "1756462579712256590",
      "t" : 1756462579712,
      "tn" : 1756462579712256590,
      "q" : "0.4",
      "p" : "3.30166",
      "s" : "sell",
      "i" : "SUI_USD",
      "m" : "4611686018439614224"
    }, {
      "d" : "1756462579496083273",
      "t" : 1756462579496,
      "tn" : 1756462579496083273,
      "q" : "14.7",
      "p" : "3.30057",
      "s" : "sell",
      "i" : "SUI_USD",
      "m" : "4611686018439614223"
    }, {
      "d" : "1756462579496081324",
      "t" : 1756462579496,
      "tn" : 1756462579496081324,
      "q" : "0.4",
      "p" : "3.30214",
      "s" : "sell",
      "i" : "SUI_USD",
      "m" : "4611686018439614222"
    }, {
      "d" : "1756462579101001462",
      "t" : 1756462579101,
      "tn" : 1756462579101001462,
      "q" : "5.1",
      "p" : "3.30076",
      "s" : "sell",
      "i" : "SUI_USD",
      "m" : "4611686018439614221"
    }, {
      "d" : "1756462579100999765",
      "t" : 1756462579100,
      "tn" : 1756462579100999765,
      "q" : "9.6",
      "p" : "3.30077",
      "s" : "sell",
      "i" : "SUI_USD",
      "m" : "4611686018439614220"
    }, {
      "d" : "1756462579100997908",
      "t" : 1756462579100,
      "tn" : 1756462579100997908,
      "q" : "0.4",
      "p" : "3.30224",
      "s" : "sell",
      "i" : "SUI_USD",
      "m" : "4611686018439614219"
    }, {
      "d" : "1756462578631849461",
      "t" : 1756462578631,
      "tn" : 1756462578631849461,
      "q" : "14.7",
      "p" : "3.30137",
      "s" : "sell",
      "i" : "SUI_USD",
      "m" : "4611686018439614218"
    }, {
      "d" : "1756462578631847481",
      "t" : 1756462578631,
      "tn" : 1756462578631847481,
      "q" : "0.4",
      "p" : "3.30228",
      "s" : "sell",
      "i" : "SUI_USD",
      "m" : "4611686018439614217"
    }, {
      "d" : "1756462578170697308",
      "t" : 1756462578170,
      "tn" : 1756462578170697308,
      "q" : "0.4",
      "p" : "3.30267",
      "s" : "sell",
      "i" : "SUI_USD",
      "m" : "4611686018439614216"
    }, {
      "d" : "1756462578049311541",
      "t" : 1756462578049,
      "tn" : 1756462578049311541,
      "q" : "14.7",
      "p" : "3.30137",
      "s" : "sell",
      "i" : "SUI_USD",
      "m" : "4611686018439614215"
    }, {
      "d" : "1756462578049309395",
      "t" : 1756462578049,
      "tn" : 1756462578049309395,
      "q" : "0.4",
      "p" : "3.30270",
      "s" : "sell",
      "i" : "SUI_USD",
      "m" : "4611686018439614214"
    }, {
      "d" : "1756462577801646484",
      "t" : 1756462577801,
      "tn" : 1756462577801646484,
      "q" : "15.1",
      "p" : "3.30208",
      "s" : "sell",
      "i" : "SUI_USD",
      "m" : "4611686018439614213"
    }, {
      "d" : "1756462577795214702",
      "t" : 1756462577795,
      "tn" : 1756462577795214702,
      "q" : "26.6",
      "p" : "3.30273",
      "s" : "sell",
      "i" : "SUI_USD",
      "m" : "4611686018439614212"
    }, {
      "d" : "1756462577795212381",
      "t" : 1756462577795,
      "tn" : 1756462577795212381,
      "q" : "0.4",
      "p" : "3.30303",
      "s" : "sell",
      "i" : "SUI_USD",
      "m" : "4611686018439614211"
    }, {
      "d" : "1756462577155266441",
      "t" : 1756462577155,
      "tn" : 1756462577155266441,
      "q" : "14.1",
      "p" : "3.30273",
      "s" : "sell",
      "i" : "SUI_USD",
      "m" : "4611686018439614210"
    }, {
      "d" : "1756462577155264328",
      "t" : 1756462577155,
      "tn" : 1756462577155264328,
      "q" : "0.6",
      "p" : "3.30274",
      "s" : "sell",
      "i" : "SUI_USD",
      "m" : "4611686018439614209"
    }, {
      "d" : "1756462577155261428",
      "t" : 1756462577155,
      "tn" : 1756462577155261428,
      "q" : "0.4",
      "p" : "3.30303",
      "s" : "sell",
      "i" : "SUI_USD",
      "m" : "4611686018439614208"
    }, {
      "d" : "1756462574939592708",
      "t" : 1756462574939,
      "tn" : 1756462574939592708,
      "q" : "0.6",
      "p" : "3.30273",
      "s" : "buy",
      "i" : "SUI_USD",
      "m" : "4611686018439614207"
    }, {
      "d" : "1756462554977889879",
      "t" : 1756462554977,
      "tn" : 1756462554977889879,
      "q" : "59.7",
      "p" : "3.30101",
      "s" : "buy",
      "i" : "SUI_USD",
      "m" : "4611686018439614206"
    }, {
      "d" : "1756462523067571464",
      "t" : 1756462523067,
      "tn" : 1756462523067571464,
      "q" : "0.1",
      "p" : "3.30111",
      "s" : "buy",
      "i" : "SUI_USD",
      "m" : "4611686018439614205"
    }, {
      "d" : "1756462523067569299",
      "t" : 1756462523067,
      "tn" : 1756462523067569299,
      "q" : "13.3",
      "p" : "3.30110",
      "s" : "buy",
      "i" : "SUI_USD",
      "m" : "4611686018439614204"
    }, {
      "d" : "1756462519629055717",
      "t" : 1756462519629,
      "tn" : 1756462519629055717,
      "q" : "13.9",
      "p" : "3.30065",
      "s" : "sell",
      "i" : "SUI_USD",
      "m" : "4611686018439614203"
    }, {
      "d" : "1756462519629053875",
      "t" : 1756462519629,
      "tn" : 1756462519629053875,
      "q" : "0.6",
      "p" : "3.30173",
      "s" : "sell",
      "i" : "SUI_USD",
      "m" : "4611686018439614202"
    }, {
      "d" : "1756462519629051336",
      "t" : 1756462519629,
      "tn" : 1756462519629051336,
      "q" : "0.6",
      "p" : "3.30174",
      "s" : "sell",
      "i" : "SUI_USD",
      "m" : "4611686018439614201"
    }, {
      "d" : "1756462510942302522",
      "t" : 1756462510942,
      "tn" : 1756462510942302522,
      "q" : "20.9",
      "p" : "3.30238",
      "s" : "buy",
      "i" : "SUI_USD",
      "m" : "4611686018439614200"
    }, {
      "d" : "1756462495183579943",
      "t" : 1756462495183,
      "tn" : 1756462495183579943,
      "q" : "0.6",
      "p" : "3.30269",
      "s" : "buy",
      "i" : "SUI_USD",
      "m" : "4611686018439614199"
    }, {
      "d" : "1756462492800486935",
      "t" : 1756462492800,
      "tn" : 1756462492800486935,
      "q" : "12.9",
      "p" : "3.30266",
      "s" : "buy",
      "i" : "SUI_USD",
      "m" : "4611686018439614198"
    }, {
      "d" : "1756462480419568358",
      "t" : 1756462480419,
      "tn" : 1756462480419568358,
      "q" : "53.5",
      "p" : "3.30294",
      "s" : "sell",
      "i" : "SUI_USD",
      "m" : "4611686018439614197"
    }, {
      "d" : "1756462478033958126",
      "t" : 1756462478033,
      "tn" : 1756462478033958126,
      "q" : "0.6",
      "p" : "3.30294",
      "s" : "buy",
      "i" : "SUI_USD",
      "m" : "4611686018439614196"
    }, {
      "d" : "1756462469385450081",
      "t" : 1756462469385,
      "tn" : 1756462469385450081,
      "q" : "51.7",
      "p" : "3.30055",
      "s" : "buy",
      "i" : "SUI_USD",
      "m" : "4611686018439614195"
    }, {
      "d" : "1756462469380266850",
      "t" : 1756462469380,
      "tn" : 1756462469380266850,
      "q" : "48.7",
      "p" : "3.30055",
      "s" : "buy",
      "i" : "SUI_USD",
      "m" : "4611686018439614194"
    }, {
      "d" : "1756462469380264726",
      "t" : 1756462469380,
      "tn" : 1756462469380264726,
      "q" : "22.7",
      "p" : "3.30054",
      "s" : "buy",
      "i" : "SUI_USD",
      "m" : "4611686018439614193"
    }, {
      "d" : "1756462469191120016",
      "t" : 1756462469191,
      "tn" : 1756462469191120016,
      "q" : "0.6",
      "p" : "3.30024",
      "s" : "buy",
      "i" : "SUI_USD",
      "m" : "4611686018439614192"
    }, {
      "d" : "1756462460113365497",
      "t" : 1756462460113,
      "tn" : 1756462460113365497,
      "q" : "26.5",
      "p" : "3.29958",
      "s" : "buy",
      "i" : "SUI_USD",
      "m" : "4611686018439614191"
    }, {
      "d" : "1756462446319375339",
      "t" : 1756462446319,
      "tn" : 1756462446319375339,
      "q" : "100.0",
      "p" : "3.30069",
      "s" : "buy",
      "i" : "SUI_USD",
      "m" : "4611686018439614190"
    }, {
      "d" : "1756462446315012421",
      "t" : 1756462446315,
      "tn" : 1756462446315012421,
      "q" : "100.0",
      "p" : "3.30069",
      "s" : "buy",
      "i" : "SUI_USD",
      "m" : "4611686018439614189"
    }, {
      "d" : "1756462446314102584",
      "t" : 1756462446314,
      "tn" : 1756462446314102584,
      "q" : "141.1",
      "p" : "3.30069",
      "s" : "buy",
      "i" : "SUI_USD",
      "m" : "4611686018439614188"
    }, {
      "d" : "1756462444421282422",
      "t" : 1756462444421,
      "tn" : 1756462444421282422,
      "q" : "5.5",
      "p" : "3.30068",
      "s" : "buy",
      "i" : "SUI_USD",
      "m" : "4611686018439614187"
    }, {
      "d" : "1756462441337683658",
      "t" : 1756462441337,
      "tn" : 1756462441337683658,
      "q" : "0.6",
      "p" : "3.30175",
      "s" : "sell",
      "i" : "SUI_USD",
      "m" : "4611686018439614186"
    }, {
      "d" : "1756462431916610928",
      "t" : 1756462431916,
      "tn" : 1756462431916610928,
      "q" : "53.0",
      "p" : "3.30367",
      "s" : "sell",
      "i" : "SUI_USD",
      "m" : "4611686018439614185"
    }, {
      "d" : "1756462431916530236",
      "t" : 1756462431916,
      "tn" : 1756462431916530236,
      "q" : "189.6",
      "p" : "3.30367",
      "s" : "sell",
      "i" : "SUI_USD",
      "m" : "4611686018439614184"
    }, {
      "d" : "1756462431909474734",
      "t" : 1756462431909,
      "tn" : 1756462431909474734,
      "q" : "22.6",
      "p" : "3.30396",
      "s" : "sell",
      "i" : "SUI_USD",
      "m" : "4611686018439614183"
    }, {
      "d" : "1756462431794784599",
      "t" : 1756462431794,
      "tn" : 1756462431794784599,
      "q" : "2.4",
      "p" : "3.30479",
      "s" : "buy",
      "i" : "SUI_USD",
      "m" : "4611686018439614182"
    }, {
      "d" : "1756462431794781761",
      "t" : 1756462431794,
      "tn" : 1756462431794781761,
      "q" : "12.2",
      "p" : "3.30478",
      "s" : "buy",
      "i" : "SUI_USD",
      "m" : "4611686018439614181"
    }, {
      "d" : "1756462427810571057",
      "t" : 1756462427810,
      "tn" : 1756462427810571057,
      "q" : "11.8",
      "p" : "3.30585",
      "s" : "buy",
      "i" : "SUI_USD",
      "m" : "4611686018439614180"
    }, {
      "d" : "1756462417301258278",
      "t" : 1756462417301,
      "tn" : 1756462417301258278,
      "q" : "1.2",
      "p" : "3.30594",
      "s" : "sell",
      "i" : "SUI_USD",
      "m" : "4611686018439614179"
    }, {
      "d" : "1756462417301256089",
      "t" : 1756462417301,
      "tn" : 1756462417301256089,
      "q" : "0.6",
      "p" : "3.30725",
      "s" : "sell",
      "i" : "SUI_USD",
      "m" : "4611686018439614178"
    }, {
      "d" : "1756462389384177586",
      "t" : 1756462389384,
      "tn" : 1756462389384177586,
      "q" : "14.7",
      "p" : "3.30869",
      "s" : "sell",
      "i" : "SUI_USD",
      "m" : "4611686018439614177"
    }, {
      "d" : "1756462389384175396",
      "t" : 1756462389384,
      "tn" : 1756462389384175396,
      "q" : "0.4",
      "p" : "3.31003",
      "s" : "sell",
      "i" : "SUI_USD",
      "m" : "4611686018439614176"
    }, {
      "d" : "1756462382439929969",
      "t" : 1756462382439,
      "tn" : 1756462382439929969,
      "q" : "14.1",
      "p" : "3.30940",
      "s" : "sell",
      "i" : "SUI_USD",
      "m" : "4611686018439614175"
    }, {
      "d" : "1756462382439927947",
      "t" : 1756462382439,
      "tn" : 1756462382439927947,
      "q" : "0.6",
      "p" : "3.30941",
      "s" : "sell",
      "i" : "SUI_USD",
      "m" : "4611686018439614174"
    }, {
      "d" : "1756462382439924062",
      "t" : 1756462382439,
      "tn" : 1756462382439924062,
      "q" : "0.4",
      "p" : "3.31020",
      "s" : "sell",
      "i" : "SUI_USD",
      "m" : "4611686018439614173"
    }, {
      "d" : "1756462375700141641",
      "t" : 1756462375700,
      "tn" : 1756462375700141641,
      "q" : "14.7",
      "p" : "3.30940",
      "s" : "sell",
      "i" : "SUI_USD",
      "m" : "4611686018439614172"
    }, {
      "d" : "1756462375700139660",
      "t" : 1756462375700,
      "tn" : 1756462375700139660,
      "q" : "0.4",
      "p" : "3.31042",
      "s" : "sell",
      "i" : "SUI_USD",
      "m" : "4611686018439614171"
    }, {
      "d" : "1756462375397883578",
      "t" : 1756462375397,
      "tn" : 1756462375397883578,
      "q" : "14.7",
      "p" : "3.30940",
      "s" : "sell",
      "i" : "SUI_USD",
      "m" : "4611686018439614170"
    }, {
      "d" : "1756462375397881811",
      "t" : 1756462375397,
      "tn" : 1756462375397881811,
      "q" : "0.4",
      "p" : "3.31042",
      "s" : "sell",
      "i" : "SUI_USD",
      "m" : "4611686018439614169"
    }, {
      "d" : "1756462363373925078",
      "t" : 1756462363373,
      "tn" : 1756462363373925078,
      "q" : "14.1",
      "p" : "3.30865",
      "s" : "sell",
      "i" : "SUI_USD",
      "m" : "4611686018439614168"
    }, {
      "d" : "1756462363373923365",
      "t" : 1756462363373,
      "tn" : 1756462363373923365,
      "q" : "0.6",
      "p" : "3.30889",
      "s" : "sell",
      "i" : "SUI_USD",
      "m" : "4611686018439614167"
    }, {
      "d" : "1756462363373921228",
      "t" : 1756462363373,
      "tn" : 1756462363373921228,
      "q" : "0.4",
      "p" : "3.30946",
      "s" : "sell",
      "i" : "SUI_USD",
      "m" : "4611686018439614166"
    }, {
      "d" : "1756462362946429160",
      "t" : 1756462362946,
      "tn" : 1756462362946429160,
      "q" : "14.7",
      "p" : "3.30891",
      "s" : "sell",
      "i" : "SUI_USD",
      "m" : "4611686018439614165"
    }, {
      "d" : "1756462362946426676",
      "t" : 1756462362946,
      "tn" : 1756462362946426676,
      "q" : "0.4",
      "p" : "3.30979",
      "s" : "sell",
      "i" : "SUI_USD",
      "m" : "4611686018439614164"
    }, {
      "d" : "1756462337739130602",
      "t" : 1756462337739,
      "tn" : 1756462337739130602,
      "q" : "0.4",
      "p" : "3.30924",
      "s" : "sell",
      "i" : "SUI_USD",
      "m" : "4611686018439614163"
    }, {
      "d" : "1756462337049726282",
      "t" : 1756462337049,
      "tn" : 1756462337049726282,
      "q" : "14.7",
      "p" : "3.30862",
      "s" : "sell",
      "i" : "SUI_USD",
      "m" : "4611686018439614162"
    }, {
      "d" : "1756462337049723432",
      "t" : 1756462337049,
      "tn" : 1756462337049723432,
      "q" : "0.4",
      "p" : "3.30952",
      "s" : "sell",
      "i" : "SUI_USD",
      "m" : "4611686018439614161"
    }, {
      "d" : "1756462330871301124",
      "t" : 1756462330871,
      "tn" : 1756462330871301124,
      "q" : "14.6",
      "p" : "3.30832",
      "s" : "sell",
      "i" : "SUI_USD",
      "m" : "4611686018439614160"
    }, {
      "d" : "1756462330871299154",
      "t" : 1756462330871,
      "tn" : 1756462330871299154,
      "q" : "0.4",
      "p" : "3.30953",
      "s" : "sell",
      "i" : "SUI_USD",
      "m" : "4611686018439614159"
    }, {
      "d" : "1756462327715163098",
      "t" : 1756462327715,
      "tn" : 1756462327715163098,
      "q" : "15.0",
      "p" : "3.30850",
      "s" : "buy",
      "i" : "SUI_USD",
      "m" : "4611686018439614158"
    }, {
      "d" : "1756462327700802990",
      "t" : 1756462327700,
      "tn" : 1756462327700802990,
      "q" : "37.2",
      "p" : "3.30778",
      "s" : "buy",
      "i" : "SUI_USD",
      "m" : "4611686018439614157"
    }, {
      "d" : "1756462327700531464",
      "t" : 1756462327700,
      "tn" : 1756462327700531464,
      "q" : "27.3",
      "p" : "3.30778",
      "s" : "buy",
      "i" : "SUI_USD",
      "m" : "4611686018439614156"
    }, {
      "d" : "1756462327700529112",
      "t" : 1756462327700,
      "tn" : 1756462327700529112,
      "q" : "0.6",
      "p" : "3.30750",
      "s" : "buy",
      "i" : "SUI_USD",
      "m" : "4611686018439614155"
    }, {
      "d" : "1756462323613056082",
      "t" : 1756462323613,
      "tn" : 1756462323613056082,
      "q" : "14.0",
      "p" : "3.30650",
      "s" : "sell",
      "i" : "SUI_USD",
      "m" : "4611686018439614154"
    }, {
      "d" : "1756462323613053545",
      "t" : 1756462323613,
      "tn" : 1756462323613053544,
      "q" : "0.4",
      "p" : "3.30716",
      "s" : "sell",
      "i" : "SUI_USD",
      "m" : "4611686018439614153"
    }, {
      "d" : "1756462323613053544",
      "t" : 1756462323613,
      "tn" : 1756462323613053544,
      "q" : "0.6",
      "p" : "3.30716",
      "s" : "sell",
      "i" : "SUI_USD",
      "m" : "4611686018439614153"
    }, {
      "d" : "1756462311133864131",
      "t" : 1756462311133,
      "tn" : 1756462311133864131,
      "q" : "41.1",
      "p" : "3.30783",
      "s" : "sell",
      "i" : "SUI_USD",
      "m" : "4611686018439614152"
    }, {
      "d" : "1756462311133757437",
      "t" : 1756462311133,
      "tn" : 1756462311133757437,
      "q" : "100.0",
      "p" : "3.30783",
      "s" : "sell",
      "i" : "SUI_USD",
      "m" : "4611686018439614151"
    }, {
      "d" : "1756462310438073093",
      "t" : 1756462310438,
      "tn" : 1756462310438073093,
      "q" : "10.0",
      "p" : "3.30783",
      "s" : "sell",
      "i" : "SUI_USD",
      "m" : "4611686018439614150"
    }, {
      "d" : "1756462304137863912",
      "t" : 1756462304137,
      "tn" : 1756462304137863912,
      "q" : "18.6",
      "p" : "3.30712",
      "s" : "buy",
      "i" : "SUI_USD",
      "m" : "4611686018439614149"
    }, {
      "d" : "1756462287238189054",
      "t" : 1756462287238,
      "tn" : 1756462287238189054,
      "q" : "106.8",
      "p" : "3.30642",
      "s" : "buy",
      "i" : "SUI_USD",
      "m" : "4611686018439614148"
    }, {
      "d" : "1756462287237143641",
      "t" : 1756462287237,
      "tn" : 1756462287237143641,
      "q" : "15.1",
      "p" : "3.30642",
      "s" : "buy",
      "i" : "SUI_USD",
      "m" : "4611686018439614147"
    }, {
      "d" : "1756462287236076527",
      "t" : 1756462287236,
      "tn" : 1756462287236076527,
      "q" : "44.9",
      "p" : "3.30642",
      "s" : "buy",
      "i" : "SUI_USD",
      "m" : "4611686018439614146"
    }, {
      "d" : "1756462287235249805",
      "t" : 1756462287235,
      "tn" : 1756462287235249805,
      "q" : "0.6",
      "p" : "3.30581",
      "s" : "buy",
      "i" : "SUI_USD",
      "m" : "4611686018439614145"
    }, {
      "d" : "1756462254118847558",
      "t" : 1756462254118,
      "tn" : 1756462254118847558,
      "q" : "14.4",
      "p" : "3.30386",
      "s" : "buy",
      "i" : "SUI_USD",
      "m" : "4611686018439614144"
    }, {
      "d" : "1756462254118845216",
      "t" : 1756462254118,
      "tn" : 1756462254118845216,
      "q" : "0.6",
      "p" : "3.30350",
      "s" : "buy",
      "i" : "SUI_USD",
      "m" : "4611686018439614143"
    }, {
      "d" : "1756462204654028457",
      "t" : 1756462204654,
      "tn" : 1756462204654028457,
      "q" : "27.3",
      "p" : "3.30065",
      "s" : "sell",
      "i" : "SUI_USD",
      "m" : "4611686018439614142"
    }, {
      "d" : "1756462204312008433",
      "t" : 1756462204312,
      "tn" : 1756462204312008433,
      "q" : "141.8",
      "p" : "3.30179",
      "s" : "sell",
      "i" : "SUI_USD",
      "m" : "4611686018439614141"
    }, {
      "d" : "1756462140361203299",
      "t" : 1756462140361,
      "tn" : 1756462140361203299,
      "q" : "14.7",
      "p" : "3.30517",
      "s" : "sell",
      "i" : "SUI_USD",
      "m" : "4611686018439614140"
    }, {
      "d" : "1756462140361200957",
      "t" : 1756462140361,
      "tn" : 1756462140361200957,
      "q" : "0.4",
      "p" : "3.30641",
      "s" : "sell",
      "i" : "SUI_USD",
      "m" : "4611686018439614139"
    }, {
      "d" : "1756462134071154525",
      "t" : 1756462134071,
      "tn" : 1756462134071154525,
      "q" : "81.7",
      "p" : "3.30515",
      "s" : "buy",
      "i" : "SUI_USD",
      "m" : "4611686018439614138"
    }, {
      "d" : "1756462134062989893",
      "t" : 1756462134062,
      "tn" : 1756462134062989893,
      "q" : "33.6",
      "p" : "3.30515",
      "s" : "buy",
      "i" : "SUI_USD",
      "m" : "4611686018439614137"
    }, {
      "d" : "1756462134062397131",
      "t" : 1756462134062,
      "tn" : 1756462134062397131,
      "q" : "45.1",
      "p" : "3.30515",
      "s" : "buy",
      "i" : "SUI_USD",
      "m" : "4611686018439614136"
    }, {
      "d" : "1756462134061781722",
      "t" : 1756462134061,
      "tn" : 1756462134061781722,
      "q" : "28.0",
      "p" : "3.30515",
      "s" : "buy",
      "i" : "SUI_USD",
      "m" : "4611686018439614135"
    }, {
      "d" : "1756462134058807277",
      "t" : 1756462134058,
      "tn" : 1756462134058807277,
      "q" : "42.3",
      "p" : "3.30515",
      "s" : "buy",
      "i" : "SUI_USD",
      "m" : "4611686018439614134"
    }, {
      "d" : "1756462131377952616",
      "t" : 1756462131377,
      "tn" : 1756462131377952616,
      "q" : "15.0",
      "p" : "3.30385",
      "s" : "sell",
      "i" : "SUI_USD",
      "m" : "4611686018439614133"
    }, {
      "d" : "1756462131377946740",
      "t" : 1756462131377,
      "tn" : 1756462131377946739,
      "q" : "0.4",
      "p" : "3.30534",
      "s" : "sell",
      "i" : "SUI_USD",
      "m" : "4611686018439614132"
    }, {
      "d" : "1756462131377946739",
      "t" : 1756462131377,
      "tn" : 1756462131377946739,
      "q" : "0.6",
      "p" : "3.30534",
      "s" : "sell",
      "i" : "SUI_USD",
      "m" : "4611686018439614132"
    }, {
      "d" : "1756462131276421003",
      "t" : 1756462131276,
      "tn" : 1756462131276421003,
      "q" : "0.4",
      "p" : "3.30565",
      "s" : "sell",
      "i" : "SUI_USD",
      "m" : "4611686018439614131"
    }, {
      "d" : "1756462123571423368",
      "t" : 1756462123571,
      "tn" : 1756462123571423368,
      "q" : "0.6",
      "p" : "3.30637",
      "s" : "sell",
      "i" : "SUI_USD",
      "m" : "4611686018439614130"
    }, {
      "d" : "1756462109220708980",
      "t" : 1756462109220,
      "tn" : 1756462109220708980,
      "q" : "14.4",
      "p" : "3.30766",
      "s" : "buy",
      "i" : "SUI_USD",
      "m" : "4611686018439614129"
    }, {
      "d" : "1756462109220706567",
      "t" : 1756462109220,
      "tn" : 1756462109220706567,
      "q" : "0.6",
      "p" : "3.30673",
      "s" : "buy",
      "i" : "SUI_USD",
      "m" : "4611686018439614128"
    }, {
      "d" : "1756462104992471245",
      "t" : 1756462104992,
      "tn" : 1756462104992471245,
      "q" : "21.2",
      "p" : "3.30563",
      "s" : "buy",
      "i" : "SUI_USD",
      "m" : "4611686018439614127"
    }, {
      "d" : "1756462104962108461",
      "t" : 1756462104962,
      "tn" : 1756462104962108461,
      "q" : "99.1",
      "p" : "3.30563",
      "s" : "buy",
      "i" : "SUI_USD",
      "m" : "4611686018439614126"
    }, {
      "d" : "1756462104939705089",
      "t" : 1756462104939,
      "tn" : 1756462104939705089,
      "q" : "50.2",
      "p" : "3.30563",
      "s" : "buy",
      "i" : "SUI_USD",
      "m" : "4611686018439614125"
    }, {
      "d" : "1756462104938967887",
      "t" : 1756462104938,
      "tn" : 1756462104938967887,
      "q" : "53.1",
      "p" : "3.30563",
      "s" : "sell",
      "i" : "SUI_USD",
      "m" : "4611686018439614124"
    }, {
      "d" : "1756462083732318696",
      "t" : 1756462083732,
      "tn" : 1756462083732318696,
      "q" : "22.6",
      "p" : "3.30510",
      "s" : "sell",
      "i" : "SUI_USD",
      "m" : "4611686018439614123"
    }, {
      "d" : "1756462082072570235",
      "t" : 1756462082072,
      "tn" : 1756462082072570235,
      "q" : "0.6",
      "p" : "3.30462",
      "s" : "buy",
      "i" : "SUI_USD",
      "m" : "4611686018439614122"
    }, {
      "d" : "1756462073211722607",
      "t" : 1756462073211,
      "tn" : 1756462073211722607,
      "q" : "23.7",
      "p" : "3.30369",
      "s" : "sell",
      "i" : "SUI_USD",
      "m" : "4611686018439614121"
    }, {
      "d" : "1756462071474706674",
      "t" : 1756462071474,
      "tn" : 1756462071474706674,
      "q" : "0.6",
      "p" : "3.30367",
      "s" : "buy",
      "i" : "SUI_USD",
      "m" : "4611686018439614120"
    }, {
      "d" : "1756462066986049747",
      "t" : 1756462066986,
      "tn" : 1756462066986049747,
      "q" : "0.6",
      "p" : "3.30335",
      "s" : "sell",
      "i" : "SUI_USD",
      "m" : "4611686018439614119"
    }, {
      "d" : "1756462063440259431",
      "t" : 1756462063440,
      "tn" : 1756462063440259430,
      "q" : "30.5",
      "p" : "3.30469",
      "s" : "buy",
      "i" : "SUI_USD",
      "m" : "4611686018439614118"
    }, {
      "d" : "1756462063440259430",
      "t" : 1756462063440,
      "tn" : 1756462063440259430,
      "q" : "12.8",
      "p" : "3.30469",
      "s" : "buy",
      "i" : "SUI_USD",
      "m" : "4611686018439614118"
    }, {
      "d" : "1756462023973424380",
      "t" : 1756462023973,
      "tn" : 1756462023973424380,
      "q" : "0.6",
      "p" : "3.30114",
      "s" : "buy",
      "i" : "SUI_USD",
      "m" : "4611686018439614117"
    }, {
      "d" : "1756462015273844263",
      "t" : 1756462015273,
      "tn" : 1756462015273844263,
      "q" : "16.9",
      "p" : "3.30071",
      "s" : "buy",
      "i" : "SUI_USD",
      "m" : "4611686018439614116"
    }, {
      "d" : "1756462005847244122",
      "t" : 1756462005847,
      "tn" : 1756462005847244122,
      "q" : "15.3",
      "p" : "3.29986",
      "s" : "buy",
      "i" : "SUI_USD",
      "m" : "4611686018439614115"
    }, {
      "d" : "1756462003812192259",
      "t" : 1756462003812,
      "tn" : 1756462003812192258,
      "q" : "13.6",
      "p" : "3.29963",
      "s" : "buy",
      "i" : "SUI_USD",
      "m" : "4611686018439614114"
    }, {
      "d" : "1756462003812192258",
      "t" : 1756462003812,
      "tn" : 1756462003812192258,
      "q" : "14.1",
      "p" : "3.29963",
      "s" : "buy",
      "i" : "SUI_USD",
      "m" : "4611686018439614114"
    }, {
      "d" : "1756462003810188924",
      "t" : 1756462003810,
      "tn" : 1756462003810188924,
      "q" : "3.0",
      "p" : "3.29963",
      "s" : "buy",
      "i" : "SUI_USD",
      "m" : "4611686018439614113"
    }, {
      "d" : "1756462000253392636",
      "t" : 1756462000253,
      "tn" : 1756462000253392636,
      "q" : "13.7",
      "p" : "3.29920",
      "s" : "buy",
      "i" : "SUI_USD",
      "m" : "4611686018439614112"
    }, {
      "d" : "1756461996989957302",
      "t" : 1756461996989,
      "tn" : 1756461996989957302,
      "q" : "11.6",
      "p" : "3.29842",
      "s" : "buy",
      "i" : "SUI_USD",
      "m" : "4611686018439614111"
    }, {
      "d" : "1756461959797361253",
      "t" : 1756461959797,
      "tn" : 1756461959797361253,
      "q" : "9.4",
      "p" : "3.29667",
      "s" : "buy",
      "i" : "SUI_USD",
      "m" : "4611686018439614110"
    }, {
      "d" : "1756461956814809798",
      "t" : 1756461956814,
      "tn" : 1756461956814809798,
      "q" : "14.5",
      "p" : "3.29611",
      "s" : "sell",
      "i" : "SUI_USD",
      "m" : "4611686018439614109"
    }, {
      "d" : "1756461956814807136",
      "t" : 1756461956814,
      "tn" : 1756461956814807136,
      "q" : "0.6",
      "p" : "3.29720",
      "s" : "sell",
      "i" : "SUI_USD",
      "m" : "4611686018439614108"
    }, {
      "d" : "1756461943105745513",
      "t" : 1756461943105,
      "tn" : 1756461943105745513,
      "q" : "14.1",
      "p" : "3.29728",
      "s" : "sell",
      "i" : "SUI_USD",
      "m" : "4611686018439614107"
    }, {
      "d" : "1756461943105743319",
      "t" : 1756461943105,
      "tn" : 1756461943105743319,
      "q" : "0.6",
      "p" : "3.29729",
      "s" : "sell",
      "i" : "SUI_USD",
      "m" : "4611686018439614106"
    }, {
      "d" : "1756461943105741336",
      "t" : 1756461943105,
      "tn" : 1756461943105741336,
      "q" : "0.4",
      "p" : "3.29869",
      "s" : "sell",
      "i" : "SUI_USD",
      "m" : "4611686018439614105"
    }, {
      "d" : "1756461934087319776",
      "t" : 1756461934087,
      "tn" : 1756461934087319776,
      "q" : "14.7",
      "p" : "3.29801",
      "s" : "sell",
      "i" : "SUI_USD",
      "m" : "4611686018439614104"
    }, {
      "d" : "1756461934087316873",
      "t" : 1756461934087,
      "tn" : 1756461934087316873,
      "q" : "0.4",
      "p" : "3.29942",
      "s" : "sell",
      "i" : "SUI_USD",
      "m" : "4611686018439614103"
    }, {
      "d" : "1756461933216236647",
      "t" : 1756461933216,
      "tn" : 1756461933216236647,
      "q" : "0.4",
      "p" : "3.29958",
      "s" : "sell",
      "i" : "SUI_USD",
      "m" : "4611686018439614102"
    }, {
      "d" : "1756461932910306934",
      "t" : 1756461932910,
      "tn" : 1756461932910306934,
      "q" : "14.7",
      "p" : "3.29801",
      "s" : "sell",
      "i" : "SUI_USD",
      "m" : "4611686018439614101"
    }, {
      "d" : "1756461932910304827",
      "t" : 1756461932910,
      "tn" : 1756461932910304827,
      "q" : "0.4",
      "p" : "3.29981",
      "s" : "sell",
      "i" : "SUI_USD",
      "m" : "4611686018439614100"
    }, {
      "d" : "1756461913287970766",
      "t" : 1756461913287,
      "tn" : 1756461913287970766,
      "q" : "11.4",
      "p" : "3.29727",
      "s" : "sell",
      "i" : "SUI_USD",
      "m" : "4611686018439614099"
    }, {
      "d" : "1756461913287968646",
      "t" : 1756461913287,
      "tn" : 1756461913287968646,
      "q" : "3.7",
      "p" : "3.29735",
      "s" : "sell",
      "i" : "SUI_USD",
      "m" : "4611686018439614098"
    }, {
      "d" : "1756461906703501433",
      "t" : 1756461906703,
      "tn" : 1756461906703501433,
      "q" : "0.4",
      "p" : "3.29912",
      "s" : "sell",
      "i" : "SUI_USD",
      "m" : "4611686018439614097"
    }, {
      "d" : "1756461906312468600",
      "t" : 1756461906312,
      "tn" : 1756461906312468600,
      "q" : "7.6",
      "p" : "3.29773",
      "s" : "sell",
      "i" : "SUI_USD",
      "m" : "4611686018439614096"
    }, {
      "d" : "1756461906312467057",
      "t" : 1756461906312,
      "tn" : 1756461906312467057,
      "q" : "5.3",
      "p" : "3.29774",
      "s" : "sell",
      "i" : "SUI_USD",
      "m" : "4611686018439614095"
    }, {
      "d" : "1756461906312464946",
      "t" : 1756461906312,
      "tn" : 1756461906312464946,
      "q" : "1.8",
      "p" : "3.29810",
      "s" : "sell",
      "i" : "SUI_USD",
      "m" : "4611686018439614094"
    } ]
  }
}