{
  "id" : -1,
  "method" : "public/get-trades",
  "code" : 0,
  "result" : {
    "data" : [ {
      "d" : "1756461167492302961",
      "t" : 1756461167492,
      "tn" : 1756461167492302961,
      "q" : "0.3",
      "p" : "0.000030183",
      "s" : "buy",
      "i" : "SUI_BTC",
      "m" : "4611686018427560010"
    }, {
      "d" : "1756461020050454165",
      "t" : 1756461020050,
      "tn" : 1756461020050454165,
      "q" : "3.8",
      "p" : "0.000030024",
      "s" : "sell",
      "i" : "SUI_BTC",
      "m" : "4611686018427560009"
    }, {
      "d" : "1756461019214099671",
      "t" : 1756461019214,
      "tn" : 1756461019214099671,
      "q" : "7.4",
      "p" : "0.000030024",
      "s" : "sell",
      "i" : "SUI_BTC",
      "m" : "4611686018427560008"
    }, {
      "d" : "1756460966370305025",
      "t" : 1756460966370,
      "tn" : 1756460966370305025,
      "q" : "1.9",
      "p" : "0.000030262",
      "s" : "buy",
      "i" : "SUI_BTC",
      "m" : "4611686018427560007"
    }, {
      "d" : "1756459355082877078",
      "t" : 1756459355082,
      "tn" : 1756459355082877078,
      "q" : "40.4",
      "p" : "0.000030241",
      "s" : "sell",
      "i" : "SUI_BTC",
      "m" : "4611686018427560006"
    }, {
      "d" : "1756459355080860136",
      "t" : 1756459355080,
      "tn" : 1756459355080860136,
      "q" : "38.7",
      "p" : "0.000030241",
      "s" : "sell",
      "i" : "SUI_BTC",
      "m" : "4611686018427560005"
    }, {
      "d" : "1756459089278550677",
      "t" : 1756459089278,
      "tn" : 1756459089278550677,
      "q" : "2.4",
      "p" : "0.000030124",
      "s" : "buy",
      "i" : "SUI_BTC",
      "m" : "4611686018427560004"
    }, {
      "d" : "1756459088358805272",
      "t" : 1756459088358,
      "tn" : 1756459088358805272,
      "q" : "8.0",
      "p" : "0.000030124",
      "s" : "buy",
      "i" : "SUI_BTC",
      "m" : "4611686018427560003"
    }, {
      "d" : "1756458177141538517",
      "t" : 1756458177141,
      "tn" : 1756458177141538517,
      "q" : "4.7",
      "p" : "0.000030223",
      "s" : "sell",
      "i" : "SUI_BTC",
      "m" : "4611686018427560002"
    }, {
      "d" : "1756458177141536311",
      "t" : 1756458177141,
      "tn" : 1756458177141536311,
      "q" : "0.6",
      "p" : "0.000030224",
      "s" : "sell",
      "i" : "SUI_BTC",
      "m" : "4611686018427560001"
    }, {
      "d" : "1756458152047682005",
      "t" : 1756458152047,
      "tn" : 1756458152047682005,
      "q" : "0.7",
      "p" : "0.000030280",
      "s" : "sell",
      "i" : "SUI_BTC",
      "m" : "4611686018427560000"
    }, {
      "d" : "1756458149006091923",
      "t" : 1756458149006,
      "tn" : 1756458149006091923,
      "q" : "2.5",
      "p" : "0.000030283",
      "s" : "sell",
      "i" : "SUI_BTC",
      "m" : "4611686018427559999"
    }, {
      "d" : "1756458148156538333",
      "t" : 1756458148156,
      "tn" : 1756458148156538333,
      "q" : "7.9",
      "p" : "0.000030283",
      "s" : "sell",
      "i" : "SUI_BTC",
      "m" : "4611686018427559998"
    }, {
      "d" : "1756457567491545483",
      "t" : 1756457567491,
      "tn" : 1756457567491545483,
      "q" : "0.3",
      "p" : "0.000030604",
      "s" : "buy",
      "i" : "SUI_BTC",
      "m" : "4611686018427559997"
    }, {
      "d" : "1756454702343691574",
      "t" : 1756454702343,
      "tn" : 1756454702343691574,
      "q" : "1.8",
      "p" : "0.000030472",
      "s" : "buy",
      "i" : "SUI_BTC",
      "m" : "4611686018427559996"
    }, {
      "d" : "1756454699112400772",
      "t" : 1756454699112,
      "tn" : 1756454699112400772,
      "q" : "8.0",
      "p" : "0.000030472",
      "s" : "buy",
      "i" : "SUI_BTC",
      "m" : "4611686018427559995"
    }, {
      "d" : "1756453967492024537",
      "t" : 1756453967492,
      "tn" : 1756453967492024537,
      "q" : "0.3",
      "p" : "0.000030544",
      "s" : "buy",
      "i" : "SUI_BTC",
      "m" : "4611686018427559994"
    }, {
      "d" : "1756450918056470474",
      "t" : 1756450918056,
      "tn" : 1756450918056470474,
      "q" : "0.6",
      "p" : "0.000030585",
      "s" : "sell",
      "i" : "SUI_BTC",
      "m" : "4611686018427559993"
    }, {
      "d" : "1756450903411003446",
      "t" : 1756450903411,
      "tn" : 1756450903411003446,
      "q" : "3.6",
      "p" : "0.000030645",
      "s" : "sell",
      "i" : "SUI_BTC",
      "m" : "4611686018427559992"
    }, {
      "d" : "1756450367491899582",
      "t" : 1756450367491,
      "tn" : 1756450367491899582,
      "q" : "0.3",
      "p" : "0.000030719",
      "s" : "buy",
      "i" : "SUI_BTC",
      "m" : "4611686018427559991"
    }, {
      "d" : "1756446767492209171",
      "t" : 1756446767492,
      "tn" : 1756446767492209171,
      "q" : "0.3",
      "p" : "0.000031086",
      "s" : "buy",
      "i" : "SUI_BTC",
      "m" : "4611686018427559990"
    }, {
      "d" : "1756443455026629933",
      "t" : 1756443455026,
      "tn" : 1756443455026629933,
      "q" : "2.5",
      "p" : "0.000030863",
      "s" : "sell",
      "i" : "SUI_BTC",
      "m" : "4611686018427559989"
    }, {
      "d" : "1756443395646603793",
      "t" : 1756443395646,
      "tn" : 1756443395646603793,
      "q" : "7.9",
      "p" : "0.000030893",
      "s" : "sell",
      "i" : "SUI_BTC",
      "m" : "4611686018427559988"
    }, {
      "d" : "1756443167491829758",
      "t" : 1756443167491,
      "tn" : 1756443167491829758,
      "q" : "0.3",
      "p" : "0.000031161",
      "s" : "buy",
      "i" : "SUI_BTC",
      "m" : "4611686018427559987"
    }, {
      "d" : "1756439567491971925",
      "t" : 1756439567491,
      "tn" : 1756439567491971925,
      "q" : "0.3",
      "p" : "0.000031242",
      "s" : "buy",
      "i" : "SUI_BTC",
      "m" : "4611686018427559986"
    }, {
      "d" : "1756435967492243851",
      "t" : 1756435967492,
      "tn" : 1756435967492243851,
      "q" : "0.3",
      "p" : "0.000031279",
      "s" : "buy",
      "i" : "SUI_BTC",
      "m" : "4611686018427559985"
    }, {
      "d" : "1756435958964043481",
      "t" : 1756435958964,
      "tn" : 1756435958964043481,
      "q" : "60.1",
      "p" : "0.000031370",
      "s" : "buy",
      "i" : "SUI_BTC",
      "m" : "4611686018427559984"
    }, {
      "d" : "1756435958964041672",
      "t" : 1756435958964,
      "tn" : 1756435958964041672,
      "q" : "28.8",
      "p" : "0.000031357",
      "s" : "buy",
      "i" : "SUI_BTC",
      "m" : "4611686018427559983"
    }, {
      "d" : "1756435958964038970",
      "t" : 1756435958964,
      "tn" : 1756435958964038970,
      "q" : "4.7",
      "p" : "0.000031311",
      "s" : "buy",
      "i" : "SUI_BTC",
      "m" : "4611686018427559982"
    }, {
      "d" : "1756435958964036574",
      "t" : 1756435958964,
      "tn" : 1756435958964036574,
      "q" : "5.8",
      "p" : "0.000031275",
      "s" : "buy",
      "i" : "SUI_BTC",
      "m" : "4611686018427559981"
    }, {
      "d" : "1756435958964032837",
      "t" : 1756435958964,
      "tn" : 1756435958964032837,
      "q" : "0.6",
      "p" : "0.000031084",
      "s" : "buy",
      "i" : "SUI_BTC",
      "m" : "4611686018427559980"
    }, {
      "d" : "1756435269521991615",
      "t" : 1756435269521,
      "tn" : 1756435269521991615,
      "q" : "0.4",
      "p" : "0.000031051",
      "s" : "buy",
      "i" : "SUI_BTC",
      "m" : "4611686018427559979"
    }, {
      "d" : "1756435268893258254",
      "t" : 1756435268893,
      "tn" : 1756435268893258254,
      "q" : "3.4",
      "p" : "0.000031050",
      "s" : "buy",
      "i" : "SUI_BTC",
      "m" : "4611686018427559978"
    }, {
      "d" : "1756435268228967726",
      "t" : 1756435268228,
      "tn" : 1756435268228967726,
      "q" : "7.0",
      "p" : "0.000031050",
      "s" : "buy",
      "i" : "SUI_BTC",
      "m" : "4611686018427559977"
    }, {
      "d" : "1756432367491866748",
      "t" : 1756432367491,
      "tn" : 1756432367491866748,
      "q" : "0.3",
      "p" : "0.000030823",
      "s" : "buy",
      "i" : "SUI_BTC",
      "m" : "4611686018427559976"
    }, {
      "d" : "1756431972715287012",
      "t" : 1756431972715,
      "tn" : 1756431972715287012,
      "q" : "4.8",
      "p" : "0.000030796",
      "s" : "sell",
      "i" : "SUI_BTC",
      "m" : "4611686018427559975"
    }, {
      "d" : "1756428767492152374",
      "t" : 1756428767492,
      "tn" : 1756428767492152374,
      "q" : "0.3",
      "p" : "0.000030905",
      "s" : "buy",
      "i" : "SUI_BTC",
      "m" : "4611686018427559974"
    }, {
      "d" : "1756428363572412957",
      "t" : 1756428363572,
      "tn" : 1756428363572412957,
      "q" : "1.2",
      "p" : "0.000030881",
      "s" : "buy",
      "i" : "SUI_BTC",
      "m" : "4611686018427559973"
    }, {
      "d" : "1756428363066414115",
      "t" : 1756428363066,
      "tn" : 1756428363066414115,
      "q" : "1.2",
      "p" : "0.000030881",
      "s" : "buy",
      "i" : "SUI_BTC",
      "m" : "4611686018427559972"
    }, {
      "d" : "1756425167491355499",
      "t" : 1756425167491,
      "tn" : 1756425167491355499,
      "q" : "0.3",
      "p" : "0.000031217",
      "s" : "buy",
      "i" : "SUI_BTC",
      "m" : "4611686018427559971"
    }, {
      "d" : "1756421567491979101",
      "t" : 1756421567491,
      "tn" : 1756421567491979101,
      "q" : "0.3",
      "p" : "0.000031077",
      "s" : "buy",
      "i" : "SUI_BTC",
      "m" : "4611686018427559970"
    }, {
      "d" : "1756420831923777157",
      "t" : 1756420831923,
      "tn" : 1756420831923777157,
      "q" : "8.3",
      "p" : "0.000031094",
      "s" : "sell",
      "i" : "SUI_BTC",
      "m" : "4611686018427559969"
    }, {
      "d" : "1756420307537071567",
      "t" : 1756420307537,
      "tn" : 1756420307537071567,
      "q" : "1.2",
      "p" : "0.000031051",
      "s" : "buy",
      "i" : "SUI_BTC",
      "m" : "4611686018427559968"
    }, {
      "d" : "1756420307200606215",
      "t" : 1756420307200,
      "tn" : 1756420307200606215,
      "q" : "1.2",
      "p" : "0.000031051",
      "s" : "buy",
      "i" : "SUI_BTC",
      "m" : "4611686018427559967"
    }, {
      "d" : "1756420306647988345",
      "t" : 1756420306647,
      "tn" : 1756420306647988345,
      "q" : "2.3",
      "p" : "0.000031051",
      "s" : "buy",
      "i" : "SUI_BTC",
      "m" : "4611686018427559966"
    }, {
      "d" : "1756420305943526316",
      "t" : 1756420305943,
      "tn" : 1756420305943526316,
      "q" : "2.2",
      "p" : "0.000031050",
      "s" : "buy",
      "i" : "SUI_BTC",
      "m" : "4611686018427559965"
    }, {
      "d" : "1756420305396274649",
      "t" : 1756420305396,
      "tn" : 1756420305396274649,
      "q" : "7.0",
      "p" : "0.000031050",
      "s" : "buy",
      "i" : "SUI_BTC",
      "m" : "4611686018427559964"
    }, {
      "d" : "1756417967492177290",
      "t" : 1756417967492,
      "tn" : 1756417967492177290,
      "q" : "0.3",
      "p" : "0.000031004",
      "s" : "buy",
      "i" : "SUI_BTC",
      "m" : "4611686018427559963"
    }, {
      "d" : "1756414367491507102",
      "t" : 1756414367491,
      "tn" : 1756414367491507102,
      "q" : "0.3",
      "p" : "0.000030710",
      "s" : "buy",
      "i" : "SUI_BTC",
      "m" : "4611686018427559962"
    }, {
      "d" : "1756410767491836220",
      "t" : 1756410767491,
      "tn" : 1756410767491836220,
      "q" : "0.3",
      "p" : "0.000030805",
      "s" : "buy",
      "i" : "SUI_BTC",
      "m" : "4611686018427559961"
    }, {
      "d" : "1756407167491621889",
      "t" : 1756407167491,
      "tn" : 1756407167491621889,
      "q" : "0.3",
      "p" : "0.000030975",
      "s" : "buy",
      "i" : "SUI_BTC",
      "m" : "4611686018427559960"
    }, {
      "d" : "1756403567491719431",
      "t" : 1756403567491,
      "tn" : 1756403567491719431,
      "q" : "0.3",
      "p" : "0.000030898",
      "s" : "buy",
      "i" : "SUI_BTC",
      "m" : "4611686018427559959"
    }, {
      "d" : "1756400393905827448",
      "t" : 1756400393905,
      "tn" : 1756400393905827448,
      "q" : "0.4",
      "p" : "0.000030503",
      "s" : "sell",
      "i" : "SUI_BTC",
      "m" : "4611686018427559958"
    }, {
      "d" : "1756400368094180139",
      "t" : 1756400368094,
      "tn" : 1756400368094180139,
      "q" : "7.4",
      "p" : "0.000030504",
      "s" : "sell",
      "i" : "SUI_BTC",
      "m" : "4611686018427559957"
    }, {
      "d" : "1756399967492224497",
      "t" : 1756399967492,
      "tn" : 1756399967492224497,
      "q" : "0.3",
      "p" : "0.000030716",
      "s" : "buy",
      "i" : "SUI_BTC",
      "m" : "4611686018427559956"
    }, {
      "d" : "1756396367492136380",
      "t" : 1756396367492,
      "tn" : 1756396367492136380,
      "q" : "0.3",
      "p" : "0.000030738",
      "s" : "buy",
      "i" : "SUI_BTC",
      "m" : "4611686018427559955"
    }, {
      "d" : "1756394421331663384",
      "t" : 1756394421331,
      "tn" : 1756394421331663384,
      "q" : "5.7",
      "p" : "0.000031014",
      "s" : "sell",
      "i" : "SUI_BTC",
      "m" : "4611686018427559954"
    }, {
      "d" : "1756392767491367951",
      "t" : 1756392767491,
      "tn" : 1756392767491367951,
      "q" : "0.3",
      "p" : "0.000031033",
      "s" : "buy",
      "i" : "SUI_BTC",
      "m" : "4611686018427559953"
    }, {
      "d" : "1756391514735632093",
      "t" : 1756391514735,
      "tn" : 1756391514735632093,
      "q" : "0.6",
      "p" : "0.000031014",
      "s" : "sell",
      "i" : "SUI_BTC",
      "m" : "4611686018427559952"
    }, {
      "d" : "1756389167491564928",
      "t" : 1756389167491,
      "tn" : 1756389167491564928,
      "q" : "0.3",
      "p" : "0.000030993",
      "s" : "buy",
      "i" : "SUI_BTC",
      "m" : "4611686018427559951"
    }, {
      "d" : "1756388759038520427",
      "t" : 1756388759038,
      "tn" : 1756388759038520427,
      "q" : "0.4",
      "p" : "0.000031020",
      "s" : "sell",
      "i" : "SUI_BTC",
      "m" : "4611686018427559950"
    }, {
      "d" : "1756386419265581115",
      "t" : 1756386419265,
      "tn" : 1756386419265581115,
      "q" : "5.1",
      "p" : "0.000031235",
      "s" : "buy",
      "i" : "SUI_BTC",
      "m" : "4611686018427559949"
    }, {
      "d" : "1756385567491259543",
      "t" : 1756385567491,
      "tn" : 1756385567491259543,
      "q" : "0.3",
      "p" : "0.000031062",
      "s" : "buy",
      "i" : "SUI_BTC",
      "m" : "4611686018427559948"
    }, {
      "d" : "1756384275615708561",
      "t" : 1756384275615,
      "tn" : 1756384275615708561,
      "q" : "0.6",
      "p" : "0.000031016",
      "s" : "sell",
      "i" : "SUI_BTC",
      "m" : "4611686018427559947"
    }, {
      "d" : "1756381967492009398",
      "t" : 1756381967492,
      "tn" : 1756381967492009398,
      "q" : "0.3",
      "p" : "0.000031151",
      "s" : "buy",
      "i" : "SUI_BTC",
      "m" : "4611686018427559946"
    }, {
      "d" : "1756381515194323248",
      "t" : 1756381515194,
      "tn" : 1756381515194323248,
      "q" : "6.2",
      "p" : "0.000030917",
      "s" : "sell",
      "i" : "SUI_BTC",
      "m" : "4611686018427559945"
    }, {
      "d" : "1756378367491316557",
      "t" : 1756378367491,
      "tn" : 1756378367491316557,
      "q" : "0.3",
      "p" : "0.000030933",
      "s" : "buy",
      "i" : "SUI_BTC",
      "m" : "4611686018427559944"
    } ]
  }
}