{
  "id" : -1,
  "method" : "public/get-trades",
  "code" : 0,
  "result" : {
    "data" : [ {
      "d" : "1756462596665281050",
      "t" : 1756462596665,
      "tn" : 1756462596665281050,
      "q" : "0.4",
      "p" : "3.29763",
      "s" : "sell",
      "i" : "SUI_USDT",
      "m" : "4611686018434128887"
    }, {
      "d" : "1756462589877653311",
      "t" : 1756462589877,
      "tn" : 1756462589877653311,
      "q" : "0.4",
      "p" : "3.29772",
      "s" : "sell",
      "i" : "SUI_USDT",
      "m" : "4611686018434128886"
    }, {
      "d" : "1756462589769478377",
      "t" : 1756462589769,
      "tn" : 1756462589769478377,
      "q" : "0.4",
      "p" : "3.29774",
      "s" : "sell",
      "i" : "SUI_USDT",
      "m" : "4611686018434128885"
    }, {
      "d" : "1756462587341576113",
      "t" : 1756462587341,
      "tn" : 1756462587341576113,
      "q" : "0.4",
      "p" : "3.29809",
      "s" : "sell",
      "i" : "SUI_USDT",
      "m" : "4611686018434128884"
    }, {
      "d" : "1756462587241491370",
      "t" : 1756462587241,
      "tn" : 1756462587241491370,
      "q" : "0.4",
      "p" : "3.29810",
      "s" : "sell",
      "i" : "SUI_USDT",
      "m" : "4611686018434128883"
    }, {
      "d" : "1756462587141950990",
      "t" : 1756462587141,
      "tn" : 1756462587141950990,
      "q" : "0.4",
      "p" : "3.29810",
      "s" : "sell",
      "i" : "SUI_USDT",
      "m" : "4611686018434128882"
    }, {
      "d" : "1756462587041814619",
      "t" : 1756462587041,
      "tn" : 1756462587041814619,
      "q" : "0.4",
      "p" : "3.29810",
      "s" : "sell",
      "i" : "SUI_USDT",
      "m" : "4611686018434128881"
    }, {
      "d" : "1756462586940212429",
      "t" : 1756462586940,
      "tn" : 1756462586940212429,
      "q" : "0.4",
      "p" : "3.29810",
      "s" : "sell",
      "i" : "SUI_USDT",
      "m" : "4611686018434128880"
    }, {
      "d" : "1756462586840098521",
      "t" : 1756462586840,
      "tn" : 1756462586840098521,
      "q" : "0.4",
      "p" : "3.29810",
      "s" : "sell",
      "i" : "SUI_USDT",
      "m" : "4611686018434128879"
    }, {
      "d" : "1756462586739966396",
      "t" : 1756462586739,
      "tn" : 1756462586739966396,
      "q" : "0.4",
      "p" : "3.29811",
      "s" : "sell",
      "i" : "SUI_USDT",
      "m" : "4611686018434128878"
    }, {
      "d" : "1756462586639747915",
      "t" : 1756462586639,
      "tn" : 1756462586639747915,
      "q" : "0.4",
      "p" : "3.29811",
      "s" : "sell",
      "i" : "SUI_USDT",
      "m" : "4611686018434128877"
    }, {
      "d" : "1756462586594620173",
      "t" : 1756462586594,
      "tn" : 1756462586594620173,
      "q" : "0.4",
      "p" : "3.29811",
      "s" : "sell",
      "i" : "SUI_USDT",
      "m" : "4611686018434128876"
    }, {
      "d" : "1756462586574630164",
      "t" : 1756462586574,
      "tn" : 1756462586574630164,
      "q" : "0.4",
      "p" : "3.29811",
      "s" : "sell",
      "i" : "SUI_USDT",
      "m" : "4611686018434128875"
    }, {
      "d" : "1756462586539450023",
      "t" : 1756462586539,
      "tn" : 1756462586539450023,
      "q" : "0.4",
      "p" : "3.29811",
      "s" : "sell",
      "i" : "SUI_USDT",
      "m" : "4611686018434128874"
    }, {
      "d" : "1756462586519394547",
      "t" : 1756462586519,
      "tn" : 1756462586519394547,
      "q" : "0.4",
      "p" : "3.29811",
      "s" : "sell",
      "i" : "SUI_USDT",
      "m" : "4611686018434128873"
    }, {
      "d" : "1756462586439267492",
      "t" : 1756462586439,
      "tn" : 1756462586439267492,
      "q" : "0.4",
      "p" : "3.29811",
      "s" : "sell",
      "i" : "SUI_USDT",
      "m" : "4611686018434128872"
    }, {
      "d" : "1756462586339104476",
      "t" : 1756462586339,
      "tn" : 1756462586339104476,
      "q" : "0.4",
      "p" : "3.29811",
      "s" : "sell",
      "i" : "SUI_USDT",
      "m" : "4611686018434128871"
    }, {
      "d" : "1756462586138887286",
      "t" : 1756462586138,
      "tn" : 1756462586138887286,
      "q" : "0.4",
      "p" : "3.29810",
      "s" : "sell",
      "i" : "SUI_USDT",
      "m" : "4611686018434128870"
    }, {
      "d" : "1756462586068774768",
      "t" : 1756462586068,
      "tn" : 1756462586068774768,
      "q" : "0.4",
      "p" : "3.29810",
      "s" : "sell",
      "i" : "SUI_USDT",
      "m" : "4611686018434128869"
    }, {
      "d" : "1756462586039356764",
      "t" : 1756462586039,
      "tn" : 1756462586039356764,
      "q" : "0.4",
      "p" : "3.29810",
      "s" : "sell",
      "i" : "SUI_USDT",
      "m" : "4611686018434128868"
    }, {
      "d" : "1756462585964254768",
      "t" : 1756462585964,
      "tn" : 1756462585964254768,
      "q" : "0.4",
      "p" : "3.29810",
      "s" : "sell",
      "i" : "SUI_USDT",
      "m" : "4611686018434128867"
    }, {
      "d" : "1756462585957757332",
      "t" : 1756462585957,
      "tn" : 1756462585957757332,
      "q" : "0.4",
      "p" : "3.29810",
      "s" : "sell",
      "i" : "SUI_USDT",
      "m" : "4611686018434128866"
    }, {
      "d" : "1756462585939185858",
      "t" : 1756462585939,
      "tn" : 1756462585939185858,
      "q" : "0.4",
      "p" : "3.29810",
      "s" : "sell",
      "i" : "SUI_USDT",
      "m" : "4611686018434128865"
    }, {
      "d" : "1756462585838956875",
      "t" : 1756462585838,
      "tn" : 1756462585838956875,
      "q" : "0.4",
      "p" : "3.29810",
      "s" : "sell",
      "i" : "SUI_USDT",
      "m" : "4611686018434128864"
    }, {
      "d" : "1756462585738568166",
      "t" : 1756462585738,
      "tn" : 1756462585738568166,
      "q" : "0.4",
      "p" : "3.29810",
      "s" : "sell",
      "i" : "SUI_USDT",
      "m" : "4611686018434128863"
    }, {
      "d" : "1756462585643174857",
      "t" : 1756462585643,
      "tn" : 1756462585643174857,
      "q" : "0.4",
      "p" : "3.29810",
      "s" : "sell",
      "i" : "SUI_USDT",
      "m" : "4611686018434128862"
    }, {
      "d" : "1756462585634837992",
      "t" : 1756462585634,
      "tn" : 1756462585634837992,
      "q" : "0.6",
      "p" : "3.29792",
      "s" : "sell",
      "i" : "SUI_USDT",
      "m" : "4611686018434128861"
    }, {
      "d" : "1756462585625997641",
      "t" : 1756462585625,
      "tn" : 1756462585625997641,
      "q" : "0.4",
      "p" : "3.29810",
      "s" : "sell",
      "i" : "SUI_USDT",
      "m" : "4611686018434128860"
    }, {
      "d" : "1756462585607110990",
      "t" : 1756462585607,
      "tn" : 1756462585607110990,
      "q" : "0.4",
      "p" : "3.29810",
      "s" : "sell",
      "i" : "SUI_USDT",
      "m" : "4611686018434128859"
    }, {
      "d" : "1756462585587604793",
      "t" : 1756462585587,
      "tn" : 1756462585587604793,
      "q" : "0.4",
      "p" : "3.29810",
      "s" : "sell",
      "i" : "SUI_USDT",
      "m" : "4611686018434128858"
    }, {
      "d" : "1756462585563065925",
      "t" : 1756462585563,
      "tn" : 1756462585563065925,
      "q" : "0.4",
      "p" : "3.29810",
      "s" : "sell",
      "i" : "SUI_USDT",
      "m" : "4611686018434128857"
    }, {
      "d" : "1756462585541924192",
      "t" : 1756462585541,
      "tn" : 1756462585541924192,
      "q" : "0.4",
      "p" : "3.29810",
      "s" : "sell",
      "i" : "SUI_USDT",
      "m" : "4611686018434128856"
    }, {
      "d" : "1756462585518041072",
      "t" : 1756462585518,
      "tn" : 1756462585518041072,
      "q" : "0.4",
      "p" : "3.29810",
      "s" : "sell",
      "i" : "SUI_USDT",
      "m" : "4611686018434128855"
    }, {
      "d" : "1756462585484066711",
      "t" : 1756462585484,
      "tn" : 1756462585484066711,
      "q" : "0.4",
      "p" : "3.29810",
      "s" : "sell",
      "i" : "SUI_USDT",
      "m" : "4611686018434128854"
    }, {
      "d" : "1756462585462876024",
      "t" : 1756462585462,
      "tn" : 1756462585462876024,
      "q" : "0.4",
      "p" : "3.29810",
      "s" : "sell",
      "i" : "SUI_USDT",
      "m" : "4611686018434128853"
    }, {
      "d" : "1756462585442856142",
      "t" : 1756462585442,
      "tn" : 1756462585442856142,
      "q" : "0.4",
      "p" : "3.29810",
      "s" : "sell",
      "i" : "SUI_USDT",
      "m" : "4611686018434128852"
    }, {
      "d" : "1756462585431820320",
      "t" : 1756462585431,
      "tn" : 1756462585431820320,
      "q" : "0.4",
      "p" : "3.29810",
      "s" : "sell",
      "i" : "SUI_USDT",
      "m" : "4611686018434128851"
    }, {
      "d" : "1756462585430793904",
      "t" : 1756462585430,
      "tn" : 1756462585430793904,
      "q" : "0.4",
      "p" : "3.29810",
      "s" : "sell",
      "i" : "SUI_USDT",
      "m" : "4611686018434128850"
    }, {
      "d" : "1756462585427911827",
      "t" : 1756462585427,
      "tn" : 1756462585427911827,
      "q" : "0.4",
      "p" : "3.29810",
      "s" : "sell",
      "i" : "SUI_USDT",
      "m" : "4611686018434128849"
    }, {
      "d" : "1756462585403424245",
      "t" : 1756462585403,
      "tn" : 1756462585403424245,
      "q" : "0.4",
      "p" : "3.29829",
      "s" : "sell",
      "i" : "SUI_USDT",
      "m" : "4611686018434128848"
    }, {
      "d" : "1756462585401717026",
      "t" : 1756462585401,
      "tn" : 1756462585401717026,
      "q" : "0.4",
      "p" : "3.29829",
      "s" : "sell",
      "i" : "SUI_USDT",
      "m" : "4611686018434128847"
    }, {
      "d" : "1756462585341635546",
      "t" : 1756462585341,
      "tn" : 1756462585341635546,
      "q" : "0.4",
      "p" : "3.29834",
      "s" : "sell",
      "i" : "SUI_USDT",
      "m" : "4611686018434128846"
    }, {
      "d" : "1756462585241498714",
      "t" : 1756462585241,
      "tn" : 1756462585241498714,
      "q" : "0.4",
      "p" : "3.29834",
      "s" : "sell",
      "i" : "SUI_USDT",
      "m" : "4611686018434128845"
    }, {
      "d" : "1756462585141386092",
      "t" : 1756462585141,
      "tn" : 1756462585141386092,
      "q" : "0.4",
      "p" : "3.29835",
      "s" : "sell",
      "i" : "SUI_USDT",
      "m" : "4611686018434128844"
    }, {
      "d" : "1756462585116337835",
      "t" : 1756462585116,
      "tn" : 1756462585116337835,
      "q" : "0.4",
      "p" : "3.29835",
      "s" : "sell",
      "i" : "SUI_USDT",
      "m" : "4611686018434128843"
    }, {
      "d" : "1756462585043752041",
      "t" : 1756462585043,
      "tn" : 1756462585043752041,
      "q" : "0.4",
      "p" : "3.29844",
      "s" : "sell",
      "i" : "SUI_USDT",
      "m" : "4611686018434128842"
    }, {
      "d" : "1756462585042365897",
      "t" : 1756462585042,
      "tn" : 1756462585042365897,
      "q" : "0.4",
      "p" : "3.29844",
      "s" : "sell",
      "i" : "SUI_USDT",
      "m" : "4611686018434128841"
    }, {
      "d" : "1756462585041535582",
      "t" : 1756462585041,
      "tn" : 1756462585041535582,
      "q" : "0.4",
      "p" : "3.29844",
      "s" : "sell",
      "i" : "SUI_USDT",
      "m" : "4611686018434128840"
    }, {
      "d" : "1756462584955258819",
      "t" : 1756462584955,
      "tn" : 1756462584955258819,
      "q" : "0.4",
      "p" : "3.29854",
      "s" : "sell",
      "i" : "SUI_USDT",
      "m" : "4611686018434128839"
    }, {
      "d" : "1756462584937777488",
      "t" : 1756462584937,
      "tn" : 1756462584937777488,
      "q" : "0.4",
      "p" : "3.29854",
      "s" : "sell",
      "i" : "SUI_USDT",
      "m" : "4611686018434128838"
    }, {
      "d" : "1756462584935239855",
      "t" : 1756462584935,
      "tn" : 1756462584935239855,
      "q" : "0.4",
      "p" : "3.29854",
      "s" : "sell",
      "i" : "SUI_USDT",
      "m" : "4611686018434128837"
    }, {
      "d" : "1756462584840117444",
      "t" : 1756462584840,
      "tn" : 1756462584840117444,
      "q" : "0.4",
      "p" : "3.29854",
      "s" : "sell",
      "i" : "SUI_USDT",
      "m" : "4611686018434128836"
    }, {
      "d" : "1756462584770070786",
      "t" : 1756462584770,
      "tn" : 1756462584770070786,
      "q" : "0.4",
      "p" : "3.29854",
      "s" : "sell",
      "i" : "SUI_USDT",
      "m" : "4611686018434128835"
    }, {
      "d" : "1756462584739974289",
      "t" : 1756462584739,
      "tn" : 1756462584739974289,
      "q" : "0.4",
      "p" : "3.29854",
      "s" : "sell",
      "i" : "SUI_USDT",
      "m" : "4611686018434128834"
    }, {
      "d" : "1756462584724943902",
      "t" : 1756462584724,
      "tn" : 1756462584724943902,
      "q" : "0.4",
      "p" : "3.29854",
      "s" : "sell",
      "i" : "SUI_USDT",
      "m" : "4611686018434128833"
    }, {
      "d" : "1756462584713643313",
      "t" : 1756462584713,
      "tn" : 1756462584713643313,
      "q" : "0.4",
      "p" : "3.29854",
      "s" : "sell",
      "i" : "SUI_USDT",
      "m" : "4611686018434128832"
    }, {
      "d" : "1756462584711666407",
      "t" : 1756462584711,
      "tn" : 1756462584711666407,
      "q" : "0.4",
      "p" : "3.29854",
      "s" : "sell",
      "i" : "SUI_USDT",
      "m" : "4611686018434128831"
    }, {
      "d" : "1756462584709972133",
      "t" : 1756462584709,
      "tn" : 1756462584709972133,
      "q" : "0.4",
      "p" : "3.29854",
      "s" : "sell",
      "i" : "SUI_USDT",
      "m" : "4611686018434128830"
    }, {
      "d" : "1756462584639692001",
      "t" : 1756462584639,
      "tn" : 1756462584639692001,
      "q" : "0.4",
      "p" : "3.29854",
      "s" : "sell",
      "i" : "SUI_USDT",
      "m" : "4611686018434128829"
    }, {
      "d" : "1756462584539411413",
      "t" : 1756462584539,
      "tn" : 1756462584539411413,
      "q" : "0.4",
      "p" : "3.29854",
      "s" : "sell",
      "i" : "SUI_USDT",
      "m" : "4611686018434128828"
    }, {
      "d" : "1756462584519515287",
      "t" : 1756462584519,
      "tn" : 1756462584519515287,
      "q" : "0.4",
      "p" : "3.29854",
      "s" : "sell",
      "i" : "SUI_USDT",
      "m" : "4611686018434128827"
    }, {
      "d" : "1756462584439220950",
      "t" : 1756462584439,
      "tn" : 1756462584439220950,
      "q" : "0.4",
      "p" : "3.29854",
      "s" : "sell",
      "i" : "SUI_USDT",
      "m" : "4611686018434128826"
    }, {
      "d" : "1756462584344133987",
      "t" : 1756462584344,
      "tn" : 1756462584344133987,
      "q" : "0.4",
      "p" : "3.29854",
      "s" : "sell",
      "i" : "SUI_USDT",
      "m" : "4611686018434128825"
    }, {
      "d" : "1756462584244020393",
      "t" : 1756462584244,
      "tn" : 1756462584244020393,
      "q" : "0.4",
      "p" : "3.29854",
      "s" : "sell",
      "i" : "SUI_USDT",
      "m" : "4611686018434128824"
    }, {
      "d" : "1756462584168920934",
      "t" : 1756462584168,
      "tn" : 1756462584168920934,
      "q" : "0.4",
      "p" : "3.29854",
      "s" : "sell",
      "i" : "SUI_USDT",
      "m" : "4611686018434128823"
    }, {
      "d" : "1756462584055100943",
      "t" : 1756462584055,
      "tn" : 1756462584055100943,
      "q" : "0.4",
      "p" : "3.29854",
      "s" : "sell",
      "i" : "SUI_USDT",
      "m" : "4611686018434128822"
    }, {
      "d" : "1756462583341164395",
      "t" : 1756462583341,
      "tn" : 1756462583341164395,
      "q" : "0.4",
      "p" : "3.29944",
      "s" : "sell",
      "i" : "SUI_USDT",
      "m" : "4611686018434128821"
    }, {
      "d" : "1756462583269073899",
      "t" : 1756462583269,
      "tn" : 1756462583269073899,
      "q" : "0.4",
      "p" : "3.29944",
      "s" : "sell",
      "i" : "SUI_USDT",
      "m" : "4611686018434128820"
    }, {
      "d" : "1756462582736487433",
      "t" : 1756462582736,
      "tn" : 1756462582736487433,
      "q" : "0.4",
      "p" : "3.29954",
      "s" : "sell",
      "i" : "SUI_USDT",
      "m" : "4611686018434128819"
    }, {
      "d" : "1756462582553736561",
      "t" : 1756462582553,
      "tn" : 1756462582553736561,
      "q" : "0.4",
      "p" : "3.29982",
      "s" : "sell",
      "i" : "SUI_USDT",
      "m" : "4611686018434128818"
    }, {
      "d" : "1756462582542241423",
      "t" : 1756462582542,
      "tn" : 1756462582542241423,
      "q" : "0.4",
      "p" : "3.29982",
      "s" : "sell",
      "i" : "SUI_USDT",
      "m" : "4611686018434128817"
    }, {
      "d" : "1756462582540441500",
      "t" : 1756462582540,
      "tn" : 1756462582540441500,
      "q" : "0.4",
      "p" : "3.29982",
      "s" : "sell",
      "i" : "SUI_USDT",
      "m" : "4611686018434128816"
    }, {
      "d" : "1756462582538723404",
      "t" : 1756462582538,
      "tn" : 1756462582538723404,
      "q" : "0.4",
      "p" : "3.29982",
      "s" : "sell",
      "i" : "SUI_USDT",
      "m" : "4611686018434128815"
    }, {
      "d" : "1756462582518711959",
      "t" : 1756462582518,
      "tn" : 1756462582518711959,
      "q" : "0.4",
      "p" : "3.29982",
      "s" : "sell",
      "i" : "SUI_USDT",
      "m" : "4611686018434128814"
    }, {
      "d" : "1756462582438529210",
      "t" : 1756462582438,
      "tn" : 1756462582438529210,
      "q" : "0.4",
      "p" : "3.29982",
      "s" : "sell",
      "i" : "SUI_USDT",
      "m" : "4611686018434128813"
    }, {
      "d" : "1756462582338736859",
      "t" : 1756462582338,
      "tn" : 1756462582338736859,
      "q" : "0.4",
      "p" : "3.29982",
      "s" : "sell",
      "i" : "SUI_USDT",
      "m" : "4611686018434128812"
    }, {
      "d" : "1756462582238354443",
      "t" : 1756462582238,
      "tn" : 1756462582238354443,
      "q" : "0.4",
      "p" : "3.29982",
      "s" : "sell",
      "i" : "SUI_USDT",
      "m" : "4611686018434128811"
    }, {
      "d" : "1756462582142665134",
      "t" : 1756462582142,
      "tn" : 1756462582142665134,
      "q" : "0.4",
      "p" : "3.29983",
      "s" : "sell",
      "i" : "SUI_USDT",
      "m" : "4611686018434128810"
    }, {
      "d" : "1756462582037428308",
      "t" : 1756462582037,
      "tn" : 1756462582037428308,
      "q" : "0.4",
      "p" : "3.29983",
      "s" : "sell",
      "i" : "SUI_USDT",
      "m" : "4611686018434128809"
    }, {
      "d" : "1756462582032569309",
      "t" : 1756462582032,
      "tn" : 1756462582032569309,
      "q" : "0.4",
      "p" : "3.29983",
      "s" : "sell",
      "i" : "SUI_USDT",
      "m" : "4611686018434128808"
    }, {
      "d" : "1756462581997482433",
      "t" : 1756462581997,
      "tn" : 1756462581997482433,
      "q" : "0.4",
      "p" : "3.29983",
      "s" : "sell",
      "i" : "SUI_USDT",
      "m" : "4611686018434128807"
    }, {
      "d" : "1756462581987124469",
      "t" : 1756462581987,
      "tn" : 1756462581987124469,
      "q" : "0.4",
      "p" : "3.29983",
      "s" : "sell",
      "i" : "SUI_USDT",
      "m" : "4611686018434128806"
    }, {
      "d" : "1756462581942083935",
      "t" : 1756462581942,
      "tn" : 1756462581942083935,
      "q" : "0.4",
      "p" : "3.29984",
      "s" : "sell",
      "i" : "SUI_USDT",
      "m" : "4611686018434128805"
    }, {
      "d" : "1756462581841916737",
      "t" : 1756462581841,
      "tn" : 1756462581841916737,
      "q" : "0.4",
      "p" : "3.29984",
      "s" : "sell",
      "i" : "SUI_USDT",
      "m" : "4611686018434128804"
    }, {
      "d" : "1756462581808774923",
      "t" : 1756462581808,
      "tn" : 1756462581808774923,
      "q" : "0.4",
      "p" : "3.29984",
      "s" : "sell",
      "i" : "SUI_USDT",
      "m" : "4611686018434128803"
    }, {
      "d" : "1756462581440699715",
      "t" : 1756462581440,
      "tn" : 1756462581440699715,
      "q" : "0.4",
      "p" : "3.30044",
      "s" : "sell",
      "i" : "SUI_USDT",
      "m" : "4611686018434128802"
    }, {
      "d" : "1756462581340594521",
      "t" : 1756462581340,
      "tn" : 1756462581340594521,
      "q" : "0.4",
      "p" : "3.30044",
      "s" : "sell",
      "i" : "SUI_USDT",
      "m" : "4611686018434128801"
    }, {
      "d" : "1756462581240022500",
      "t" : 1756462581240,
      "tn" : 1756462581240022500,
      "q" : "0.4",
      "p" : "3.30044",
      "s" : "sell",
      "i" : "SUI_USDT",
      "m" : "4611686018434128800"
    }, {
      "d" : "1756462581139943321",
      "t" : 1756462581139,
      "tn" : 1756462581139943321,
      "q" : "0.4",
      "p" : "3.30044",
      "s" : "sell",
      "i" : "SUI_USDT",
      "m" : "4611686018434128799"
    }, {
      "d" : "1756462581039865871",
      "t" : 1756462581039,
      "tn" : 1756462581039865871,
      "q" : "0.4",
      "p" : "3.30044",
      "s" : "sell",
      "i" : "SUI_USDT",
      "m" : "4611686018434128798"
    }, {
      "d" : "1756462580939092605",
      "t" : 1756462580939,
      "tn" : 1756462580939092605,
      "q" : "0.4",
      "p" : "3.30044",
      "s" : "sell",
      "i" : "SUI_USDT",
      "m" : "4611686018434128797"
    }, {
      "d" : "1756462580811506455",
      "t" : 1756462580811,
      "tn" : 1756462580811506455,
      "q" : "0.4",
      "p" : "3.30044",
      "s" : "sell",
      "i" : "SUI_USDT",
      "m" : "4611686018434128796"
    }, {
      "d" : "1756462580349164980",
      "t" : 1756462580349,
      "tn" : 1756462580349164980,
      "q" : "0.4",
      "p" : "3.30104",
      "s" : "sell",
      "i" : "SUI_USDT",
      "m" : "4611686018434128795"
    }, {
      "d" : "1756462579054756131",
      "t" : 1756462579054,
      "tn" : 1756462579054756131,
      "q" : "0.4",
      "p" : "3.30214",
      "s" : "sell",
      "i" : "SUI_USDT",
      "m" : "4611686018434128794"
    }, {
      "d" : "1756462579047394176",
      "t" : 1756462579047,
      "tn" : 1756462579047394176,
      "q" : "0.4",
      "p" : "3.30214",
      "s" : "sell",
      "i" : "SUI_USDT",
      "m" : "4611686018434128793"
    }, {
      "d" : "1756462579044063427",
      "t" : 1756462579044,
      "tn" : 1756462579044063427,
      "q" : "0.4",
      "p" : "3.30214",
      "s" : "sell",
      "i" : "SUI_USDT",
      "m" : "4611686018434128792"
    }, {
      "d" : "1756462579039253839",
      "t" : 1756462579039,
      "tn" : 1756462579039253839,
      "q" : "0.4",
      "p" : "3.30214",
      "s" : "sell",
      "i" : "SUI_USDT",
      "m" : "4611686018434128791"
    }, {
      "d" : "1756462579014953524",
      "t" : 1756462579014,
      "tn" : 1756462579014953524,
      "q" : "0.4",
      "p" : "3.30214",
      "s" : "sell",
      "i" : "SUI_USDT",
      "m" : "4611686018434128790"
    }, {
      "d" : "1756462578758583861",
      "t" : 1756462578758,
      "tn" : 1756462578758583861,
      "q" : "0.4",
      "p" : "3.30214",
      "s" : "sell",
      "i" : "SUI_USDT",
      "m" : "4611686018434128789"
    }, {
      "d" : "1756462578738363003",
      "t" : 1756462578738,
      "tn" : 1756462578738363003,
      "q" : "0.4",
      "p" : "3.30214",
      "s" : "sell",
      "i" : "SUI_USDT",
      "m" : "4611686018434128788"
    }, {
      "d" : "1756462578667783027",
      "t" : 1756462578667,
      "tn" : 1756462578667783027,
      "q" : "0.4",
      "p" : "3.30214",
      "s" : "sell",
      "i" : "SUI_USDT",
      "m" : "4611686018434128787"
    }, {
      "d" : "1756462578638175396",
      "t" : 1756462578638,
      "tn" : 1756462578638175396,
      "q" : "0.4",
      "p" : "3.30214",
      "s" : "sell",
      "i" : "SUI_USDT",
      "m" : "4611686018434128786"
    }, {
      "d" : "1756462578613033135",
      "t" : 1756462578613,
      "tn" : 1756462578613033135,
      "q" : "0.4",
      "p" : "3.30214",
      "s" : "sell",
      "i" : "SUI_USDT",
      "m" : "4611686018434128785"
    }, {
      "d" : "1756462578536603990",
      "t" : 1756462578536,
      "tn" : 1756462578536603990,
      "q" : "0.4",
      "p" : "3.30213",
      "s" : "sell",
      "i" : "SUI_USDT",
      "m" : "4611686018434128784"
    }, {
      "d" : "1756462559654621349",
      "t" : 1756462559654,
      "tn" : 1756462559654621349,
      "q" : "0.6",
      "p" : "3.30053",
      "s" : "buy",
      "i" : "SUI_USDT",
      "m" : "4611686018434128783"
    }, {
      "d" : "1756462519752139093",
      "t" : 1756462519752,
      "tn" : 1756462519752139093,
      "q" : "0.6",
      "p" : "3.30171",
      "s" : "sell",
      "i" : "SUI_USDT",
      "m" : "4611686018434128782"
    }, {
      "d" : "1756462466695310663",
      "t" : 1756462466695,
      "tn" : 1756462466695310663,
      "q" : "0.6",
      "p" : "3.29913",
      "s" : "buy",
      "i" : "SUI_USDT",
      "m" : "4611686018434128781"
    }, {
      "d" : "1756462457148289854",
      "t" : 1756462457148,
      "tn" : 1756462457148289854,
      "q" : "0.6",
      "p" : "3.29897",
      "s" : "sell",
      "i" : "SUI_USDT",
      "m" : "4611686018434128780"
    }, {
      "d" : "1756462441716306936",
      "t" : 1756462441716,
      "tn" : 1756462441716306936,
      "q" : "0.6",
      "p" : "3.30126",
      "s" : "sell",
      "i" : "SUI_USDT",
      "m" : "4611686018434128779"
    }, {
      "d" : "1756462431912385755",
      "t" : 1756462431912,
      "tn" : 1756462431912385755,
      "q" : "70.9",
      "p" : "3.30326",
      "s" : "sell",
      "i" : "SUI_USDT",
      "m" : "4611686018434128778"
    }, {
      "d" : "1756462431912205579",
      "t" : 1756462431912,
      "tn" : 1756462431912205579,
      "q" : "70.9",
      "p" : "3.30326",
      "s" : "sell",
      "i" : "SUI_USDT",
      "m" : "4611686018434128777"
    }, {
      "d" : "1756462431911173750",
      "t" : 1756462431911,
      "tn" : 1756462431911173750,
      "q" : "54.8",
      "p" : "3.30326",
      "s" : "sell",
      "i" : "SUI_USDT",
      "m" : "4611686018434128776"
    }, {
      "d" : "1756462431910853803",
      "t" : 1756462431910,
      "tn" : 1756462431910853803,
      "q" : "70.8",
      "p" : "3.30326",
      "s" : "sell",
      "i" : "SUI_USDT",
      "m" : "4611686018434128775"
    }, {
      "d" : "1756462431908274403",
      "t" : 1756462431908,
      "tn" : 1756462431908274403,
      "q" : "128.4",
      "p" : "3.30327",
      "s" : "sell",
      "i" : "SUI_USDT",
      "m" : "4611686018434128774"
    }, {
      "d" : "1756462431908075778",
      "t" : 1756462431908,
      "tn" : 1756462431908075778,
      "q" : "180.0",
      "p" : "3.30327",
      "s" : "sell",
      "i" : "SUI_USDT",
      "m" : "4611686018434128773"
    }, {
      "d" : "1756462431908074533",
      "t" : 1756462431908,
      "tn" : 1756462431908074533,
      "q" : "174.4",
      "p" : "3.30329",
      "s" : "sell",
      "i" : "SUI_USDT",
      "m" : "4611686018434128772"
    }, {
      "d" : "1756462431907736862",
      "t" : 1756462431907,
      "tn" : 1756462431907736862,
      "q" : "0.6",
      "p" : "3.30331",
      "s" : "sell",
      "i" : "SUI_USDT",
      "m" : "4611686018434128771"
    }, {
      "d" : "1756462425734456165",
      "t" : 1756462425734,
      "tn" : 1756462425734456164,
      "q" : "7.1",
      "p" : "3.30608",
      "s" : "sell",
      "i" : "SUI_USDT",
      "m" : "4611686018434128770"
    }, {
      "d" : "1756462425734456164",
      "t" : 1756462425734,
      "tn" : 1756462425734456164,
      "q" : "0.6",
      "p" : "3.30608",
      "s" : "sell",
      "i" : "SUI_USDT",
      "m" : "4611686018434128770"
    }, {
      "d" : "1756462412774951575",
      "t" : 1756462412774,
      "tn" : 1756462412774951575,
      "q" : "8.1",
      "p" : "3.30748",
      "s" : "buy",
      "i" : "SUI_USDT",
      "m" : "4611686018434128769"
    }, {
      "d" : "1756462389638212631",
      "t" : 1756462389638,
      "tn" : 1756462389638212631,
      "q" : "0.4",
      "p" : "3.30961",
      "s" : "sell",
      "i" : "SUI_USDT",
      "m" : "4611686018434128768"
    }, {
      "d" : "1756462389589164169",
      "t" : 1756462389589,
      "tn" : 1756462389589164169,
      "q" : "0.4",
      "p" : "3.30961",
      "s" : "sell",
      "i" : "SUI_USDT",
      "m" : "4611686018434128767"
    }, {
      "d" : "1756462375072029660",
      "t" : 1756462375072,
      "tn" : 1756462375072029660,
      "q" : "0.4",
      "p" : "3.31031",
      "s" : "sell",
      "i" : "SUI_USDT",
      "m" : "4611686018434128766"
    }, {
      "d" : "1756462375070615164",
      "t" : 1756462375070,
      "tn" : 1756462375070615164,
      "q" : "0.4",
      "p" : "3.31031",
      "s" : "sell",
      "i" : "SUI_USDT",
      "m" : "4611686018434128765"
    }, {
      "d" : "1756462375052509622",
      "t" : 1756462375052,
      "tn" : 1756462375052509622,
      "q" : "0.4",
      "p" : "3.31031",
      "s" : "sell",
      "i" : "SUI_USDT",
      "m" : "4611686018434128764"
    }, {
      "d" : "1756462375040575927",
      "t" : 1756462375040,
      "tn" : 1756462375040575927,
      "q" : "0.4",
      "p" : "3.31031",
      "s" : "sell",
      "i" : "SUI_USDT",
      "m" : "4611686018434128763"
    }, {
      "d" : "1756462374940447031",
      "t" : 1756462374940,
      "tn" : 1756462374940447031,
      "q" : "0.4",
      "p" : "3.31031",
      "s" : "sell",
      "i" : "SUI_USDT",
      "m" : "4611686018434128762"
    }, {
      "d" : "1756462374921542192",
      "t" : 1756462374921,
      "tn" : 1756462374921542192,
      "q" : "0.4",
      "p" : "3.31031",
      "s" : "sell",
      "i" : "SUI_USDT",
      "m" : "4611686018434128761"
    }, {
      "d" : "1756462374860258229",
      "t" : 1756462374860,
      "tn" : 1756462374860258229,
      "q" : "0.4",
      "p" : "3.31031",
      "s" : "sell",
      "i" : "SUI_USDT",
      "m" : "4611686018434128760"
    }, {
      "d" : "1756462374840207961",
      "t" : 1756462374840,
      "tn" : 1756462374840207961,
      "q" : "0.4",
      "p" : "3.31031",
      "s" : "sell",
      "i" : "SUI_USDT",
      "m" : "4611686018434128759"
    }, {
      "d" : "1756462374814995996",
      "t" : 1756462374814,
      "tn" : 1756462374814995996,
      "q" : "0.4",
      "p" : "3.31031",
      "s" : "sell",
      "i" : "SUI_USDT",
      "m" : "4611686018434128758"
    }, {
      "d" : "1756462374813530329",
      "t" : 1756462374813,
      "tn" : 1756462374813530329,
      "q" : "0.4",
      "p" : "3.31030",
      "s" : "sell",
      "i" : "SUI_USDT",
      "m" : "4611686018434128757"
    }, {
      "d" : "1756462374171445373",
      "t" : 1756462374171,
      "tn" : 1756462374171445373,
      "q" : "0.4",
      "p" : "3.31054",
      "s" : "sell",
      "i" : "SUI_USDT",
      "m" : "4611686018434128756"
    }, {
      "d" : "1756462367516498503",
      "t" : 1756462367516,
      "tn" : 1756462367516498503,
      "q" : "0.4",
      "p" : "3.30914",
      "s" : "sell",
      "i" : "SUI_USDT",
      "m" : "4611686018434128755"
    }, {
      "d" : "1756462367441476458",
      "t" : 1756462367441,
      "tn" : 1756462367441476458,
      "q" : "0.4",
      "p" : "3.30914",
      "s" : "sell",
      "i" : "SUI_USDT",
      "m" : "4611686018434128754"
    }, {
      "d" : "1756462367341403924",
      "t" : 1756462367341,
      "tn" : 1756462367341403924,
      "q" : "0.4",
      "p" : "3.30914",
      "s" : "sell",
      "i" : "SUI_USDT",
      "m" : "4611686018434128753"
    }, {
      "d" : "1756462367306312986",
      "t" : 1756462367306,
      "tn" : 1756462367306312986,
      "q" : "0.4",
      "p" : "3.30914",
      "s" : "sell",
      "i" : "SUI_USDT",
      "m" : "4611686018434128752"
    }, {
      "d" : "1756462367241198238",
      "t" : 1756462367241,
      "tn" : 1756462367241198238,
      "q" : "0.4",
      "p" : "3.30914",
      "s" : "sell",
      "i" : "SUI_USDT",
      "m" : "4611686018434128751"
    }, {
      "d" : "1756462367141224487",
      "t" : 1756462367141,
      "tn" : 1756462367141224487,
      "q" : "0.4",
      "p" : "3.30914",
      "s" : "sell",
      "i" : "SUI_USDT",
      "m" : "4611686018434128750"
    }, {
      "d" : "1756462367014436478",
      "t" : 1756462367014,
      "tn" : 1756462367014436478,
      "q" : "0.4",
      "p" : "3.30914",
      "s" : "sell",
      "i" : "SUI_USDT",
      "m" : "4611686018434128749"
    }, {
      "d" : "1756462363538003076",
      "t" : 1756462363538,
      "tn" : 1756462363538003076,
      "q" : "0.4",
      "p" : "3.30923",
      "s" : "sell",
      "i" : "SUI_USDT",
      "m" : "4611686018434128748"
    }, {
      "d" : "1756462363517991105",
      "t" : 1756462363517,
      "tn" : 1756462363517991105,
      "q" : "0.4",
      "p" : "3.30923",
      "s" : "sell",
      "i" : "SUI_USDT",
      "m" : "4611686018434128747"
    }, {
      "d" : "1756462337940170713",
      "t" : 1756462337940,
      "tn" : 1756462337940170713,
      "q" : "0.4",
      "p" : "3.30884",
      "s" : "sell",
      "i" : "SUI_USDT",
      "m" : "4611686018434128746"
    }, {
      "d" : "1756462337906321158",
      "t" : 1756462337906,
      "tn" : 1756462337906321158,
      "q" : "0.4",
      "p" : "3.30884",
      "s" : "sell",
      "i" : "SUI_USDT",
      "m" : "4611686018434128745"
    }, {
      "d" : "1756462337880106048",
      "t" : 1756462337880,
      "tn" : 1756462337880106048,
      "q" : "0.4",
      "p" : "3.30884",
      "s" : "sell",
      "i" : "SUI_USDT",
      "m" : "4611686018434128744"
    }, {
      "d" : "1756462337839985017",
      "t" : 1756462337839,
      "tn" : 1756462337839985017,
      "q" : "0.4",
      "p" : "3.30884",
      "s" : "sell",
      "i" : "SUI_USDT",
      "m" : "4611686018434128743"
    }, {
      "d" : "1756462337791018377",
      "t" : 1756462337791,
      "tn" : 1756462337791018377,
      "q" : "0.4",
      "p" : "3.30884",
      "s" : "sell",
      "i" : "SUI_USDT",
      "m" : "4611686018434128742"
    }, {
      "d" : "1756462337740160504",
      "t" : 1756462337740,
      "tn" : 1756462337740160504,
      "q" : "0.4",
      "p" : "3.30884",
      "s" : "sell",
      "i" : "SUI_USDT",
      "m" : "4611686018434128741"
    }, {
      "d" : "1756462337640544954",
      "t" : 1756462337640,
      "tn" : 1756462337640544954,
      "q" : "0.4",
      "p" : "3.30884",
      "s" : "sell",
      "i" : "SUI_USDT",
      "m" : "4611686018434128740"
    }, {
      "d" : "1756462337597189211",
      "t" : 1756462337597,
      "tn" : 1756462337597189211,
      "q" : "0.4",
      "p" : "3.30884",
      "s" : "sell",
      "i" : "SUI_USDT",
      "m" : "4611686018434128739"
    } ]
  }
}