{
  "id" : -1,
  "method" : "public/get-trades",
  "code" : 0,
  "result" : {
    "data" : [ {
      "d" : "1756462608207511226",
      "t" : 1756462608207,
      "tn" : 1756462608207511226,
      "q" : "1",
      "p" : "3.29703",
      "s" : "sell",
      "i" : "SUIUSD-PERP",
      "m" : "4611686018433900960"
    }, {
      "d" : "1756462607940207233",
      "t" : 1756462607940,
      "tn" : 1756462607940207233,
      "q" : "29",
      "p" : "3.29703",
      "s" : "sell",
      "i" : "SUIUSD-PERP",
      "m" : "4611686018433900959"
    }, {
      "d" : "1756462607921897215",
      "t" : 1756462607921,
      "tn" : 1756462607921897215,
      "q" : "70",
      "p" : "3.29703",
      "s" : "sell",
      "i" : "SUIUSD-PERP",
      "m" : "4611686018433900958"
    }, {
      "d" : "1756462605899939417",
      "t" : 1756462605899,
      "tn" : 1756462605899939417,
      "q" : "1",
      "p" : "3.29720",
      "s" : "buy",
      "i" : "SUIUSD-PERP",
      "m" : "4611686018433900957"
    }, {
      "d" : "1756462564353944007",
      "t" : 1756462564353,
      "tn" : 1756462564353944007,
      "q" : "1",
      "p" : "3.30311",
      "s" : "sell",
      "i" : "SUIUSD-PERP",
      "m" : "4611686018433900956"
    }, {
      "d" : "1756462540289678892",
      "t" : 1756462540289,
      "tn" : 1756462540289678892,
      "q" : "1",
      "p" : "3.30121",
      "s" : "buy",
      "i" : "SUIUSD-PERP",
      "m" : "4611686018433900955"
    }, {
      "d" : "1756462491539526778",
      "t" : 1756462491539,
      "tn" : 1756462491539526778,
      "q" : "1",
      "p" : "3.30321",
      "s" : "sell",
      "i" : "SUIUSD-PERP",
      "m" : "4611686018433900954"
    }, {
      "d" : "1756462470850966570",
      "t" : 1756462470850,
      "tn" : 1756462470850966570,
      "q" : "1",
      "p" : "3.30231",
      "s" : "buy",
      "i" : "SUIUSD-PERP",
      "m" : "4611686018433900953"
    }, {
      "d" : "1756462469386858679",
      "t" : 1756462469386,
      "tn" : 1756462469386858679,
      "q" : "1",
      "p" : "3.30099",
      "s" : "buy",
      "i" : "SUIUSD-PERP",
      "m" : "4611686018433900952"
    }, {
      "d" : "1756462469386856535",
      "t" : 1756462469386,
      "tn" : 1756462469386856535,
      "q" : "1",
      "p" : "3.30071",
      "s" : "buy",
      "i" : "SUIUSD-PERP",
      "m" : "4611686018433900951"
    }, {
      "d" : "1756462434389377745",
      "t" : 1756462434389,
      "tn" : 1756462434389377745,
      "q" : "1",
      "p" : "3.30286",
      "s" : "buy",
      "i" : "SUIUSD-PERP",
      "m" : "4611686018433900950"
    }, {
      "d" : "1756462431908361347",
      "t" : 1756462431908,
      "tn" : 1756462431908361347,
      "q" : "22",
      "p" : "3.30423",
      "s" : "sell",
      "i" : "SUIUSD-PERP",
      "m" : "4611686018433900949"
    }, {
      "d" : "1756462431908360904",
      "t" : 1756462431908,
      "tn" : 1756462431908360904,
      "q" : "1",
      "p" : "3.30456",
      "s" : "sell",
      "i" : "SUIUSD-PERP",
      "m" : "4611686018433900948"
    }, {
      "d" : "1756462404521837631",
      "t" : 1756462404521,
      "tn" : 1756462404521837631,
      "q" : "1",
      "p" : "3.30676",
      "s" : "buy",
      "i" : "SUIUSD-PERP",
      "m" : "4611686018433900947"
    }, {
      "d" : "1756462397621092677",
      "t" : 1756462397621,
      "tn" : 1756462397621092677,
      "q" : "1",
      "p" : "3.30886",
      "s" : "sell",
      "i" : "SUIUSD-PERP",
      "m" : "4611686018433900946"
    }, {
      "d" : "1756462396878333241",
      "t" : 1756462396878,
      "tn" : 1756462396878333241,
      "q" : "1",
      "p" : "3.30876",
      "s" : "buy",
      "i" : "SUIUSD-PERP",
      "m" : "4611686018433900945"
    }, {
      "d" : "1756462385047412604",
      "t" : 1756462385047,
      "tn" : 1756462385047412604,
      "q" : "1",
      "p" : "3.31016",
      "s" : "sell",
      "i" : "SUIUSD-PERP",
      "m" : "4611686018433900944"
    }, {
      "d" : "1756462290038665161",
      "t" : 1756462290038,
      "tn" : 1756462290038665161,
      "q" : "1",
      "p" : "3.30721",
      "s" : "sell",
      "i" : "SUIUSD-PERP",
      "m" : "4611686018433900943"
    }, {
      "d" : "1756462287235245097",
      "t" : 1756462287235,
      "tn" : 1756462287235245097,
      "q" : "1",
      "p" : "3.30681",
      "s" : "buy",
      "i" : "SUIUSD-PERP",
      "m" : "4611686018433900942"
    }, {
      "d" : "1756462094650727525",
      "t" : 1756462094650,
      "tn" : 1756462094650727525,
      "q" : "1",
      "p" : "3.30741",
      "s" : "sell",
      "i" : "SUIUSD-PERP",
      "m" : "4611686018433900941"
    }, {
      "d" : "1756462092626948293",
      "t" : 1756462092626,
      "tn" : 1756462092626948293,
      "q" : "1",
      "p" : "3.30571",
      "s" : "buy",
      "i" : "SUIUSD-PERP",
      "m" : "4611686018433900940"
    }, {
      "d" : "1756462075757650121",
      "t" : 1756462075757,
      "tn" : 1756462075757650121,
      "q" : "1",
      "p" : "3.30521",
      "s" : "sell",
      "i" : "SUIUSD-PERP",
      "m" : "4611686018433900939"
    }, {
      "d" : "1756462035137020803",
      "t" : 1756462035137,
      "tn" : 1756462035137020803,
      "q" : "1",
      "p" : "3.30171",
      "s" : "buy",
      "i" : "SUIUSD-PERP",
      "m" : "4611686018433900938"
    }, {
      "d" : "1756462032137188020",
      "t" : 1756462032137,
      "tn" : 1756462032137188020,
      "q" : "1",
      "p" : "3.30263",
      "s" : "sell",
      "i" : "SUIUSD-PERP",
      "m" : "4611686018433900937"
    }, {
      "d" : "1756462028935973527",
      "t" : 1756462028935,
      "tn" : 1756462028935973527,
      "q" : "1",
      "p" : "3.30241",
      "s" : "buy",
      "i" : "SUIUSD-PERP",
      "m" : "4611686018433900936"
    }, {
      "d" : "1756462008930103319",
      "t" : 1756462008930,
      "tn" : 1756462008930103319,
      "q" : "1",
      "p" : "3.30071",
      "s" : "sell",
      "i" : "SUIUSD-PERP",
      "m" : "4611686018433900935"
    }, {
      "d" : "1756462004212028308",
      "t" : 1756462004212,
      "tn" : 1756462004212028308,
      "q" : "1",
      "p" : "3.30065",
      "s" : "sell",
      "i" : "SUIUSD-PERP",
      "m" : "4611686018433900934"
    }, {
      "d" : "1756462003811520023",
      "t" : 1756462003811,
      "tn" : 1756462003811520023,
      "q" : "394",
      "p" : "3.30095",
      "s" : "buy",
      "i" : "SUIUSD-PERP",
      "m" : "4611686018433900933"
    }, {
      "d" : "1756462003811519463",
      "t" : 1756462003811,
      "tn" : 1756462003811519463,
      "q" : "1",
      "p" : "3.30006",
      "s" : "buy",
      "i" : "SUIUSD-PERP",
      "m" : "4611686018433900932"
    }, {
      "d" : "1756462003811518208",
      "t" : 1756462003811,
      "tn" : 1756462003811518208,
      "q" : "1",
      "p" : "3.30000",
      "s" : "buy",
      "i" : "SUIUSD-PERP",
      "m" : "4611686018433900931"
    }, {
      "d" : "1756461998990216881",
      "t" : 1756461998990,
      "tn" : 1756461998990216881,
      "q" : "1",
      "p" : "3.29901",
      "s" : "buy",
      "i" : "SUIUSD-PERP",
      "m" : "4611686018433900930"
    }, {
      "d" : "1756461985809760208",
      "t" : 1756461985809,
      "tn" : 1756461985809760208,
      "q" : "1",
      "p" : "3.29785",
      "s" : "buy",
      "i" : "SUIUSD-PERP",
      "m" : "4611686018433900929"
    }, {
      "d" : "1756461979949016725",
      "t" : 1756461979949,
      "tn" : 1756461979949016725,
      "q" : "1",
      "p" : "3.29866",
      "s" : "sell",
      "i" : "SUIUSD-PERP",
      "m" : "4611686018433900928"
    }, {
      "d" : "1756461956393557389",
      "t" : 1756461956393,
      "tn" : 1756461956393557389,
      "q" : "1",
      "p" : "3.29785",
      "s" : "buy",
      "i" : "SUIUSD-PERP",
      "m" : "4611686018433900927"
    }, {
      "d" : "1756461917725067245",
      "t" : 1756461917725,
      "tn" : 1756461917725067245,
      "q" : "1",
      "p" : "3.29926",
      "s" : "sell",
      "i" : "SUIUSD-PERP",
      "m" : "4611686018433900926"
    }, {
      "d" : "1756461915622334790",
      "t" : 1756461915622,
      "tn" : 1756461915622334790,
      "q" : "1",
      "p" : "3.29795",
      "s" : "buy",
      "i" : "SUIUSD-PERP",
      "m" : "4611686018433900925"
    }, {
      "d" : "1756461858452252475",
      "t" : 1756461858452,
      "tn" : 1756461858452252475,
      "q" : "1",
      "p" : "3.29724",
      "s" : "buy",
      "i" : "SUIUSD-PERP",
      "m" : "4611686018433900924"
    }, {
      "d" : "1756461858014770113",
      "t" : 1756461858014,
      "tn" : 1756461858014770112,
      "q" : "24",
      "p" : "3.29824",
      "s" : "sell",
      "i" : "SUIUSD-PERP",
      "m" : "4611686018433900923"
    }, {
      "d" : "1756461858014770112",
      "t" : 1756461858014,
      "tn" : 1756461858014770112,
      "q" : "1",
      "p" : "3.29824",
      "s" : "sell",
      "i" : "SUIUSD-PERP",
      "m" : "4611686018433900923"
    }, {
      "d" : "1756461856323001367",
      "t" : 1756461856323,
      "tn" : 1756461856323001367,
      "q" : "12",
      "p" : "3.29874",
      "s" : "sell",
      "i" : "SUIUSD-PERP",
      "m" : "4611686018433900922"
    }, {
      "d" : "1756461838287361444",
      "t" : 1756461838287,
      "tn" : 1756461838287361444,
      "q" : "1",
      "p" : "3.29564",
      "s" : "buy",
      "i" : "SUIUSD-PERP",
      "m" : "4611686018433900921"
    }, {
      "d" : "1756461837741476998",
      "t" : 1756461837741,
      "tn" : 1756461837741476997,
      "q" : "1",
      "p" : "3.29714",
      "s" : "sell",
      "i" : "SUIUSD-PERP",
      "m" : "4611686018433900920"
    }, {
      "d" : "1756461837741476997",
      "t" : 1756461837741,
      "tn" : 1756461837741476997,
      "q" : "24",
      "p" : "3.29714",
      "s" : "sell",
      "i" : "SUIUSD-PERP",
      "m" : "4611686018433900920"
    }, {
      "d" : "1756461835681310948",
      "t" : 1756461835681,
      "tn" : 1756461835681310948,
      "q" : "1",
      "p" : "3.29796",
      "s" : "sell",
      "i" : "SUIUSD-PERP",
      "m" : "4611686018433900919"
    }, {
      "d" : "1756461833067601777",
      "t" : 1756461833067,
      "tn" : 1756461833067601777,
      "q" : "1",
      "p" : "3.29745",
      "s" : "buy",
      "i" : "SUIUSD-PERP",
      "m" : "4611686018433900918"
    }, {
      "d" : "1756461824210141841",
      "t" : 1756461824210,
      "tn" : 1756461824210141841,
      "q" : "1",
      "p" : "3.29806",
      "s" : "sell",
      "i" : "SUIUSD-PERP",
      "m" : "4611686018433900917"
    }, {
      "d" : "1756461821057305868",
      "t" : 1756461821057,
      "tn" : 1756461821057305868,
      "q" : "1",
      "p" : "3.29595",
      "s" : "buy",
      "i" : "SUIUSD-PERP",
      "m" : "4611686018433900916"
    }, {
      "d" : "1756461816773997499",
      "t" : 1756461816773,
      "tn" : 1756461816773997499,
      "q" : "280",
      "p" : "3.29534",
      "s" : "sell",
      "i" : "SUIUSD-PERP",
      "m" : "4611686018433900915"
    }, {
      "d" : "1756461816773560576",
      "t" : 1756461816773,
      "tn" : 1756461816773560576,
      "q" : "139",
      "p" : "3.29534",
      "s" : "sell",
      "i" : "SUIUSD-PERP",
      "m" : "4611686018433900914"
    }, {
      "d" : "1756461816773557923",
      "t" : 1756461816773,
      "tn" : 1756461816773557923,
      "q" : "1",
      "p" : "3.29596",
      "s" : "sell",
      "i" : "SUIUSD-PERP",
      "m" : "4611686018433900913"
    }, {
      "d" : "1756461813042314509",
      "t" : 1756461813042,
      "tn" : 1756461813042314509,
      "q" : "1",
      "p" : "3.29625",
      "s" : "buy",
      "i" : "SUIUSD-PERP",
      "m" : "4611686018433900912"
    }, {
      "d" : "1756461812004313386",
      "t" : 1756461812004,
      "tn" : 1756461812004313386,
      "q" : "1",
      "p" : "3.29584",
      "s" : "buy",
      "i" : "SUIUSD-PERP",
      "m" : "4611686018433900911"
    }, {
      "d" : "1756461811895200554",
      "t" : 1756461811895,
      "tn" : 1756461811895200554,
      "q" : "1",
      "p" : "3.29594",
      "s" : "sell",
      "i" : "SUIUSD-PERP",
      "m" : "4611686018433900910"
    }, {
      "d" : "1756461811756153197",
      "t" : 1756461811756,
      "tn" : 1756461811756153196,
      "q" : "36",
      "p" : "3.29636",
      "s" : "sell",
      "i" : "SUIUSD-PERP",
      "m" : "4611686018433900909"
    }, {
      "d" : "1756461811756153196",
      "t" : 1756461811756,
      "tn" : 1756461811756153196,
      "q" : "1",
      "p" : "3.29636",
      "s" : "sell",
      "i" : "SUIUSD-PERP",
      "m" : "4611686018433900909"
    }, {
      "d" : "1756461806545355821",
      "t" : 1756461806545,
      "tn" : 1756461806545355821,
      "q" : "1",
      "p" : "3.29785",
      "s" : "buy",
      "i" : "SUIUSD-PERP",
      "m" : "4611686018433900908"
    }, {
      "d" : "1756461803804425853",
      "t" : 1756461803804,
      "tn" : 1756461803804425853,
      "q" : "1",
      "p" : "3.29866",
      "s" : "sell",
      "i" : "SUIUSD-PERP",
      "m" : "4611686018433900907"
    }, {
      "d" : "1756461776738859978",
      "t" : 1756461776738,
      "tn" : 1756461776738859978,
      "q" : "1",
      "p" : "3.29785",
      "s" : "buy",
      "i" : "SUIUSD-PERP",
      "m" : "4611686018433900906"
    }, {
      "d" : "1756461774399401219",
      "t" : 1756461774399,
      "tn" : 1756461774399401219,
      "q" : "2",
      "p" : "3.29709",
      "s" : "sell",
      "i" : "SUIUSD-PERP",
      "m" : "4611686018433900905"
    }, {
      "d" : "1756461769699263196",
      "t" : 1756461769699,
      "tn" : 1756461769699263196,
      "q" : "1",
      "p" : "3.29724",
      "s" : "buy",
      "i" : "SUIUSD-PERP",
      "m" : "4611686018433900904"
    }, {
      "d" : "1756461768920403145",
      "t" : 1756461768920,
      "tn" : 1756461768920403145,
      "q" : "1",
      "p" : "3.29754",
      "s" : "sell",
      "i" : "SUIUSD-PERP",
      "m" : "4611686018433900903"
    }, {
      "d" : "1756461768919996982",
      "t" : 1756461768919,
      "tn" : 1756461768919996982,
      "q" : "36",
      "p" : "3.29758",
      "s" : "sell",
      "i" : "SUIUSD-PERP",
      "m" : "4611686018433900902"
    }, {
      "d" : "1756461767321166017",
      "t" : 1756461767321,
      "tn" : 1756461767321166017,
      "q" : "20",
      "p" : "3.29784",
      "s" : "sell",
      "i" : "SUIUSD-PERP",
      "m" : "4611686018433900901"
    }, {
      "d" : "1756461767320742522",
      "t" : 1756461767320,
      "tn" : 1756461767320742521,
      "q" : "36",
      "p" : "3.29796",
      "s" : "sell",
      "i" : "SUIUSD-PERP",
      "m" : "4611686018433900900"
    }, {
      "d" : "1756461767320742521",
      "t" : 1756461767320,
      "tn" : 1756461767320742521,
      "q" : "1",
      "p" : "3.29796",
      "s" : "sell",
      "i" : "SUIUSD-PERP",
      "m" : "4611686018433900900"
    }, {
      "d" : "1756461767076025038",
      "t" : 1756461767076,
      "tn" : 1756461767076025038,
      "q" : "1",
      "p" : "3.29785",
      "s" : "buy",
      "i" : "SUIUSD-PERP",
      "m" : "4611686018433900899"
    }, {
      "d" : "1756461763912122824",
      "t" : 1756461763912,
      "tn" : 1756461763912122823,
      "q" : "36",
      "p" : "3.29826",
      "s" : "sell",
      "i" : "SUIUSD-PERP",
      "m" : "4611686018433900898"
    }, {
      "d" : "1756461763912122823",
      "t" : 1756461763912,
      "tn" : 1756461763912122823,
      "q" : "1",
      "p" : "3.29826",
      "s" : "sell",
      "i" : "SUIUSD-PERP",
      "m" : "4611686018433900898"
    }, {
      "d" : "1756461763047327450",
      "t" : 1756461763047,
      "tn" : 1756461763047327450,
      "q" : "1",
      "p" : "3.29775",
      "s" : "buy",
      "i" : "SUIUSD-PERP",
      "m" : "4611686018433900897"
    }, {
      "d" : "1756461752616129496",
      "t" : 1756461752616,
      "tn" : 1756461752616129496,
      "q" : "1",
      "p" : "3.29804",
      "s" : "buy",
      "i" : "SUIUSD-PERP",
      "m" : "4611686018433900896"
    }, {
      "d" : "1756461752468642916",
      "t" : 1756461752468,
      "tn" : 1756461752468642916,
      "q" : "1",
      "p" : "3.29874",
      "s" : "sell",
      "i" : "SUIUSD-PERP",
      "m" : "4611686018433900895"
    }, {
      "d" : "1756461751876733417",
      "t" : 1756461751876,
      "tn" : 1756461751876733417,
      "q" : "1",
      "p" : "3.29834",
      "s" : "buy",
      "i" : "SUIUSD-PERP",
      "m" : "4611686018433900894"
    }, {
      "d" : "1756461751667433406",
      "t" : 1756461751667,
      "tn" : 1756461751667433406,
      "q" : "1",
      "p" : "3.29844",
      "s" : "sell",
      "i" : "SUIUSD-PERP",
      "m" : "4611686018433900893"
    }, {
      "d" : "1756461741414121427",
      "t" : 1756461741414,
      "tn" : 1756461741414121427,
      "q" : "1",
      "p" : "3.29706",
      "s" : "sell",
      "i" : "SUIUSD-PERP",
      "m" : "4611686018433900892"
    }, {
      "d" : "1756461740011973578",
      "t" : 1756461740011,
      "tn" : 1756461740011973578,
      "q" : "1",
      "p" : "3.29695",
      "s" : "buy",
      "i" : "SUIUSD-PERP",
      "m" : "4611686018433900891"
    }, {
      "d" : "1756461737972031589",
      "t" : 1756461737972,
      "tn" : 1756461737972031589,
      "q" : "1",
      "p" : "3.29684",
      "s" : "buy",
      "i" : "SUIUSD-PERP",
      "m" : "4611686018433900890"
    }, {
      "d" : "1756461737649433102",
      "t" : 1756461737649,
      "tn" : 1756461737649433102,
      "q" : "1",
      "p" : "3.29714",
      "s" : "sell",
      "i" : "SUIUSD-PERP",
      "m" : "4611686018433900889"
    }, {
      "d" : "1756461737649063022",
      "t" : 1756461737649,
      "tn" : 1756461737649063022,
      "q" : "23",
      "p" : "3.29714",
      "s" : "sell",
      "i" : "SUIUSD-PERP",
      "m" : "4611686018433900888"
    }, {
      "d" : "1756461737646242309",
      "t" : 1756461737646,
      "tn" : 1756461737646242309,
      "q" : "1",
      "p" : "3.29734",
      "s" : "sell",
      "i" : "SUIUSD-PERP",
      "m" : "4611686018433900887"
    }, {
      "d" : "1756461732176900982",
      "t" : 1756461732176,
      "tn" : 1756461732176900982,
      "q" : "1",
      "p" : "3.29594",
      "s" : "buy",
      "i" : "SUIUSD-PERP",
      "m" : "4611686018433900886"
    }, {
      "d" : "1756461731539405310",
      "t" : 1756461731539,
      "tn" : 1756461731539405310,
      "q" : "1",
      "p" : "3.29569",
      "s" : "buy",
      "i" : "SUIUSD-PERP",
      "m" : "4611686018433900885"
    }, {
      "d" : "1756461731021841072",
      "t" : 1756461731021,
      "tn" : 1756461731021841072,
      "q" : "1",
      "p" : "3.29619",
      "s" : "sell",
      "i" : "SUIUSD-PERP",
      "m" : "4611686018433900884"
    }, {
      "d" : "1756461729979947699",
      "t" : 1756461729979,
      "tn" : 1756461729979947699,
      "q" : "1",
      "p" : "3.29664",
      "s" : "sell",
      "i" : "SUIUSD-PERP",
      "m" : "4611686018433900883"
    }, {
      "d" : "1756461723997035551",
      "t" : 1756461723997,
      "tn" : 1756461723997035551,
      "q" : "1",
      "p" : "3.29566",
      "s" : "sell",
      "i" : "SUIUSD-PERP",
      "m" : "4611686018433900882"
    }, {
      "d" : "1756461723399520913",
      "t" : 1756461723399,
      "tn" : 1756461723399520913,
      "q" : "69",
      "p" : "3.29513",
      "s" : "buy",
      "i" : "SUIUSD-PERP",
      "m" : "4611686018433900881"
    }, {
      "d" : "1756461723395654349",
      "t" : 1756461723395,
      "tn" : 1756461723395654349,
      "q" : "22",
      "p" : "3.29494",
      "s" : "buy",
      "i" : "SUIUSD-PERP",
      "m" : "4611686018433900880"
    }, {
      "d" : "1756461723395653701",
      "t" : 1756461723395,
      "tn" : 1756461723395653701,
      "q" : "1",
      "p" : "3.29472",
      "s" : "buy",
      "i" : "SUIUSD-PERP",
      "m" : "4611686018433900879"
    }, {
      "d" : "1756461723395652633",
      "t" : 1756461723395,
      "tn" : 1756461723395652633,
      "q" : "1",
      "p" : "3.29445",
      "s" : "buy",
      "i" : "SUIUSD-PERP",
      "m" : "4611686018433900878"
    }, {
      "d" : "1756461716012538876",
      "t" : 1756461716012,
      "tn" : 1756461716012538876,
      "q" : "1",
      "p" : "3.29274",
      "s" : "buy",
      "i" : "SUIUSD-PERP",
      "m" : "4611686018433900877"
    }, {
      "d" : "1756461714634442097",
      "t" : 1756461714634,
      "tn" : 1756461714634442097,
      "q" : "1",
      "p" : "3.29314",
      "s" : "sell",
      "i" : "SUIUSD-PERP",
      "m" : "4611686018433900876"
    }, {
      "d" : "1756461692283456552",
      "t" : 1756461692283,
      "tn" : 1756461692283456552,
      "q" : "1",
      "p" : "3.29124",
      "s" : "buy",
      "i" : "SUIUSD-PERP",
      "m" : "4611686018433900875"
    }, {
      "d" : "1756461692085507223",
      "t" : 1756461692085,
      "tn" : 1756461692085507223,
      "q" : "1",
      "p" : "3.29109",
      "s" : "buy",
      "i" : "SUIUSD-PERP",
      "m" : "4611686018433900874"
    }, {
      "d" : "1756461691856727908",
      "t" : 1756461691856,
      "tn" : 1756461691856727908,
      "q" : "1",
      "p" : "3.29084",
      "s" : "buy",
      "i" : "SUIUSD-PERP",
      "m" : "4611686018433900873"
    }, {
      "d" : "1756461691693032672",
      "t" : 1756461691693,
      "tn" : 1756461691693032672,
      "q" : "1",
      "p" : "3.29104",
      "s" : "sell",
      "i" : "SUIUSD-PERP",
      "m" : "4611686018433900872"
    }, {
      "d" : "1756461691573675356",
      "t" : 1756461691573,
      "tn" : 1756461691573675356,
      "q" : "1",
      "p" : "3.29119",
      "s" : "sell",
      "i" : "SUIUSD-PERP",
      "m" : "4611686018433900871"
    }, {
      "d" : "1756461691553648487",
      "t" : 1756461691553,
      "tn" : 1756461691553648487,
      "q" : "70",
      "p" : "3.29058",
      "s" : "sell",
      "i" : "SUIUSD-PERP",
      "m" : "4611686018433900870"
    }, {
      "d" : "1756461691553646247",
      "t" : 1756461691553,
      "tn" : 1756461691553646247,
      "q" : "70",
      "p" : "3.29059",
      "s" : "sell",
      "i" : "SUIUSD-PERP",
      "m" : "4611686018433900869"
    }, {
      "d" : "1756461691553644618",
      "t" : 1756461691553,
      "tn" : 1756461691553644618,
      "q" : "62",
      "p" : "3.29060",
      "s" : "sell",
      "i" : "SUIUSD-PERP",
      "m" : "4611686018433900868"
    }, {
      "d" : "1756461691529204291",
      "t" : 1756461691529,
      "tn" : 1756461691529204291,
      "q" : "1",
      "p" : "3.29109",
      "s" : "sell",
      "i" : "SUIUSD-PERP",
      "m" : "4611686018433900867"
    }, {
      "d" : "1756461691482437030",
      "t" : 1756461691482,
      "tn" : 1756461691482437030,
      "q" : "1",
      "p" : "3.29142",
      "s" : "sell",
      "i" : "SUIUSD-PERP",
      "m" : "4611686018433900866"
    }, {
      "d" : "1756461691482435408",
      "t" : 1756461691482,
      "tn" : 1756461691482435408,
      "q" : "12",
      "p" : "3.29160",
      "s" : "sell",
      "i" : "SUIUSD-PERP",
      "m" : "4611686018433900865"
    }, {
      "d" : "1756461691482433436",
      "t" : 1756461691482,
      "tn" : 1756461691482433436,
      "q" : "10",
      "p" : "3.29161",
      "s" : "sell",
      "i" : "SUIUSD-PERP",
      "m" : "4611686018433900864"
    }, {
      "d" : "1756461691427048472",
      "t" : 1756461691427,
      "tn" : 1756461691427048471,
      "q" : "22",
      "p" : "3.29274",
      "s" : "sell",
      "i" : "SUIUSD-PERP",
      "m" : "4611686018433900863"
    }, {
      "d" : "1756461691427048471",
      "t" : 1756461691427,
      "tn" : 1756461691427048471,
      "q" : "1",
      "p" : "3.29274",
      "s" : "sell",
      "i" : "SUIUSD-PERP",
      "m" : "4611686018433900863"
    }, {
      "d" : "1756461688257220753",
      "t" : 1756461688257,
      "tn" : 1756461688257220753,
      "q" : "1",
      "p" : "3.29235",
      "s" : "sell",
      "i" : "SUIUSD-PERP",
      "m" : "4611686018433900862"
    }, {
      "d" : "1756461685351908962",
      "t" : 1756461685351,
      "tn" : 1756461685351908962,
      "q" : "1",
      "p" : "3.29175",
      "s" : "buy",
      "i" : "SUIUSD-PERP",
      "m" : "4611686018433900861"
    }, {
      "d" : "1756461683149289775",
      "t" : 1756461683149,
      "tn" : 1756461683149289775,
      "q" : "1",
      "p" : "3.29215",
      "s" : "sell",
      "i" : "SUIUSD-PERP",
      "m" : "4611686018433900860"
    }, {
      "d" : "1756461682392177043",
      "t" : 1756461682392,
      "tn" : 1756461682392177043,
      "q" : "1",
      "p" : "3.29165",
      "s" : "buy",
      "i" : "SUIUSD-PERP",
      "m" : "4611686018433900859"
    }, {
      "d" : "1756461677836934126",
      "t" : 1756461677836,
      "tn" : 1756461677836934126,
      "q" : "1",
      "p" : "3.29405",
      "s" : "sell",
      "i" : "SUIUSD-PERP",
      "m" : "4611686018433900858"
    }, {
      "d" : "1756461673584430166",
      "t" : 1756461673584,
      "tn" : 1756461673584430166,
      "q" : "1",
      "p" : "3.29285",
      "s" : "buy",
      "i" : "SUIUSD-PERP",
      "m" : "4611686018433900857"
    }, {
      "d" : "1756461660663533648",
      "t" : 1756461660663,
      "tn" : 1756461660663533648,
      "q" : "22",
      "p" : "3.29197",
      "s" : "sell",
      "i" : "SUIUSD-PERP",
      "m" : "4611686018433900856"
    }, {
      "d" : "1756461646081304249",
      "t" : 1756461646081,
      "tn" : 1756461646081304249,
      "q" : "22",
      "p" : "3.29016",
      "s" : "sell",
      "i" : "SUIUSD-PERP",
      "m" : "4611686018433900855"
    }, {
      "d" : "1756461586275218554",
      "t" : 1756461586275,
      "tn" : 1756461586275218554,
      "q" : "15",
      "p" : "3.29030",
      "s" : "sell",
      "i" : "SUIUSD-PERP",
      "m" : "4611686018433900854"
    }, {
      "d" : "1756461586274930470",
      "t" : 1756461586274,
      "tn" : 1756461586274930470,
      "q" : "5",
      "p" : "3.29030",
      "s" : "sell",
      "i" : "SUIUSD-PERP",
      "m" : "4611686018433900853"
    }, {
      "d" : "1756461576529147876",
      "t" : 1756461576529,
      "tn" : 1756461576529147876,
      "q" : "1",
      "p" : "3.28924",
      "s" : "buy",
      "i" : "SUIUSD-PERP",
      "m" : "4611686018433900852"
    }, {
      "d" : "1756461576413055936",
      "t" : 1756461576413,
      "tn" : 1756461576413055936,
      "q" : "1",
      "p" : "3.28964",
      "s" : "sell",
      "i" : "SUIUSD-PERP",
      "m" : "4611686018433900851"
    }, {
      "d" : "1756461540064186143",
      "t" : 1756461540064,
      "tn" : 1756461540064186143,
      "q" : "1",
      "p" : "3.29025",
      "s" : "sell",
      "i" : "SUIUSD-PERP",
      "m" : "4611686018433900850"
    }, {
      "d" : "1756461535939116126",
      "t" : 1756461535939,
      "tn" : 1756461535939116126,
      "q" : "1",
      "p" : "3.28975",
      "s" : "buy",
      "i" : "SUIUSD-PERP",
      "m" : "4611686018433900849"
    }, {
      "d" : "1756461523794363557",
      "t" : 1756461523794,
      "tn" : 1756461523794363557,
      "q" : "1",
      "p" : "3.29055",
      "s" : "sell",
      "i" : "SUIUSD-PERP",
      "m" : "4611686018433900848"
    }, {
      "d" : "1756461509557369633",
      "t" : 1756461509557,
      "tn" : 1756461509557369633,
      "q" : "1",
      "p" : "3.28965",
      "s" : "buy",
      "i" : "SUIUSD-PERP",
      "m" : "4611686018433900847"
    }, {
      "d" : "1756461508664876632",
      "t" : 1756461508664,
      "tn" : 1756461508664876632,
      "q" : "1",
      "p" : "3.28954",
      "s" : "buy",
      "i" : "SUIUSD-PERP",
      "m" : "4611686018433900846"
    }, {
      "d" : "1756461508022229371",
      "t" : 1756461508022,
      "tn" : 1756461508022229371,
      "q" : "1",
      "p" : "3.29074",
      "s" : "sell",
      "i" : "SUIUSD-PERP",
      "m" : "4611686018433900845"
    }, {
      "d" : "1756461508022201120",
      "t" : 1756461508022,
      "tn" : 1756461508022201120,
      "q" : "18",
      "p" : "3.29083",
      "s" : "sell",
      "i" : "SUIUSD-PERP",
      "m" : "4611686018433900844"
    }, {
      "d" : "1756461498805325391",
      "t" : 1756461498805,
      "tn" : 1756461498805325391,
      "q" : "1",
      "p" : "3.28929",
      "s" : "buy",
      "i" : "SUIUSD-PERP",
      "m" : "4611686018433900843"
    }, {
      "d" : "1756461498699160539",
      "t" : 1756461498699,
      "tn" : 1756461498699160539,
      "q" : "1",
      "p" : "3.28944",
      "s" : "sell",
      "i" : "SUIUSD-PERP",
      "m" : "4611686018433900842"
    }, {
      "d" : "1756461498694112289",
      "t" : 1756461498694,
      "tn" : 1756461498694112288,
      "q" : "18",
      "p" : "3.28964",
      "s" : "sell",
      "i" : "SUIUSD-PERP",
      "m" : "4611686018433900841"
    }, {
      "d" : "1756461498694112288",
      "t" : 1756461498694,
      "tn" : 1756461498694112288,
      "q" : "12",
      "p" : "3.28964",
      "s" : "sell",
      "i" : "SUIUSD-PERP",
      "m" : "4611686018433900841"
    }, {
      "d" : "1756461487542166082",
      "t" : 1756461487542,
      "tn" : 1756461487542166082,
      "q" : "1",
      "p" : "3.29034",
      "s" : "buy",
      "i" : "SUIUSD-PERP",
      "m" : "4611686018433900840"
    }, {
      "d" : "1756461487142347169",
      "t" : 1756461487142,
      "tn" : 1756461487142347169,
      "q" : "1",
      "p" : "3.29094",
      "s" : "sell",
      "i" : "SUIUSD-PERP",
      "m" : "4611686018433900839"
    }, {
      "d" : "1756461487142343234",
      "t" : 1756461487142,
      "tn" : 1756461487142343234,
      "q" : "12",
      "p" : "3.29096",
      "s" : "sell",
      "i" : "SUIUSD-PERP",
      "m" : "4611686018433900838"
    }, {
      "d" : "1756461482934321746",
      "t" : 1756461482934,
      "tn" : 1756461482934321746,
      "q" : "1",
      "p" : "3.29084",
      "s" : "buy",
      "i" : "SUIUSD-PERP",
      "m" : "4611686018433900837"
    }, {
      "d" : "1756461482495216745",
      "t" : 1756461482495,
      "tn" : 1756461482495216745,
      "q" : "20",
      "p" : "3.29085",
      "s" : "sell",
      "i" : "SUIUSD-PERP",
      "m" : "4611686018433900836"
    }, {
      "d" : "1756461482495214123",
      "t" : 1756461482495,
      "tn" : 1756461482495214123,
      "q" : "1",
      "p" : "3.29094",
      "s" : "sell",
      "i" : "SUIUSD-PERP",
      "m" : "4611686018433900835"
    }, {
      "d" : "1756461479637241930",
      "t" : 1756461479637,
      "tn" : 1756461479637241930,
      "q" : "1",
      "p" : "3.29074",
      "s" : "buy",
      "i" : "SUIUSD-PERP",
      "m" : "4611686018433900834"
    }, {
      "d" : "1756461479530962237",
      "t" : 1756461479530,
      "tn" : 1756461479530962237,
      "q" : "1",
      "p" : "3.29154",
      "s" : "sell",
      "i" : "SUIUSD-PERP",
      "m" : "4611686018433900833"
    }, {
      "d" : "1756461456545184833",
      "t" : 1756461456545,
      "tn" : 1756461456545184833,
      "q" : "1",
      "p" : "3.29024",
      "s" : "buy",
      "i" : "SUIUSD-PERP",
      "m" : "4611686018433900832"
    }, {
      "d" : "1756461456167142637",
      "t" : 1756461456167,
      "tn" : 1756461456167142637,
      "q" : "20",
      "p" : "3.29060",
      "s" : "sell",
      "i" : "SUIUSD-PERP",
      "m" : "4611686018433900831"
    }, {
      "d" : "1756461456166709765",
      "t" : 1756461456166,
      "tn" : 1756461456166709765,
      "q" : "1",
      "p" : "3.29084",
      "s" : "sell",
      "i" : "SUIUSD-PERP",
      "m" : "4611686018433900830"
    }, {
      "d" : "1756461422445183493",
      "t" : 1756461422445,
      "tn" : 1756461422445183493,
      "q" : "22",
      "p" : "3.28741",
      "s" : "sell",
      "i" : "SUIUSD-PERP",
      "m" : "4611686018433900829"
    }, {
      "d" : "1756461386375939526",
      "t" : 1756461386375,
      "tn" : 1756461386375939526,
      "q" : "1",
      "p" : "3.28734",
      "s" : "buy",
      "i" : "SUIUSD-PERP",
      "m" : "4611686018433900828"
    }, {
      "d" : "1756461385941090610",
      "t" : 1756461385941,
      "tn" : 1756461385941090610,
      "q" : "1",
      "p" : "3.28874",
      "s" : "sell",
      "i" : "SUIUSD-PERP",
      "m" : "4611686018433900827"
    }, {
      "d" : "1756461384709373498",
      "t" : 1756461384709,
      "tn" : 1756461384709373498,
      "q" : "21",
      "p" : "3.29008",
      "s" : "sell",
      "i" : "SUIUSD-PERP",
      "m" : "4611686018433900826"
    }, {
      "d" : "1756461384653396746",
      "t" : 1756461384653,
      "tn" : 1756461384653396746,
      "q" : "1",
      "p" : "3.28977",
      "s" : "buy",
      "i" : "SUIUSD-PERP",
      "m" : "4611686018433900825"
    }, {
      "d" : "1756461377485477984",
      "t" : 1756461377485,
      "tn" : 1756461377485477984,
      "q" : "1",
      "p" : "3.28985",
      "s" : "buy",
      "i" : "SUIUSD-PERP",
      "m" : "4611686018433900824"
    }, {
      "d" : "1756461377377275442",
      "t" : 1756461377377,
      "tn" : 1756461377377275441,
      "q" : "18",
      "p" : "3.29014",
      "s" : "sell",
      "i" : "SUIUSD-PERP",
      "m" : "4611686018433900823"
    }, {
      "d" : "1756461377377275441",
      "t" : 1756461377377,
      "tn" : 1756461377377275441,
      "q" : "1",
      "p" : "3.29014",
      "s" : "sell",
      "i" : "SUIUSD-PERP",
      "m" : "4611686018433900823"
    }, {
      "d" : "1756461369246961923",
      "t" : 1756461369246,
      "tn" : 1756461369246961923,
      "q" : "1",
      "p" : "3.29054",
      "s" : "buy",
      "i" : "SUIUSD-PERP",
      "m" : "4611686018433900822"
    }, {
      "d" : "1756461369081359833",
      "t" : 1756461369081,
      "tn" : 1756461369081359833,
      "q" : "1",
      "p" : "3.29224",
      "s" : "sell",
      "i" : "SUIUSD-PERP",
      "m" : "4611686018433900821"
    }, {
      "d" : "1756461367329953699",
      "t" : 1756461367329,
      "tn" : 1756461367329953699,
      "q" : "1",
      "p" : "3.29285",
      "s" : "sell",
      "i" : "SUIUSD-PERP",
      "m" : "4611686018433900820"
    }, {
      "d" : "1756461366226457433",
      "t" : 1756461366226,
      "tn" : 1756461366226457433,
      "q" : "1",
      "p" : "3.29235",
      "s" : "buy",
      "i" : "SUIUSD-PERP",
      "m" : "4611686018433900819"
    } ]
  }
}