{
  "id" : -1,
  "method" : "public/get-trades",
  "code" : 0,
  "result" : {
    "data" : [ {
      "d" : "1756459074231421683",
      "t" : 1756459074231,
      "tn" : 1756459074231421683,
      "q" : "124.6",
      "p" : "0.5754",
      "s" : "sell",
      "i" : "SUPER_USDT",
      "m" : "4611686018430299530"
    }, {
      "d" : "1756458185146969832",
      "t" : 1756458185146,
      "tn" : 1756458185146969832,
      "q" : "198.8",
      "p" : "0.5714",
      "s" : "sell",
      "i" : "SUPER_USDT",
      "m" : "4611686018430299529"
    }, {
      "d" : "1756458185053686910",
      "t" : 1756458185053,
      "tn" : 1756458185053686910,
      "q" : "363.1",
      "p" : "0.5720",
      "s" : "sell",
      "i" : "SUPER_USDT",
      "m" : "4611686018430299528"
    }, {
      "d" : "1756457025401934586",
      "t" : 1756457025401,
      "tn" : 1756457025401934586,
      "q" : "539.0",
      "p" : "0.5800",
      "s" : "buy",
      "i" : "SUPER_USDT",
      "m" : "4611686018430299527"
    }, {
      "d" : "1756427771683603718",
      "t" : 1756427771683,
      "tn" : 1756427771683603718,
      "q" : "13.8",
      "p" : "0.5996",
      "s" : "sell",
      "i" : "SUPER_USDT",
      "m" : "4611686018430299526"
    }, {
      "d" : "1756427767116005884",
      "t" : 1756427767116,
      "tn" : 1756427767116005884,
      "q" : "452.2",
      "p" : "0.5992",
      "s" : "sell",
      "i" : "SUPER_USDT",
      "m" : "4611686018430299525"
    }, {
      "d" : "1756427767116004232",
      "t" : 1756427767116,
      "tn" : 1756427767116004232,
      "q" : "82.0",
      "p" : "0.5993",
      "s" : "sell",
      "i" : "SUPER_USDT",
      "m" : "4611686018430299524"
    }, {
      "d" : "1756427756908852542",
      "t" : 1756427756908,
      "tn" : 1756427756908852542,
      "q" : "167.0",
      "p" : "0.5987",
      "s" : "sell",
      "i" : "SUPER_USDT",
      "m" : "4611686018430299523"
    }, {
      "d" : "1756427750159328836",
      "t" : 1756427750159,
      "tn" : 1756427750159328836,
      "q" : "167.0",
      "p" : "0.5985",
      "s" : "sell",
      "i" : "SUPER_USDT",
      "m" : "4611686018430299522"
    }, {
      "d" : "1756400405071863653",
      "t" : 1756400405071,
      "tn" : 1756400405071863653,
      "q" : "167.7",
      "p" : "0.5900",
      "s" : "sell",
      "i" : "SUPER_USDT",
      "m" : "4611686018430299521"
    }, {
      "d" : "1756400373789270555",
      "t" : 1756400373789,
      "tn" : 1756400373789270555,
      "q" : "74.4",
      "p" : "0.5904",
      "s" : "sell",
      "i" : "SUPER_USDT",
      "m" : "4611686018430299520"
    }, {
      "d" : "1756396350319017569",
      "t" : 1756396350319,
      "tn" : 1756396350319017569,
      "q" : "545.6",
      "p" : "0.5966",
      "s" : "buy",
      "i" : "SUPER_USDT",
      "m" : "4611686018430299519"
    }, {
      "d" : "1756396350319015971",
      "t" : 1756396350319,
      "tn" : 1756396350319015971,
      "q" : "167.9",
      "p" : "0.5964",
      "s" : "buy",
      "i" : "SUPER_USDT",
      "m" : "4611686018430299518"
    }, {
      "d" : "1756395948048987859",
      "t" : 1756395948048,
      "tn" : 1756395948048987859,
      "q" : "2.0",
      "p" : "0.5974",
      "s" : "sell",
      "i" : "SUPER_USDT",
      "m" : "4611686018430299517"
    }, {
      "d" : "1756395948048986100",
      "t" : 1756395948048,
      "tn" : 1756395948048986100,
      "q" : "148.5",
      "p" : "0.5975",
      "s" : "sell",
      "i" : "SUPER_USDT",
      "m" : "4611686018430299516"
    }, {
      "d" : "1756393927379007832",
      "t" : 1756393927379,
      "tn" : 1756393927379007832,
      "q" : "165.9",
      "p" : "0.6025",
      "s" : "sell",
      "i" : "SUPER_USDT",
      "m" : "4611686018430299515"
    }, {
      "d" : "1756385930749700256",
      "t" : 1756385930749,
      "tn" : 1756385930749700256,
      "q" : "376.0",
      "p" : "0.6002",
      "s" : "sell",
      "i" : "SUPER_USDT",
      "m" : "4611686018430299514"
    }, {
      "d" : "1756384293749101741",
      "t" : 1756384293749,
      "tn" : 1756384293749101741,
      "q" : "726.4",
      "p" : "0.6019",
      "s" : "buy",
      "i" : "SUPER_USDT",
      "m" : "4611686018430299513"
    }, {
      "d" : "1756384293379145800",
      "t" : 1756384293379,
      "tn" : 1756384293379145800,
      "q" : "139.2",
      "p" : "0.6019",
      "s" : "buy",
      "i" : "SUPER_USDT",
      "m" : "4611686018430299512"
    }, {
      "d" : "1756384292263355443",
      "t" : 1756384292263,
      "tn" : 1756384292263355443,
      "q" : "233.0",
      "p" : "0.6018",
      "s" : "buy",
      "i" : "SUPER_USDT",
      "m" : "4611686018430299511"
    }, {
      "d" : "1756384062289451612",
      "t" : 1756384062289,
      "tn" : 1756384062289451612,
      "q" : "4.6",
      "p" : "0.6002",
      "s" : "sell",
      "i" : "SUPER_USDT",
      "m" : "4611686018430299510"
    }, {
      "d" : "1756384057519267281",
      "t" : 1756384057519,
      "tn" : 1756384057519267281,
      "q" : "4.6",
      "p" : "0.6002",
      "s" : "sell",
      "i" : "SUPER_USDT",
      "m" : "4611686018430299509"
    }, {
      "d" : "1756384057477233820",
      "t" : 1756384057477,
      "tn" : 1756384057477233820,
      "q" : "59.9",
      "p" : "0.6002",
      "s" : "sell",
      "i" : "SUPER_USDT",
      "m" : "4611686018430299508"
    }, {
      "d" : "1756384057477232159",
      "t" : 1756384057477,
      "tn" : 1756384057477232159,
      "q" : "24.9",
      "p" : "0.6005",
      "s" : "sell",
      "i" : "SUPER_USDT",
      "m" : "4611686018430299507"
    }, {
      "d" : "1756384057089559478",
      "t" : 1756384057089,
      "tn" : 1756384057089559478,
      "q" : "104.7",
      "p" : "0.6005",
      "s" : "sell",
      "i" : "SUPER_USDT",
      "m" : "4611686018430299506"
    }, {
      "d" : "1756384056794263300",
      "t" : 1756384056794,
      "tn" : 1756384056794263300,
      "q" : "11.0",
      "p" : "0.6005",
      "s" : "sell",
      "i" : "SUPER_USDT",
      "m" : "4611686018430299505"
    } ]
  }
}