{
  "id" : -1,
  "method" : "public/get-trades",
  "code" : 0,
  "result" : {
    "data" : [ {
      "d" : "1756459876233628457",
      "t" : 1756459876233,
      "tn" : 1756459876233628457,
      "q" : "401.9",
      "p" : "0.5774",
      "s" : "buy",
      "i" : "SUPER_USD",
      "m" : "4611686018430262768"
    }, {
      "d" : "1756459876229136509",
      "t" : 1756459876229,
      "tn" : 1756459876229136509,
      "q" : "129.6",
      "p" : "0.5774",
      "s" : "sell",
      "i" : "SUPER_USD",
      "m" : "4611686018430262767"
    }, {
      "d" : "1756455628307411330",
      "t" : 1756455628307,
      "tn" : 1756455628307411330,
      "q" : "89.2",
      "p" : "0.5809",
      "s" : "sell",
      "i" : "SUPER_USD",
      "m" : "4611686018430262766"
    }, {
      "d" : "1756453778742691440",
      "t" : 1756453778742,
      "tn" : 1756453778742691440,
      "q" : "42.3",
      "p" : "0.5870",
      "s" : "sell",
      "i" : "SUPER_USD",
      "m" : "4611686018430262765"
    }, {
      "d" : "1756453778733932210",
      "t" : 1756453778733,
      "tn" : 1756453778733932210,
      "q" : "89.2",
      "p" : "0.5870",
      "s" : "buy",
      "i" : "SUPER_USD",
      "m" : "4611686018430262764"
    }, {
      "d" : "1756450955740890228",
      "t" : 1756450955740,
      "tn" : 1756450955740890228,
      "q" : "19.6",
      "p" : "0.5908",
      "s" : "sell",
      "i" : "SUPER_USD",
      "m" : "4611686018430262763"
    }, {
      "d" : "1756450955736939494",
      "t" : 1756450955736,
      "tn" : 1756450955736939494,
      "q" : "89.2",
      "p" : "0.5911",
      "s" : "sell",
      "i" : "SUPER_USD",
      "m" : "4611686018430262762"
    }, {
      "d" : "1756450955735312223",
      "t" : 1756450955735,
      "tn" : 1756450955735312223,
      "q" : "41.7",
      "p" : "0.5911",
      "s" : "sell",
      "i" : "SUPER_USD",
      "m" : "4611686018430262761"
    }, {
      "d" : "1756450706558431004",
      "t" : 1756450706558,
      "tn" : 1756450706558431004,
      "q" : "99.4",
      "p" : "0.5965",
      "s" : "sell",
      "i" : "SUPER_USD",
      "m" : "4611686018430262760"
    }, {
      "d" : "1756450706552326690",
      "t" : 1756450706552,
      "tn" : 1756450706552326690,
      "q" : "89.2",
      "p" : "0.5965",
      "s" : "buy",
      "i" : "SUPER_USD",
      "m" : "4611686018430262759"
    }, {
      "d" : "1756449608596422563",
      "t" : 1756449608596,
      "tn" : 1756449608596422563,
      "q" : "2143.4",
      "p" : "0.5915",
      "s" : "sell",
      "i" : "SUPER_USD",
      "m" : "4611686018430262758"
    }, {
      "d" : "1756447506211107951",
      "t" : 1756447506211,
      "tn" : 1756447506211107951,
      "q" : "89.2",
      "p" : "0.6001",
      "s" : "sell",
      "i" : "SUPER_USD",
      "m" : "4611686018430262757"
    }, {
      "d" : "1756445856323295618",
      "t" : 1756445856323,
      "tn" : 1756445856323295618,
      "q" : "142.7",
      "p" : "0.5989",
      "s" : "buy",
      "i" : "SUPER_USD",
      "m" : "4611686018430262756"
    }, {
      "d" : "1756444629246359739",
      "t" : 1756444629246,
      "tn" : 1756444629246359739,
      "q" : "110.3",
      "p" : "0.5988",
      "s" : "buy",
      "i" : "SUPER_USD",
      "m" : "4611686018430262755"
    }, {
      "d" : "1756444345538429780",
      "t" : 1756444345538,
      "tn" : 1756444345538429780,
      "q" : "30.8",
      "p" : "0.5992",
      "s" : "buy",
      "i" : "SUPER_USD",
      "m" : "4611686018430262754"
    }, {
      "d" : "1756444345538427791",
      "t" : 1756444345538,
      "tn" : 1756444345538427791,
      "q" : "89.2",
      "p" : "0.5986",
      "s" : "buy",
      "i" : "SUPER_USD",
      "m" : "4611686018430262753"
    }, {
      "d" : "1756441077660180421",
      "t" : 1756441077660,
      "tn" : 1756441077660180421,
      "q" : "103.6",
      "p" : "0.6011",
      "s" : "buy",
      "i" : "SUPER_USD",
      "m" : "4611686018430262752"
    }, {
      "d" : "1756439357760154157",
      "t" : 1756439357760,
      "tn" : 1756439357760154157,
      "q" : "235.4",
      "p" : "0.5998",
      "s" : "sell",
      "i" : "SUPER_USD",
      "m" : "4611686018430262751"
    }, {
      "d" : "1756439318252386825",
      "t" : 1756439318252,
      "tn" : 1756439318252386825,
      "q" : "89.2",
      "p" : "0.5997",
      "s" : "sell",
      "i" : "SUPER_USD",
      "m" : "4611686018430262750"
    }, {
      "d" : "1756436216001538353",
      "t" : 1756436216001,
      "tn" : 1756436216001538353,
      "q" : "53.7",
      "p" : "0.6002",
      "s" : "sell",
      "i" : "SUPER_USD",
      "m" : "4611686018430262749"
    }, {
      "d" : "1756436215995888010",
      "t" : 1756436215995,
      "tn" : 1756436215995888010,
      "q" : "89.2",
      "p" : "0.6002",
      "s" : "buy",
      "i" : "SUPER_USD",
      "m" : "4611686018430262748"
    }, {
      "d" : "1756435284439358461",
      "t" : 1756435284439,
      "tn" : 1756435284439358461,
      "q" : "89.2",
      "p" : "0.5977",
      "s" : "sell",
      "i" : "SUPER_USD",
      "m" : "4611686018430262747"
    }, {
      "d" : "1756434511121545735",
      "t" : 1756434511121,
      "tn" : 1756434511121545735,
      "q" : "192.8",
      "p" : "0.6001",
      "s" : "sell",
      "i" : "SUPER_USD",
      "m" : "4611686018430262746"
    }, {
      "d" : "1756434511116101765",
      "t" : 1756434511116,
      "tn" : 1756434511116101765,
      "q" : "89.2",
      "p" : "0.6001",
      "s" : "buy",
      "i" : "SUPER_USD",
      "m" : "4611686018430262745"
    }, {
      "d" : "1756431582427158164",
      "t" : 1756431582427,
      "tn" : 1756431582427158164,
      "q" : "219.3",
      "p" : "0.5930",
      "s" : "buy",
      "i" : "SUPER_USD",
      "m" : "4611686018430262744"
    }, {
      "d" : "1756431582421522159",
      "t" : 1756431582421,
      "tn" : 1756431582421522159,
      "q" : "314.1",
      "p" : "0.5930",
      "s" : "sell",
      "i" : "SUPER_USD",
      "m" : "4611686018430262743"
    }, {
      "d" : "1756428802498002568",
      "t" : 1756428802498,
      "tn" : 1756428802498002568,
      "q" : "89.2",
      "p" : "0.5966",
      "s" : "sell",
      "i" : "SUPER_USD",
      "m" : "4611686018430262742"
    }, {
      "d" : "1756427375666865449",
      "t" : 1756427375666,
      "tn" : 1756427375666865449,
      "q" : "19.4",
      "p" : "0.6029",
      "s" : "buy",
      "i" : "SUPER_USD",
      "m" : "4611686018430262741"
    }, {
      "d" : "1756422473691284831",
      "t" : 1756422473691,
      "tn" : 1756422473691284831,
      "q" : "250.1",
      "p" : "0.6032",
      "s" : "sell",
      "i" : "SUPER_USD",
      "m" : "4611686018430262740"
    }, {
      "d" : "1756422473685699094",
      "t" : 1756422473685,
      "tn" : 1756422473685699094,
      "q" : "89.2",
      "p" : "0.6032",
      "s" : "buy",
      "i" : "SUPER_USD",
      "m" : "4611686018430262739"
    }, {
      "d" : "1756422272713080261",
      "t" : 1756422272713,
      "tn" : 1756422272713080261,
      "q" : "308.3",
      "p" : "0.6026",
      "s" : "buy",
      "i" : "SUPER_USD",
      "m" : "4611686018430262738"
    }, {
      "d" : "1756419905687725409",
      "t" : 1756419905687,
      "tn" : 1756419905687725409,
      "q" : "20.1",
      "p" : "0.6026",
      "s" : "buy",
      "i" : "SUPER_USD",
      "m" : "4611686018430262737"
    }, {
      "d" : "1756418815349242261",
      "t" : 1756418815349,
      "tn" : 1756418815349242261,
      "q" : "20.1",
      "p" : "0.5987",
      "s" : "buy",
      "i" : "SUPER_USD",
      "m" : "4611686018430262736"
    }, {
      "d" : "1756418343604791571",
      "t" : 1756418343604,
      "tn" : 1756418343604791571,
      "q" : "375.0",
      "p" : "0.5958",
      "s" : "buy",
      "i" : "SUPER_USD",
      "m" : "4611686018430262735"
    }, {
      "d" : "1756418343599100875",
      "t" : 1756418343599,
      "tn" : 1756418343599100875,
      "q" : "312.5",
      "p" : "0.5958",
      "s" : "sell",
      "i" : "SUPER_USD",
      "m" : "4611686018430262734"
    }, {
      "d" : "1756418340351210652",
      "t" : 1756418340351,
      "tn" : 1756418340351210652,
      "q" : "312.5",
      "p" : "0.5959",
      "s" : "sell",
      "i" : "SUPER_USD",
      "m" : "4611686018430262733"
    }, {
      "d" : "1756417411691082203",
      "t" : 1756417411691,
      "tn" : 1756417411691082202,
      "q" : "27.8",
      "p" : "0.5923",
      "s" : "sell",
      "i" : "SUPER_USD",
      "m" : "4611686018430262732"
    }, {
      "d" : "1756417411691082202",
      "t" : 1756417411691,
      "tn" : 1756417411691082202,
      "q" : "89.2",
      "p" : "0.5923",
      "s" : "sell",
      "i" : "SUPER_USD",
      "m" : "4611686018430262732"
    }, {
      "d" : "1756417155091750250",
      "t" : 1756417155091,
      "tn" : 1756417155091750250,
      "q" : "1.3",
      "p" : "0.5935",
      "s" : "buy",
      "i" : "SUPER_USD",
      "m" : "4611686018430262731"
    }, {
      "d" : "1756414798999485468",
      "t" : 1756414798999,
      "tn" : 1756414798999485468,
      "q" : "115.5",
      "p" : "0.5882",
      "s" : "buy",
      "i" : "SUPER_USD",
      "m" : "4611686018430262730"
    }, {
      "d" : "1756414081948559652",
      "t" : 1756414081948,
      "tn" : 1756414081948559652,
      "q" : "379.4",
      "p" : "0.5886",
      "s" : "sell",
      "i" : "SUPER_USD",
      "m" : "4611686018430262729"
    }, {
      "d" : "1756414081944585052",
      "t" : 1756414081944,
      "tn" : 1756414081944585052,
      "q" : "89.2",
      "p" : "0.5886",
      "s" : "buy",
      "i" : "SUPER_USD",
      "m" : "4611686018430262728"
    }, {
      "d" : "1756413023737045270",
      "t" : 1756413023737,
      "tn" : 1756413023737045270,
      "q" : "180.4",
      "p" : "0.5881",
      "s" : "sell",
      "i" : "SUPER_USD",
      "m" : "4611686018430262727"
    }, {
      "d" : "1756413020551384987",
      "t" : 1756413020551,
      "tn" : 1756413020551384987,
      "q" : "89.2",
      "p" : "0.5882",
      "s" : "sell",
      "i" : "SUPER_USD",
      "m" : "4611686018430262726"
    }, {
      "d" : "1756411739341490817",
      "t" : 1756411739341,
      "tn" : 1756411739341490817,
      "q" : "68.9",
      "p" : "0.5874",
      "s" : "sell",
      "i" : "SUPER_USD",
      "m" : "4611686018430262725"
    }, {
      "d" : "1756411739333479248",
      "t" : 1756411739333,
      "tn" : 1756411739333479248,
      "q" : "89.2",
      "p" : "0.5874",
      "s" : "buy",
      "i" : "SUPER_USD",
      "m" : "4611686018430262724"
    }, {
      "d" : "1756410955356221848",
      "t" : 1756410955356,
      "tn" : 1756410955356221848,
      "q" : "20.6",
      "p" : "0.5889",
      "s" : "sell",
      "i" : "SUPER_USD",
      "m" : "4611686018430262723"
    }, {
      "d" : "1756410951231794379",
      "t" : 1756410951231,
      "tn" : 1756410951231794379,
      "q" : "19.8",
      "p" : "0.5891",
      "s" : "sell",
      "i" : "SUPER_USD",
      "m" : "4611686018430262722"
    }, {
      "d" : "1756410578179930744",
      "t" : 1756410578179,
      "tn" : 1756410578179930744,
      "q" : "162.9",
      "p" : "0.5897",
      "s" : "sell",
      "i" : "SUPER_USD",
      "m" : "4611686018430262721"
    }, {
      "d" : "1756410286191904459",
      "t" : 1756410286191,
      "tn" : 1756410286191904459,
      "q" : "3159.0",
      "p" : "0.5897",
      "s" : "sell",
      "i" : "SUPER_USD",
      "m" : "4611686018430262720"
    }, {
      "d" : "1756408988244296813",
      "t" : 1756408988244,
      "tn" : 1756408988244296813,
      "q" : "89.2",
      "p" : "0.5955",
      "s" : "sell",
      "i" : "SUPER_USD",
      "m" : "4611686018430262719"
    }, {
      "d" : "1756408018968436871",
      "t" : 1756408018968,
      "tn" : 1756408018968436871,
      "q" : "45.7",
      "p" : "0.5972",
      "s" : "sell",
      "i" : "SUPER_USD",
      "m" : "4611686018430262718"
    }, {
      "d" : "1756408018962683291",
      "t" : 1756408018962,
      "tn" : 1756408018962683291,
      "q" : "312.3",
      "p" : "0.5972",
      "s" : "buy",
      "i" : "SUPER_USD",
      "m" : "4611686018430262717"
    }, {
      "d" : "1756407968682233773",
      "t" : 1756407968682,
      "tn" : 1756407968682233773,
      "q" : "193.4",
      "p" : "0.5970",
      "s" : "sell",
      "i" : "SUPER_USD",
      "m" : "4611686018430262716"
    }, {
      "d" : "1756407457325006664",
      "t" : 1756407457325,
      "tn" : 1756407457325006664,
      "q" : "1596.7",
      "p" : "0.5970",
      "s" : "sell",
      "i" : "SUPER_USD",
      "m" : "4611686018430262715"
    }, {
      "d" : "1756407455110619990",
      "t" : 1756407455110,
      "tn" : 1756407455110619990,
      "q" : "1716.5",
      "p" : "0.5970",
      "s" : "sell",
      "i" : "SUPER_USD",
      "m" : "4611686018430262714"
    }, {
      "d" : "1756407454337898653",
      "t" : 1756407454337,
      "tn" : 1756407454337898653,
      "q" : "3688.6",
      "p" : "0.5970",
      "s" : "sell",
      "i" : "SUPER_USD",
      "m" : "4611686018430262713"
    }, {
      "d" : "1756407442323674200",
      "t" : 1756407442323,
      "tn" : 1756407442323674200,
      "q" : "89.2",
      "p" : "0.5970",
      "s" : "sell",
      "i" : "SUPER_USD",
      "m" : "4611686018430262712"
    }, {
      "d" : "1756406263816325258",
      "t" : 1756406263816,
      "tn" : 1756406263816325258,
      "q" : "341.5",
      "p" : "0.5965",
      "s" : "sell",
      "i" : "SUPER_USD",
      "m" : "4611686018430262711"
    }, {
      "d" : "1756405179255414809",
      "t" : 1756405179255,
      "tn" : 1756405179255414809,
      "q" : "134.4",
      "p" : "0.5938",
      "s" : "sell",
      "i" : "SUPER_USD",
      "m" : "4611686018430262710"
    }, {
      "d" : "1756403855779521536",
      "t" : 1756403855779,
      "tn" : 1756403855779521536,
      "q" : "305.2",
      "p" : "0.5930",
      "s" : "sell",
      "i" : "SUPER_USD",
      "m" : "4611686018430262709"
    }, {
      "d" : "1756400554636401878",
      "t" : 1756400554636,
      "tn" : 1756400554636401878,
      "q" : "249.0",
      "p" : "0.5908",
      "s" : "sell",
      "i" : "SUPER_USD",
      "m" : "4611686018430262708"
    }, {
      "d" : "1756395948049882225",
      "t" : 1756395948049,
      "tn" : 1756395948049882225,
      "q" : "267.1",
      "p" : "0.5975",
      "s" : "sell",
      "i" : "SUPER_USD",
      "m" : "4611686018430262707"
    }, {
      "d" : "1756395376403887056",
      "t" : 1756395376403,
      "tn" : 1756395376403887056,
      "q" : "255.4",
      "p" : "0.6002",
      "s" : "buy",
      "i" : "SUPER_USD",
      "m" : "4611686018430262706"
    }, {
      "d" : "1756394575783205193",
      "t" : 1756394575783,
      "tn" : 1756394575783205193,
      "q" : "749.0",
      "p" : "0.5997",
      "s" : "buy",
      "i" : "SUPER_USD",
      "m" : "4611686018430262705"
    }, {
      "d" : "1756394575774588640",
      "t" : 1756394575774,
      "tn" : 1756394575774588640,
      "q" : "1014.7",
      "p" : "0.5997",
      "s" : "sell",
      "i" : "SUPER_USD",
      "m" : "4611686018430262704"
    }, {
      "d" : "1756392739718926091",
      "t" : 1756392739718,
      "tn" : 1756392739718926091,
      "q" : "210.1",
      "p" : "0.6027",
      "s" : "sell",
      "i" : "SUPER_USD",
      "m" : "4611686018430262703"
    }, {
      "d" : "1756392345109077969",
      "t" : 1756392345109,
      "tn" : 1756392345109077969,
      "q" : "20.3",
      "p" : "0.6028",
      "s" : "buy",
      "i" : "SUPER_USD",
      "m" : "4611686018430262702"
    }, {
      "d" : "1756391848869494823",
      "t" : 1756391848869,
      "tn" : 1756391848869494823,
      "q" : "914.4",
      "p" : "0.6025",
      "s" : "buy",
      "i" : "SUPER_USD",
      "m" : "4611686018430262701"
    }, {
      "d" : "1756391215413573191",
      "t" : 1756391215413,
      "tn" : 1756391215413573191,
      "q" : "89.2",
      "p" : "0.5992",
      "s" : "sell",
      "i" : "SUPER_USD",
      "m" : "4611686018430262700"
    }, {
      "d" : "1756390767908112931",
      "t" : 1756390767908,
      "tn" : 1756390767908112931,
      "q" : "210.9",
      "p" : "0.6051",
      "s" : "buy",
      "i" : "SUPER_USD",
      "m" : "4611686018430262699"
    }, {
      "d" : "1756389997760084114",
      "t" : 1756389997760,
      "tn" : 1756389997760084114,
      "q" : "89.2",
      "p" : "0.6057",
      "s" : "buy",
      "i" : "SUPER_USD",
      "m" : "4611686018430262698"
    }, {
      "d" : "1756388165051233515",
      "t" : 1756388165051,
      "tn" : 1756388165051233515,
      "q" : "148.4",
      "p" : "0.6019",
      "s" : "buy",
      "i" : "SUPER_USD",
      "m" : "4611686018430262697"
    }, {
      "d" : "1756387440054813494",
      "t" : 1756387440054,
      "tn" : 1756387440054813494,
      "q" : "756.6",
      "p" : "0.6026",
      "s" : "sell",
      "i" : "SUPER_USD",
      "m" : "4611686018430262696"
    }, {
      "d" : "1756384983331932102",
      "t" : 1756384983331,
      "tn" : 1756384983331932102,
      "q" : "1957.2",
      "p" : "0.6017",
      "s" : "buy",
      "i" : "SUPER_USD",
      "m" : "4611686018430262695"
    }, {
      "d" : "1756384983323770099",
      "t" : 1756384983323,
      "tn" : 1756384983323770099,
      "q" : "443.4",
      "p" : "0.6017",
      "s" : "sell",
      "i" : "SUPER_USD",
      "m" : "4611686018430262694"
    }, {
      "d" : "1756384980159425165",
      "t" : 1756384980159,
      "tn" : 1756384980159425165,
      "q" : "359.8",
      "p" : "0.6019",
      "s" : "buy",
      "i" : "SUPER_USD",
      "m" : "4611686018430262693"
    }, {
      "d" : "1756384980155462700",
      "t" : 1756384980155,
      "tn" : 1756384980155462700,
      "q" : "1373.6",
      "p" : "0.6019",
      "s" : "sell",
      "i" : "SUPER_USD",
      "m" : "4611686018430262692"
    }, {
      "d" : "1756383022321070360",
      "t" : 1756383022321,
      "tn" : 1756383022321070360,
      "q" : "1184.0",
      "p" : "0.6016",
      "s" : "sell",
      "i" : "SUPER_USD",
      "m" : "4611686018430262691"
    }, {
      "d" : "1756383017936728712",
      "t" : 1756383017936,
      "tn" : 1756383017936728712,
      "q" : "21.1",
      "p" : "0.6018",
      "s" : "sell",
      "i" : "SUPER_USD",
      "m" : "4611686018430262690"
    }, {
      "d" : "1756379730689215178",
      "t" : 1756379730689,
      "tn" : 1756379730689215178,
      "q" : "687.1",
      "p" : "0.5990",
      "s" : "sell",
      "i" : "SUPER_USD",
      "m" : "4611686018430262689"
    }, {
      "d" : "1756379577796352558",
      "t" : 1756379577796,
      "tn" : 1756379577796352558,
      "q" : "400.0",
      "p" : "0.5992",
      "s" : "sell",
      "i" : "SUPER_USD",
      "m" : "4611686018430262688"
    }, {
      "d" : "1756379523886025222",
      "t" : 1756379523886,
      "tn" : 1756379523886025222,
      "q" : "205.4",
      "p" : "0.6001",
      "s" : "buy",
      "i" : "SUPER_USD",
      "m" : "4611686018430262687"
    }, {
      "d" : "1756379443705330025",
      "t" : 1756379443705,
      "tn" : 1756379443705330025,
      "q" : "289.9",
      "p" : "0.6003",
      "s" : "sell",
      "i" : "SUPER_USD",
      "m" : "4611686018430262686"
    } ]
  }
}