{
  "id" : -1,
  "method" : "public/get-trades",
  "code" : 0,
  "result" : {
    "data" : [ {
      "d" : "1756451593108808690",
      "t" : 1756451593108,
      "tn" : 1756451593108808690,
      "q" : "155",
      "p" : "0.32184",
      "s" : "sell",
      "i" : "SUSD-PERP",
      "m" : "4611686018427415596"
    }, {
      "d" : "1756451593108806685",
      "t" : 1756451593108,
      "tn" : 1756451593108806685,
      "q" : "1",
      "p" : "0.32190",
      "s" : "sell",
      "i" : "SUSD-PERP",
      "m" : "4611686018427415595"
    }, {
      "d" : "1756451593108803741",
      "t" : 1756451593108,
      "tn" : 1756451593108803741,
      "q" : "1",
      "p" : "0.32191",
      "s" : "sell",
      "i" : "SUSD-PERP",
      "m" : "4611686018427415594"
    }, {
      "d" : "1756451383502589046",
      "t" : 1756451383502,
      "tn" : 1756451383502589046,
      "q" : "154",
      "p" : "0.32263",
      "s" : "sell",
      "i" : "SUSD-PERP",
      "m" : "4611686018427415593"
    }, {
      "d" : "1756451383502587205",
      "t" : 1756451383502,
      "tn" : 1756451383502587205,
      "q" : "310",
      "p" : "0.32267",
      "s" : "sell",
      "i" : "SUSD-PERP",
      "m" : "4611686018427415592"
    }, {
      "d" : "1756451383502343656",
      "t" : 1756451383502,
      "tn" : 1756451383502343656,
      "q" : "1085",
      "p" : "0.32267",
      "s" : "sell",
      "i" : "SUSD-PERP",
      "m" : "4611686018427415591"
    }, {
      "d" : "1756451383502189229",
      "t" : 1756451383502,
      "tn" : 1756451383502189229,
      "q" : "742",
      "p" : "0.32267",
      "s" : "sell",
      "i" : "SUSD-PERP",
      "m" : "4611686018427415590"
    }, {
      "d" : "1756451383502186428",
      "t" : 1756451383502,
      "tn" : 1756451383502186428,
      "q" : "154",
      "p" : "0.32270",
      "s" : "sell",
      "i" : "SUSD-PERP",
      "m" : "4611686018427415589"
    }, {
      "d" : "1756451383502184535",
      "t" : 1756451383502,
      "tn" : 1756451383502184535,
      "q" : "154",
      "p" : "0.32277",
      "s" : "sell",
      "i" : "SUSD-PERP",
      "m" : "4611686018427415588"
    }, {
      "d" : "1756451383502182105",
      "t" : 1756451383502,
      "tn" : 1756451383502182105,
      "q" : "1",
      "p" : "0.32280",
      "s" : "sell",
      "i" : "SUSD-PERP",
      "m" : "4611686018427415587"
    }, {
      "d" : "1756451383502180131",
      "t" : 1756451383502,
      "tn" : 1756451383502180131,
      "q" : "1",
      "p" : "0.32281",
      "s" : "sell",
      "i" : "SUSD-PERP",
      "m" : "4611686018427415586"
    }, {
      "d" : "1756451383502178113",
      "t" : 1756451383502,
      "tn" : 1756451383502178113,
      "q" : "154",
      "p" : "0.32284",
      "s" : "sell",
      "i" : "SUSD-PERP",
      "m" : "4611686018427415585"
    }, {
      "d" : "1756444526324294149",
      "t" : 1756444526324,
      "tn" : 1756444526324294149,
      "q" : "152",
      "p" : "0.32830",
      "s" : "sell",
      "i" : "SUSD-PERP",
      "m" : "4611686018427415584"
    }, {
      "d" : "1756444526324292043",
      "t" : 1756444526324,
      "tn" : 1756444526324292043,
      "q" : "1",
      "p" : "0.32841",
      "s" : "sell",
      "i" : "SUSD-PERP",
      "m" : "4611686018427415583"
    }, {
      "d" : "1756441178912090371",
      "t" : 1756441178912,
      "tn" : 1756441178912090371,
      "q" : "1",
      "p" : "0.33139",
      "s" : "buy",
      "i" : "SUSD-PERP",
      "m" : "4611686018427415582"
    }, {
      "d" : "1756440902668970511",
      "t" : 1756440902668,
      "tn" : 1756440902668970511,
      "q" : "1",
      "p" : "0.33239",
      "s" : "buy",
      "i" : "SUSD-PERP",
      "m" : "4611686018427415581"
    }, {
      "d" : "1756440150157620799",
      "t" : 1756440150157,
      "tn" : 1756440150157620799,
      "q" : "1",
      "p" : "0.33058",
      "s" : "buy",
      "i" : "SUSD-PERP",
      "m" : "4611686018427415580"
    }, {
      "d" : "1756439909035644623",
      "t" : 1756439909035,
      "tn" : 1756439909035644623,
      "q" : "1",
      "p" : "0.32978",
      "s" : "buy",
      "i" : "SUSD-PERP",
      "m" : "4611686018427415579"
    }, {
      "d" : "1756431063223303634",
      "t" : 1756431063223,
      "tn" : 1756431063223303634,
      "q" : "1",
      "p" : "0.32444",
      "s" : "sell",
      "i" : "SUSD-PERP",
      "m" : "4611686018427415578"
    }, {
      "d" : "1756431063223215518",
      "t" : 1756431063223,
      "tn" : 1756431063223215518,
      "q" : "2136",
      "p" : "0.32444",
      "s" : "sell",
      "i" : "SUSD-PERP",
      "m" : "4611686018427415577"
    }, {
      "d" : "1756431063223213943",
      "t" : 1756431063223,
      "tn" : 1756431063223213943,
      "q" : "1",
      "p" : "0.32475",
      "s" : "sell",
      "i" : "SUSD-PERP",
      "m" : "4611686018427415576"
    }, {
      "d" : "1756431063222326247",
      "t" : 1756431063222,
      "tn" : 1756431063222326247,
      "q" : "1",
      "p" : "0.32478",
      "s" : "sell",
      "i" : "SUSD-PERP",
      "m" : "4611686018427415575"
    }, {
      "d" : "1756431063222324402",
      "t" : 1756431063222,
      "tn" : 1756431063222324402,
      "q" : "1",
      "p" : "0.32480",
      "s" : "sell",
      "i" : "SUSD-PERP",
      "m" : "4611686018427415574"
    }, {
      "d" : "1756422933027789889",
      "t" : 1756422933027,
      "tn" : 1756422933027789889,
      "q" : "2",
      "p" : "0.32826",
      "s" : "sell",
      "i" : "SUSD-PERP",
      "m" : "4611686018427415573"
    }, {
      "d" : "1756422933027786085",
      "t" : 1756422933027,
      "tn" : 1756422933027786085,
      "q" : "607",
      "p" : "0.32826",
      "s" : "sell",
      "i" : "SUSD-PERP",
      "m" : "4611686018427415572"
    }, {
      "d" : "1756422933027784645",
      "t" : 1756422933027,
      "tn" : 1756422933027784645,
      "q" : "1",
      "p" : "0.32853",
      "s" : "sell",
      "i" : "SUSD-PERP",
      "m" : "4611686018427415571"
    }, {
      "d" : "1756422933027781845",
      "t" : 1756422933027,
      "tn" : 1756422933027781845,
      "q" : "1",
      "p" : "0.32861",
      "s" : "sell",
      "i" : "SUSD-PERP",
      "m" : "4611686018427415570"
    }, {
      "d" : "1756411195313725378",
      "t" : 1756411195313,
      "tn" : 1756411195313725378,
      "q" : "1",
      "p" : "0.32108",
      "s" : "buy",
      "i" : "SUSD-PERP",
      "m" : "4611686018427415569"
    }, {
      "d" : "1756411135364835978",
      "t" : 1756411135364,
      "tn" : 1756411135364835978,
      "q" : "1",
      "p" : "0.32128",
      "s" : "buy",
      "i" : "SUSD-PERP",
      "m" : "4611686018427415568"
    }, {
      "d" : "1756411075231973479",
      "t" : 1756411075231,
      "tn" : 1756411075231973479,
      "q" : "1",
      "p" : "0.32148",
      "s" : "buy",
      "i" : "SUSD-PERP",
      "m" : "4611686018427415567"
    }, {
      "d" : "1756411015182696006",
      "t" : 1756411015182,
      "tn" : 1756411015182696006,
      "q" : "1",
      "p" : "0.32158",
      "s" : "buy",
      "i" : "SUSD-PERP",
      "m" : "4611686018427415566"
    }, {
      "d" : "1756410955048911120",
      "t" : 1756410955048,
      "tn" : 1756410955048911120,
      "q" : "1",
      "p" : "0.32168",
      "s" : "buy",
      "i" : "SUSD-PERP",
      "m" : "4611686018427415565"
    }, {
      "d" : "1756410715357787027",
      "t" : 1756410715357,
      "tn" : 1756410715357787027,
      "q" : "1",
      "p" : "0.32177",
      "s" : "buy",
      "i" : "SUSD-PERP",
      "m" : "4611686018427415564"
    }, {
      "d" : "1756410655060298125",
      "t" : 1756410655060,
      "tn" : 1756410655060298125,
      "q" : "1",
      "p" : "0.32197",
      "s" : "buy",
      "i" : "SUSD-PERP",
      "m" : "4611686018427415563"
    }, {
      "d" : "1756404852372004494",
      "t" : 1756404852372,
      "tn" : 1756404852372004494,
      "q" : "1",
      "p" : "0.32407",
      "s" : "buy",
      "i" : "SUSD-PERP",
      "m" : "4611686018427415562"
    }, {
      "d" : "1756404846931720366",
      "t" : 1756404846931,
      "tn" : 1756404846931720366,
      "q" : "1",
      "p" : "0.32367",
      "s" : "buy",
      "i" : "SUSD-PERP",
      "m" : "4611686018427415561"
    }, {
      "d" : "1756404841195406584",
      "t" : 1756404841195,
      "tn" : 1756404841195406584,
      "q" : "1",
      "p" : "0.32347",
      "s" : "buy",
      "i" : "SUSD-PERP",
      "m" : "4611686018427415560"
    }, {
      "d" : "1756395748906633421",
      "t" : 1756395748906,
      "tn" : 1756395748906633421,
      "q" : "153",
      "p" : "0.32501",
      "s" : "sell",
      "i" : "SUSD-PERP",
      "m" : "4611686018427415559"
    }, {
      "d" : "1756395748906630998",
      "t" : 1756395748906,
      "tn" : 1756395748906630998,
      "q" : "153",
      "p" : "0.32508",
      "s" : "sell",
      "i" : "SUSD-PERP",
      "m" : "4611686018427415558"
    }, {
      "d" : "1756395748906628316",
      "t" : 1756395748906,
      "tn" : 1756395748906628316,
      "q" : "1",
      "p" : "0.32538",
      "s" : "sell",
      "i" : "SUSD-PERP",
      "m" : "4611686018427415557"
    }, {
      "d" : "1756393029863944974",
      "t" : 1756393029863,
      "tn" : 1756393029863944974,
      "q" : "1",
      "p" : "0.32936",
      "s" : "buy",
      "i" : "SUSD-PERP",
      "m" : "4611686018427415556"
    }, {
      "d" : "1756392748122073321",
      "t" : 1756392748122,
      "tn" : 1756392748122073321,
      "q" : "1",
      "p" : "0.32859",
      "s" : "sell",
      "i" : "SUSD-PERP",
      "m" : "4611686018427415555"
    }, {
      "d" : "1756391993527275070",
      "t" : 1756391993527,
      "tn" : 1756391993527275070,
      "q" : "1",
      "p" : "0.32806",
      "s" : "buy",
      "i" : "SUSD-PERP",
      "m" : "4611686018427415554"
    }, {
      "d" : "1756391780217972618",
      "t" : 1756391780217,
      "tn" : 1756391780217972618,
      "q" : "1",
      "p" : "0.32706",
      "s" : "buy",
      "i" : "SUSD-PERP",
      "m" : "4611686018427415553"
    }, {
      "d" : "1756391344490887361",
      "t" : 1756391344490,
      "tn" : 1756391344490887361,
      "q" : "1",
      "p" : "0.32686",
      "s" : "buy",
      "i" : "SUSD-PERP",
      "m" : "4611686018427415552"
    }, {
      "d" : "1756391330988131272",
      "t" : 1756391330988,
      "tn" : 1756391330988131272,
      "q" : "1",
      "p" : "0.32715",
      "s" : "buy",
      "i" : "SUSD-PERP",
      "m" : "4611686018427415551"
    }, {
      "d" : "1756391272193827598",
      "t" : 1756391272193,
      "tn" : 1756391272193827598,
      "q" : "1",
      "p" : "0.32655",
      "s" : "buy",
      "i" : "SUSD-PERP",
      "m" : "4611686018427415550"
    }, {
      "d" : "1756391168401732569",
      "t" : 1756391168401,
      "tn" : 1756391168401732569,
      "q" : "1",
      "p" : "0.32625",
      "s" : "buy",
      "i" : "SUSD-PERP",
      "m" : "4611686018427415549"
    }, {
      "d" : "1756391056456391959",
      "t" : 1756391056456,
      "tn" : 1756391056456391959,
      "q" : "1",
      "p" : "0.32597",
      "s" : "sell",
      "i" : "SUSD-PERP",
      "m" : "4611686018427415548"
    }, {
      "d" : "1756391056443735462",
      "t" : 1756391056443,
      "tn" : 1756391056443735462,
      "q" : "612",
      "p" : "0.32646",
      "s" : "sell",
      "i" : "SUSD-PERP",
      "m" : "4611686018427415547"
    }, {
      "d" : "1756391056443733632",
      "t" : 1756391056443,
      "tn" : 1756391056443733632,
      "q" : "1",
      "p" : "0.32679",
      "s" : "sell",
      "i" : "SUSD-PERP",
      "m" : "4611686018427415546"
    }, {
      "d" : "1756391030097726343",
      "t" : 1756391030097,
      "tn" : 1756391030097726343,
      "q" : "1",
      "p" : "0.32737",
      "s" : "sell",
      "i" : "SUSD-PERP",
      "m" : "4611686018427415545"
    }, {
      "d" : "1756391030097724458",
      "t" : 1756391030097,
      "tn" : 1756391030097724458,
      "q" : "1",
      "p" : "0.32739",
      "s" : "sell",
      "i" : "SUSD-PERP",
      "m" : "4611686018427415544"
    }, {
      "d" : "1756391017267031196",
      "t" : 1756391017267,
      "tn" : 1756391017267031196,
      "q" : "1710",
      "p" : "0.32799",
      "s" : "sell",
      "i" : "SUSD-PERP",
      "m" : "4611686018427415543"
    }, {
      "d" : "1756391017237609543",
      "t" : 1756391017237,
      "tn" : 1756391017237609543,
      "q" : "2413",
      "p" : "0.32799",
      "s" : "sell",
      "i" : "SUSD-PERP",
      "m" : "4611686018427415542"
    }, {
      "d" : "1756390957011715496",
      "t" : 1756390957011,
      "tn" : 1756390957011715496,
      "q" : "51",
      "p" : "0.32935",
      "s" : "sell",
      "i" : "SUSD-PERP",
      "m" : "4611686018427415541"
    }, {
      "d" : "1756390957011712959",
      "t" : 1756390957011,
      "tn" : 1756390957011712958,
      "q" : "1",
      "p" : "0.32958",
      "s" : "sell",
      "i" : "SUSD-PERP",
      "m" : "4611686018427415540"
    }, {
      "d" : "1756390957011712958",
      "t" : 1756390957011,
      "tn" : 1756390957011712958,
      "q" : "1",
      "p" : "0.32958",
      "s" : "sell",
      "i" : "SUSD-PERP",
      "m" : "4611686018427415540"
    }, {
      "d" : "1756390798309716829",
      "t" : 1756390798309,
      "tn" : 1756390798309716829,
      "q" : "1",
      "p" : "0.33085",
      "s" : "buy",
      "i" : "SUSD-PERP",
      "m" : "4611686018427415539"
    }, {
      "d" : "1756390775018993068",
      "t" : 1756390775018,
      "tn" : 1756390775018993068,
      "q" : "254",
      "p" : "0.33096",
      "s" : "sell",
      "i" : "SUSD-PERP",
      "m" : "4611686018427415538"
    }, {
      "d" : "1756390775018991709",
      "t" : 1756390775018,
      "tn" : 1756390775018991709,
      "q" : "1",
      "p" : "0.33138",
      "s" : "sell",
      "i" : "SUSD-PERP",
      "m" : "4611686018427415537"
    }, {
      "d" : "1756390775000543377",
      "t" : 1756390775000,
      "tn" : 1756390775000543377,
      "q" : "603",
      "p" : "0.33156",
      "s" : "sell",
      "i" : "SUSD-PERP",
      "m" : "4611686018427415536"
    }, {
      "d" : "1756390774998966676",
      "t" : 1756390774998,
      "tn" : 1756390774998966676,
      "q" : "1",
      "p" : "0.33198",
      "s" : "sell",
      "i" : "SUSD-PERP",
      "m" : "4611686018427415535"
    }, {
      "d" : "1756390704917008081",
      "t" : 1756390704917,
      "tn" : 1756390704917008081,
      "q" : "1",
      "p" : "0.33165",
      "s" : "buy",
      "i" : "SUSD-PERP",
      "m" : "4611686018427415534"
    }, {
      "d" : "1756390638238235693",
      "t" : 1756390638238,
      "tn" : 1756390638238235693,
      "q" : "1",
      "p" : "0.33135",
      "s" : "buy",
      "i" : "SUSD-PERP",
      "m" : "4611686018427415533"
    }, {
      "d" : "1756390638238233708",
      "t" : 1756390638238,
      "tn" : 1756390638238233708,
      "q" : "1",
      "p" : "0.33115",
      "s" : "buy",
      "i" : "SUSD-PERP",
      "m" : "4611686018427415532"
    }, {
      "d" : "1756390632280169988",
      "t" : 1756390632280,
      "tn" : 1756390632280169988,
      "q" : "302",
      "p" : "0.33103",
      "s" : "sell",
      "i" : "SUSD-PERP",
      "m" : "4611686018427415531"
    }, {
      "d" : "1756390632280166759",
      "t" : 1756390632280,
      "tn" : 1756390632280166759,
      "q" : "1",
      "p" : "0.33117",
      "s" : "sell",
      "i" : "SUSD-PERP",
      "m" : "4611686018427415530"
    }, {
      "d" : "1756390632280164767",
      "t" : 1756390632280,
      "tn" : 1756390632280164767,
      "q" : "1",
      "p" : "0.33120",
      "s" : "sell",
      "i" : "SUSD-PERP",
      "m" : "4611686018427415529"
    }, {
      "d" : "1756390632272701518",
      "t" : 1756390632272,
      "tn" : 1756390632272701518,
      "q" : "1",
      "p" : "0.33129",
      "s" : "sell",
      "i" : "SUSD-PERP",
      "m" : "4611686018427415528"
    }, {
      "d" : "1756390631069467227",
      "t" : 1756390631069,
      "tn" : 1756390631069467226,
      "q" : "1",
      "p" : "0.33168",
      "s" : "sell",
      "i" : "SUSD-PERP",
      "m" : "4611686018427415527"
    }, {
      "d" : "1756390631069467226",
      "t" : 1756390631069,
      "tn" : 1756390631069467226,
      "q" : "1",
      "p" : "0.33168",
      "s" : "sell",
      "i" : "SUSD-PERP",
      "m" : "4611686018427415527"
    }, {
      "d" : "1756390620681989183",
      "t" : 1756390620681,
      "tn" : 1756390620681989183,
      "q" : "1",
      "p" : "0.33275",
      "s" : "buy",
      "i" : "SUSD-PERP",
      "m" : "4611686018427415526"
    }, {
      "d" : "1756390615071294858",
      "t" : 1756390615071,
      "tn" : 1756390615071294858,
      "q" : "1",
      "p" : "0.33315",
      "s" : "buy",
      "i" : "SUSD-PERP",
      "m" : "4611686018427415525"
    }, {
      "d" : "1756390614532482347",
      "t" : 1756390614532,
      "tn" : 1756390614532482347,
      "q" : "1",
      "p" : "0.33275",
      "s" : "buy",
      "i" : "SUSD-PERP",
      "m" : "4611686018427415524"
    }, {
      "d" : "1756390586515407226",
      "t" : 1756390586515,
      "tn" : 1756390586515407226,
      "q" : "1",
      "p" : "0.32832",
      "s" : "buy",
      "i" : "SUSD-PERP",
      "m" : "4611686018427415523"
    }, {
      "d" : "1756390586515405079",
      "t" : 1756390586515,
      "tn" : 1756390586515405079,
      "q" : "1",
      "p" : "0.32805",
      "s" : "buy",
      "i" : "SUSD-PERP",
      "m" : "4611686018427415522"
    }, {
      "d" : "1756390583333034272",
      "t" : 1756390583333,
      "tn" : 1756390583333034272,
      "q" : "1",
      "p" : "0.32795",
      "s" : "buy",
      "i" : "SUSD-PERP",
      "m" : "4611686018427415521"
    }, {
      "d" : "1756390581398842704",
      "t" : 1756390581398,
      "tn" : 1756390581398842704,
      "q" : "152",
      "p" : "0.32781",
      "s" : "buy",
      "i" : "SUSD-PERP",
      "m" : "4611686018427415520"
    }, {
      "d" : "1756390581398841188",
      "t" : 1756390581398,
      "tn" : 1756390581398841188,
      "q" : "152",
      "p" : "0.32774",
      "s" : "buy",
      "i" : "SUSD-PERP",
      "m" : "4611686018427415519"
    }, {
      "d" : "1756390581398838973",
      "t" : 1756390581398,
      "tn" : 1756390581398838973,
      "q" : "152",
      "p" : "0.32767",
      "s" : "buy",
      "i" : "SUSD-PERP",
      "m" : "4611686018427415518"
    }, {
      "d" : "1756390581398837183",
      "t" : 1756390581398,
      "tn" : 1756390581398837183,
      "q" : "152",
      "p" : "0.32760",
      "s" : "buy",
      "i" : "SUSD-PERP",
      "m" : "4611686018427415517"
    }, {
      "d" : "1756390581398834133",
      "t" : 1756390581398,
      "tn" : 1756390581398834133,
      "q" : "155",
      "p" : "0.32732",
      "s" : "buy",
      "i" : "SUSD-PERP",
      "m" : "4611686018427415516"
    }, {
      "d" : "1756390581398831226",
      "t" : 1756390581398,
      "tn" : 1756390581398831226,
      "q" : "1",
      "p" : "0.32715",
      "s" : "buy",
      "i" : "SUSD-PERP",
      "m" : "4611686018427415515"
    }, {
      "d" : "1756390581398830282",
      "t" : 1756390581398,
      "tn" : 1756390581398830282,
      "q" : "1",
      "p" : "0.32694",
      "s" : "buy",
      "i" : "SUSD-PERP",
      "m" : "4611686018427415514"
    }, {
      "d" : "1756390495701955944",
      "t" : 1756390495701,
      "tn" : 1756390495701955944,
      "q" : "1",
      "p" : "0.32667",
      "s" : "sell",
      "i" : "SUSD-PERP",
      "m" : "4611686018427415513"
    }, {
      "d" : "1756390495701953912",
      "t" : 1756390495701,
      "tn" : 1756390495701953912,
      "q" : "1",
      "p" : "0.32670",
      "s" : "sell",
      "i" : "SUSD-PERP",
      "m" : "4611686018427415512"
    }, {
      "d" : "1756390471527797537",
      "t" : 1756390471527,
      "tn" : 1756390471527797537,
      "q" : "153",
      "p" : "0.32613",
      "s" : "sell",
      "i" : "SUSD-PERP",
      "m" : "4611686018427415511"
    }, {
      "d" : "1756390471522943415",
      "t" : 1756390471522,
      "tn" : 1756390471522943415,
      "q" : "2453",
      "p" : "0.32614",
      "s" : "sell",
      "i" : "SUSD-PERP",
      "m" : "4611686018427415510"
    }, {
      "d" : "1756390471522940793",
      "t" : 1756390471522,
      "tn" : 1756390471522940793,
      "q" : "2282",
      "p" : "0.32622",
      "s" : "sell",
      "i" : "SUSD-PERP",
      "m" : "4611686018427415509"
    }, {
      "d" : "1756390471521885920",
      "t" : 1756390471521,
      "tn" : 1756390471521885920,
      "q" : "612",
      "p" : "0.32637",
      "s" : "sell",
      "i" : "SUSD-PERP",
      "m" : "4611686018427415508"
    }, {
      "d" : "1756390471521884668",
      "t" : 1756390471521,
      "tn" : 1756390471521884668,
      "q" : "1",
      "p" : "0.32670",
      "s" : "sell",
      "i" : "SUSD-PERP",
      "m" : "4611686018427415507"
    }, {
      "d" : "1756390471521229254",
      "t" : 1756390471521,
      "tn" : 1756390471521229254,
      "q" : "612",
      "p" : "0.32658",
      "s" : "sell",
      "i" : "SUSD-PERP",
      "m" : "4611686018427415506"
    }, {
      "d" : "1756390471520856653",
      "t" : 1756390471520,
      "tn" : 1756390471520856653,
      "q" : "1",
      "p" : "0.32697",
      "s" : "sell",
      "i" : "SUSD-PERP",
      "m" : "4611686018427415505"
    }, {
      "d" : "1756390471520854094",
      "t" : 1756390471520,
      "tn" : 1756390471520854094,
      "q" : "1",
      "p" : "0.32700",
      "s" : "sell",
      "i" : "SUSD-PERP",
      "m" : "4611686018427415504"
    }, {
      "d" : "1756388699222226123",
      "t" : 1756388699222,
      "tn" : 1756388699222226123,
      "q" : "1",
      "p" : "0.32505",
      "s" : "buy",
      "i" : "SUSD-PERP",
      "m" : "4611686018427415503"
    }, {
      "d" : "1756388699222223489",
      "t" : 1756388699222,
      "tn" : 1756388699222223489,
      "q" : "1",
      "p" : "0.32485",
      "s" : "buy",
      "i" : "SUSD-PERP",
      "m" : "4611686018427415502"
    }, {
      "d" : "1756388681039321058",
      "t" : 1756388681039,
      "tn" : 1756388681039321058,
      "q" : "1",
      "p" : "0.32424",
      "s" : "buy",
      "i" : "SUSD-PERP",
      "m" : "4611686018427415501"
    }, {
      "d" : "1756388652408725975",
      "t" : 1756388652408,
      "tn" : 1756388652408725975,
      "q" : "1",
      "p" : "0.32374",
      "s" : "buy",
      "i" : "SUSD-PERP",
      "m" : "4611686018427415500"
    }, {
      "d" : "1756386958658146749",
      "t" : 1756386958658,
      "tn" : 1756386958658146749,
      "q" : "307",
      "p" : "0.32571",
      "s" : "buy",
      "i" : "SUSD-PERP",
      "m" : "4611686018427415499"
    }, {
      "d" : "1756386958658144445",
      "t" : 1756386958658,
      "tn" : 1756386958658144445,
      "q" : "1",
      "p" : "0.32556",
      "s" : "buy",
      "i" : "SUSD-PERP",
      "m" : "4611686018427415498"
    }, {
      "d" : "1756386958658047837",
      "t" : 1756386958658,
      "tn" : 1756386958658047837,
      "q" : "1",
      "p" : "0.32534",
      "s" : "buy",
      "i" : "SUSD-PERP",
      "m" : "4611686018427415497"
    }, {
      "d" : "1756386731983394849",
      "t" : 1756386731983,
      "tn" : 1756386731983394849,
      "q" : "1",
      "p" : "0.32494",
      "s" : "buy",
      "i" : "SUSD-PERP",
      "m" : "4611686018427415496"
    }, {
      "d" : "1756386666678050579",
      "t" : 1756386666678,
      "tn" : 1756386666678050579,
      "q" : "1",
      "p" : "0.32524",
      "s" : "buy",
      "i" : "SUSD-PERP",
      "m" : "4611686018427415495"
    }, {
      "d" : "1756386658735095743",
      "t" : 1756386658735,
      "tn" : 1756386658735095743,
      "q" : "1",
      "p" : "0.32472",
      "s" : "buy",
      "i" : "SUSD-PERP",
      "m" : "4611686018427415494"
    }, {
      "d" : "1756386658730736890",
      "t" : 1756386658730,
      "tn" : 1756386658730736890,
      "q" : "1",
      "p" : "0.32413",
      "s" : "buy",
      "i" : "SUSD-PERP",
      "m" : "4611686018427415493"
    }, {
      "d" : "1756386654742032385",
      "t" : 1756386654742,
      "tn" : 1756386654742032385,
      "q" : "1",
      "p" : "0.32331",
      "s" : "buy",
      "i" : "SUSD-PERP",
      "m" : "4611686018427415492"
    }, {
      "d" : "1756386654740747723",
      "t" : 1756386654740,
      "tn" : 1756386654740747723,
      "q" : "1",
      "p" : "0.32303",
      "s" : "buy",
      "i" : "SUSD-PERP",
      "m" : "4611686018427415491"
    }, {
      "d" : "1756385638229893015",
      "t" : 1756385638229,
      "tn" : 1756385638229893015,
      "q" : "1",
      "p" : "0.32193",
      "s" : "buy",
      "i" : "SUSD-PERP",
      "m" : "4611686018427415490"
    }, {
      "d" : "1756382832851962927",
      "t" : 1756382832851,
      "tn" : 1756382832851962927,
      "q" : "1",
      "p" : "0.32253",
      "s" : "buy",
      "i" : "SUSD-PERP",
      "m" : "4611686018427415489"
    }, {
      "d" : "1756382818027901436",
      "t" : 1756382818027,
      "tn" : 1756382818027901436,
      "q" : "1",
      "p" : "0.32154",
      "s" : "buy",
      "i" : "SUSD-PERP",
      "m" : "4611686018427415488"
    }, {
      "d" : "1756382818027396127",
      "t" : 1756382818027,
      "tn" : 1756382818027396127,
      "q" : "1",
      "p" : "0.32133",
      "s" : "buy",
      "i" : "SUSD-PERP",
      "m" : "4611686018427415487"
    }, {
      "d" : "1756382554284040141",
      "t" : 1756382554284,
      "tn" : 1756382554284040141,
      "q" : "1",
      "p" : "0.32061",
      "s" : "buy",
      "i" : "SUSD-PERP",
      "m" : "4611686018427415486"
    }, {
      "d" : "1756382554282814420",
      "t" : 1756382554282,
      "tn" : 1756382554282814420,
      "q" : "1",
      "p" : "0.32032",
      "s" : "buy",
      "i" : "SUSD-PERP",
      "m" : "4611686018427415485"
    }, {
      "d" : "1756382169042234200",
      "t" : 1756382169042,
      "tn" : 1756382169042234198,
      "q" : "182",
      "p" : "0.32078",
      "s" : "sell",
      "i" : "SUSD-PERP",
      "m" : "4611686018427415484"
    }, {
      "d" : "1756382169042234199",
      "t" : 1756382169042,
      "tn" : 1756382169042234198,
      "q" : "1",
      "p" : "0.32078",
      "s" : "sell",
      "i" : "SUSD-PERP",
      "m" : "4611686018427415484"
    }, {
      "d" : "1756382169042234198",
      "t" : 1756382169042,
      "tn" : 1756382169042234198,
      "q" : "1",
      "p" : "0.32078",
      "s" : "sell",
      "i" : "SUSD-PERP",
      "m" : "4611686018427415484"
    }, {
      "d" : "1756382163042591449",
      "t" : 1756382163042,
      "tn" : 1756382163042591445,
      "q" : "623",
      "p" : "0.32079",
      "s" : "sell",
      "i" : "SUSD-PERP",
      "m" : "4611686018427415483"
    }, {
      "d" : "1756382163042591448",
      "t" : 1756382163042,
      "tn" : 1756382163042591445,
      "q" : "186",
      "p" : "0.32079",
      "s" : "sell",
      "i" : "SUSD-PERP",
      "m" : "4611686018427415483"
    }, {
      "d" : "1756382163042591447",
      "t" : 1756382163042,
      "tn" : 1756382163042591445,
      "q" : "155",
      "p" : "0.32079",
      "s" : "sell",
      "i" : "SUSD-PERP",
      "m" : "4611686018427415483"
    }, {
      "d" : "1756382163042591446",
      "t" : 1756382163042,
      "tn" : 1756382163042591445,
      "q" : "1",
      "p" : "0.32079",
      "s" : "sell",
      "i" : "SUSD-PERP",
      "m" : "4611686018427415483"
    }, {
      "d" : "1756382163042591445",
      "t" : 1756382163042,
      "tn" : 1756382163042591445,
      "q" : "1",
      "p" : "0.32079",
      "s" : "sell",
      "i" : "SUSD-PERP",
      "m" : "4611686018427415483"
    }, {
      "d" : "1756382162047603404",
      "t" : 1756382162047,
      "tn" : 1756382162047603404,
      "q" : "1094",
      "p" : "0.32080",
      "s" : "buy",
      "i" : "SUSD-PERP",
      "m" : "4611686018427415482"
    }, {
      "d" : "1756382157045383314",
      "t" : 1756382157045,
      "tn" : 1756382157045383310,
      "q" : "623",
      "p" : "0.32080",
      "s" : "sell",
      "i" : "SUSD-PERP",
      "m" : "4611686018427415481"
    }, {
      "d" : "1756382157045383313",
      "t" : 1756382157045,
      "tn" : 1756382157045383310,
      "q" : "155",
      "p" : "0.32080",
      "s" : "sell",
      "i" : "SUSD-PERP",
      "m" : "4611686018427415481"
    }, {
      "d" : "1756382157045383312",
      "t" : 1756382157045,
      "tn" : 1756382157045383310,
      "q" : "467",
      "p" : "0.32080",
      "s" : "sell",
      "i" : "SUSD-PERP",
      "m" : "4611686018427415481"
    }, {
      "d" : "1756382157045383311",
      "t" : 1756382157045,
      "tn" : 1756382157045383310,
      "q" : "1",
      "p" : "0.32080",
      "s" : "sell",
      "i" : "SUSD-PERP",
      "m" : "4611686018427415481"
    }, {
      "d" : "1756382157045383310",
      "t" : 1756382157045,
      "tn" : 1756382157045383310,
      "q" : "1",
      "p" : "0.32080",
      "s" : "sell",
      "i" : "SUSD-PERP",
      "m" : "4611686018427415481"
    }, {
      "d" : "1756382156689608085",
      "t" : 1756382156689,
      "tn" : 1756382156689608085,
      "q" : "896",
      "p" : "0.32081",
      "s" : "buy",
      "i" : "SUSD-PERP",
      "m" : "4611686018427415480"
    }, {
      "d" : "1756382151044146812",
      "t" : 1756382151044,
      "tn" : 1756382151044146812,
      "q" : "1",
      "p" : "0.32097",
      "s" : "sell",
      "i" : "SUSD-PERP",
      "m" : "4611686018427415479"
    }, {
      "d" : "1756382145052836205",
      "t" : 1756382145052,
      "tn" : 1756382145052836204,
      "q" : "1",
      "p" : "0.32082",
      "s" : "sell",
      "i" : "SUSD-PERP",
      "m" : "4611686018427415478"
    }, {
      "d" : "1756382145052836204",
      "t" : 1756382145052,
      "tn" : 1756382145052836204,
      "q" : "1",
      "p" : "0.32082",
      "s" : "sell",
      "i" : "SUSD-PERP",
      "m" : "4611686018427415478"
    }, {
      "d" : "1756382139045384874",
      "t" : 1756382139045,
      "tn" : 1756382139045384874,
      "q" : "1",
      "p" : "0.32097",
      "s" : "sell",
      "i" : "SUSD-PERP",
      "m" : "4611686018427415477"
    }, {
      "d" : "1756382133043838189",
      "t" : 1756382133043,
      "tn" : 1756382133043838188,
      "q" : "1",
      "p" : "0.32084",
      "s" : "sell",
      "i" : "SUSD-PERP",
      "m" : "4611686018427415476"
    }, {
      "d" : "1756382133043838188",
      "t" : 1756382133043,
      "tn" : 1756382133043838188,
      "q" : "1",
      "p" : "0.32084",
      "s" : "sell",
      "i" : "SUSD-PERP",
      "m" : "4611686018427415476"
    }, {
      "d" : "1756382127042162733",
      "t" : 1756382127042,
      "tn" : 1756382127042162732,
      "q" : "1",
      "p" : "0.32085",
      "s" : "sell",
      "i" : "SUSD-PERP",
      "m" : "4611686018427415475"
    }, {
      "d" : "1756382127042162732",
      "t" : 1756382127042,
      "tn" : 1756382127042162732,
      "q" : "1",
      "p" : "0.32085",
      "s" : "sell",
      "i" : "SUSD-PERP",
      "m" : "4611686018427415475"
    }, {
      "d" : "1756382121052240343",
      "t" : 1756382121052,
      "tn" : 1756382121052240342,
      "q" : "1",
      "p" : "0.32086",
      "s" : "sell",
      "i" : "SUSD-PERP",
      "m" : "4611686018427415474"
    }, {
      "d" : "1756382121052240342",
      "t" : 1756382121052,
      "tn" : 1756382121052240342,
      "q" : "1",
      "p" : "0.32086",
      "s" : "sell",
      "i" : "SUSD-PERP",
      "m" : "4611686018427415474"
    }, {
      "d" : "1756382115043529088",
      "t" : 1756382115043,
      "tn" : 1756382115043529088,
      "q" : "1",
      "p" : "0.32109",
      "s" : "sell",
      "i" : "SUSD-PERP",
      "m" : "4611686018427415473"
    }, {
      "d" : "1756382109065362701",
      "t" : 1756382109065,
      "tn" : 1756382109065362701,
      "q" : "1",
      "p" : "0.32109",
      "s" : "sell",
      "i" : "SUSD-PERP",
      "m" : "4611686018427415472"
    }, {
      "d" : "1756382100075273008",
      "t" : 1756382100075,
      "tn" : 1756382100075273008,
      "q" : "1",
      "p" : "0.32106",
      "s" : "sell",
      "i" : "SUSD-PERP",
      "m" : "4611686018427415471"
    }, {
      "d" : "1756382100075271185",
      "t" : 1756382100075,
      "tn" : 1756382100075271185,
      "q" : "1",
      "p" : "0.32109",
      "s" : "sell",
      "i" : "SUSD-PERP",
      "m" : "4611686018427415470"
    }, {
      "d" : "1756382088044166001",
      "t" : 1756382088044,
      "tn" : 1756382088044166001,
      "q" : "1",
      "p" : "0.32109",
      "s" : "sell",
      "i" : "SUSD-PERP",
      "m" : "4611686018427415469"
    }, {
      "d" : "1756382082044681403",
      "t" : 1756382082044,
      "tn" : 1756382082044681403,
      "q" : "1",
      "p" : "0.32109",
      "s" : "sell",
      "i" : "SUSD-PERP",
      "m" : "4611686018427415468"
    }, {
      "d" : "1756382076043463504",
      "t" : 1756382076043,
      "tn" : 1756382076043463502,
      "q" : "100",
      "p" : "0.32095",
      "s" : "sell",
      "i" : "SUSD-PERP",
      "m" : "4611686018427415467"
    }, {
      "d" : "1756382076043463503",
      "t" : 1756382076043,
      "tn" : 1756382076043463502,
      "q" : "1",
      "p" : "0.32095",
      "s" : "sell",
      "i" : "SUSD-PERP",
      "m" : "4611686018427415467"
    }, {
      "d" : "1756382076043463502",
      "t" : 1756382076043,
      "tn" : 1756382076043463502,
      "q" : "1",
      "p" : "0.32095",
      "s" : "sell",
      "i" : "SUSD-PERP",
      "m" : "4611686018427415467"
    }, {
      "d" : "1756382070055073337",
      "t" : 1756382070055,
      "tn" : 1756382070055073337,
      "q" : "1",
      "p" : "0.32096",
      "s" : "sell",
      "i" : "SUSD-PERP",
      "m" : "4611686018427415466"
    }, {
      "d" : "1756382070055070694",
      "t" : 1756382070055,
      "tn" : 1756382070055070694,
      "q" : "1",
      "p" : "0.32097",
      "s" : "sell",
      "i" : "SUSD-PERP",
      "m" : "4611686018427415465"
    } ]
  }
}