{
  "id" : -1,
  "method" : "public/get-trades",
  "code" : 0,
  "result" : {
    "data" : [ {
      "d" : "1756456740636505143",
      "t" : 1756456740636,
      "tn" : 1756456740636505143,
      "q" : "13.7",
      "p" : "0.7604",
      "s" : "sell",
      "i" : "SUSHI_USD",
      "m" : "4611686018430104753"
    }, {
      "d" : "1756456577432145381",
      "t" : 1756456577432,
      "tn" : 1756456577432145381,
      "q" : "1.9",
      "p" : "0.7632",
      "s" : "sell",
      "i" : "SUSHI_USD",
      "m" : "4611686018430104752"
    }, {
      "d" : "1756455627492237094",
      "t" : 1756455627492,
      "tn" : 1756455627492237094,
      "q" : "235.9",
      "p" : "0.7640",
      "s" : "sell",
      "i" : "SUSHI_USD",
      "m" : "4611686018430104751"
    }, {
      "d" : "1756453547009971055",
      "t" : 1756453547009,
      "tn" : 1756453547009971055,
      "q" : "15.4",
      "p" : "0.7755",
      "s" : "sell",
      "i" : "SUSHI_USD",
      "m" : "4611686018430104750"
    }, {
      "d" : "1756453092377242814",
      "t" : 1756453092377,
      "tn" : 1756453092377242814,
      "q" : "347.6",
      "p" : "0.7749",
      "s" : "buy",
      "i" : "SUSHI_USD",
      "m" : "4611686018430104749"
    }, {
      "d" : "1756453091991167305",
      "t" : 1756453091991,
      "tn" : 1756453091991167305,
      "q" : "307.7",
      "p" : "0.7749",
      "s" : "buy",
      "i" : "SUSHI_USD",
      "m" : "4611686018430104748"
    }, {
      "d" : "1756452689011347233",
      "t" : 1756452689011,
      "tn" : 1756452689011347233,
      "q" : "6.3",
      "p" : "0.7759",
      "s" : "buy",
      "i" : "SUSHI_USD",
      "m" : "4611686018430104747"
    }, {
      "d" : "1756450898821723363",
      "t" : 1756450898821,
      "tn" : 1756450898821723363,
      "q" : "501.2",
      "p" : "0.7866",
      "s" : "sell",
      "i" : "SUSHI_USD",
      "m" : "4611686018430104746"
    }, {
      "d" : "1756450898686830755",
      "t" : 1756450898686,
      "tn" : 1756450898686830755,
      "q" : "552.3",
      "p" : "0.7866",
      "s" : "sell",
      "i" : "SUSHI_USD",
      "m" : "4611686018430104745"
    }, {
      "d" : "1756449571223871073",
      "t" : 1756449571223,
      "tn" : 1756449571223871073,
      "q" : "4.5",
      "p" : "0.7881",
      "s" : "sell",
      "i" : "SUSHI_USD",
      "m" : "4611686018430104744"
    }, {
      "d" : "1756449571222125222",
      "t" : 1756449571222,
      "tn" : 1756449571222125222,
      "q" : "12.7",
      "p" : "0.7881",
      "s" : "sell",
      "i" : "SUSHI_USD",
      "m" : "4611686018430104743"
    }, {
      "d" : "1756449470378313544",
      "t" : 1756449470378,
      "tn" : 1756449470378313544,
      "q" : "9.0",
      "p" : "0.7924",
      "s" : "buy",
      "i" : "SUSHI_USD",
      "m" : "4611686018430104742"
    }, {
      "d" : "1756448837675592146",
      "t" : 1756448837675,
      "tn" : 1756448837675592146,
      "q" : "14.6",
      "p" : "0.7908",
      "s" : "sell",
      "i" : "SUSHI_USD",
      "m" : "4611686018430104741"
    }, {
      "d" : "1756444508147938390",
      "t" : 1756444508147,
      "tn" : 1756444508147938390,
      "q" : "17.2",
      "p" : "0.7961",
      "s" : "buy",
      "i" : "SUSHI_USD",
      "m" : "4611686018430104740"
    }, {
      "d" : "1756443837253371806",
      "t" : 1756443837253,
      "tn" : 1756443837253371806,
      "q" : "12.1",
      "p" : "0.8006",
      "s" : "buy",
      "i" : "SUSHI_USD",
      "m" : "4611686018430104739"
    }, {
      "d" : "1756442212255508568",
      "t" : 1756442212255,
      "tn" : 1756442212255508568,
      "q" : "213.0",
      "p" : "0.8008",
      "s" : "sell",
      "i" : "SUSHI_USD",
      "m" : "4611686018430104738"
    }, {
      "d" : "1756439704470206938",
      "t" : 1756439704470,
      "tn" : 1756439704470206938,
      "q" : "8.2",
      "p" : "0.8079",
      "s" : "buy",
      "i" : "SUSHI_USD",
      "m" : "4611686018430104737"
    }, {
      "d" : "1756439572721779705",
      "t" : 1756439572721,
      "tn" : 1756439572721779705,
      "q" : "15.6",
      "p" : "0.8040",
      "s" : "buy",
      "i" : "SUSHI_USD",
      "m" : "4611686018430104736"
    }, {
      "d" : "1756438849619657552",
      "t" : 1756438849619,
      "tn" : 1756438849619657552,
      "q" : "77.0",
      "p" : "0.8000",
      "s" : "sell",
      "i" : "SUSHI_USD",
      "m" : "4611686018430104735"
    }, {
      "d" : "1756437457217861224",
      "t" : 1756437457217,
      "tn" : 1756437457217861224,
      "q" : "11.1",
      "p" : "0.7954",
      "s" : "sell",
      "i" : "SUSHI_USD",
      "m" : "4611686018430104734"
    }, {
      "d" : "1756429291524257711",
      "t" : 1756429291524,
      "tn" : 1756429291524257711,
      "q" : "10.0",
      "p" : "0.8060",
      "s" : "buy",
      "i" : "SUSHI_USD",
      "m" : "4611686018430104733"
    }, {
      "d" : "1756426650952577982",
      "t" : 1756426650952,
      "tn" : 1756426650952577982,
      "q" : "196.0",
      "p" : "0.8061",
      "s" : "sell",
      "i" : "SUSHI_USD",
      "m" : "4611686018430104732"
    }, {
      "d" : "1756425983580131890",
      "t" : 1756425983580,
      "tn" : 1756425983580131890,
      "q" : "792.3",
      "p" : "0.8076",
      "s" : "sell",
      "i" : "SUSHI_USD",
      "m" : "4611686018430104731"
    }, {
      "d" : "1756425983575388547",
      "t" : 1756425983575,
      "tn" : 1756425983575388547,
      "q" : "161.2",
      "p" : "0.8076",
      "s" : "sell",
      "i" : "SUSHI_USD",
      "m" : "4611686018430104730"
    }, {
      "d" : "1756425633919060520",
      "t" : 1756425633919,
      "tn" : 1756425633919060520,
      "q" : "12.6",
      "p" : "0.8113",
      "s" : "sell",
      "i" : "SUSHI_USD",
      "m" : "4611686018430104729"
    }, {
      "d" : "1756423245834025745",
      "t" : 1756423245834,
      "tn" : 1756423245834025745,
      "q" : "180.5",
      "p" : "0.8031",
      "s" : "sell",
      "i" : "SUSHI_USD",
      "m" : "4611686018430104728"
    }, {
      "d" : "1756422485308263826",
      "t" : 1756422485308,
      "tn" : 1756422485308263826,
      "q" : "9.0",
      "p" : "0.8050",
      "s" : "sell",
      "i" : "SUSHI_USD",
      "m" : "4611686018430104727"
    }, {
      "d" : "1756421115455638808",
      "t" : 1756421115455,
      "tn" : 1756421115455638808,
      "q" : "30.6",
      "p" : "0.8042",
      "s" : "buy",
      "i" : "SUSHI_USD",
      "m" : "4611686018430104726"
    }, {
      "d" : "1756420653423496751",
      "t" : 1756420653423,
      "tn" : 1756420653423496751,
      "q" : "29.0",
      "p" : "0.8019",
      "s" : "sell",
      "i" : "SUSHI_USD",
      "m" : "4611686018430104725"
    }, {
      "d" : "1756419689237681695",
      "t" : 1756419689237,
      "tn" : 1756419689237681695,
      "q" : "241.1",
      "p" : "0.8015",
      "s" : "buy",
      "i" : "SUSHI_USD",
      "m" : "4611686018430104724"
    }, {
      "d" : "1756415857179102032",
      "t" : 1756415857179,
      "tn" : 1756415857179102032,
      "q" : "121.6",
      "p" : "0.7869",
      "s" : "sell",
      "i" : "SUSHI_USD",
      "m" : "4611686018430104723"
    }, {
      "d" : "1756414701295298295",
      "t" : 1756414701295,
      "tn" : 1756414701295298295,
      "q" : "24.6",
      "p" : "0.7864",
      "s" : "buy",
      "i" : "SUSHI_USD",
      "m" : "4611686018430104722"
    }, {
      "d" : "1756414465819356528",
      "t" : 1756414465819,
      "tn" : 1756414465819356528,
      "q" : "50.9",
      "p" : "0.7850",
      "s" : "sell",
      "i" : "SUSHI_USD",
      "m" : "4611686018430104721"
    }, {
      "d" : "1756411665126448831",
      "t" : 1756411665126,
      "tn" : 1756411665126448831,
      "q" : "20.5",
      "p" : "0.7790",
      "s" : "buy",
      "i" : "SUSHI_USD",
      "m" : "4611686018430104720"
    }, {
      "d" : "1756407137668213686",
      "t" : 1756407137668,
      "tn" : 1756407137668213686,
      "q" : "11.2",
      "p" : "0.7892",
      "s" : "buy",
      "i" : "SUSHI_USD",
      "m" : "4611686018430104719"
    }, {
      "d" : "1756407137662423046",
      "t" : 1756407137662,
      "tn" : 1756407137662423046,
      "q" : "443.4",
      "p" : "0.7892",
      "s" : "sell",
      "i" : "SUSHI_USD",
      "m" : "4611686018430104718"
    }, {
      "d" : "1756407135255038999",
      "t" : 1756407135255,
      "tn" : 1756407135255038999,
      "q" : "1255.9",
      "p" : "0.7881",
      "s" : "buy",
      "i" : "SUSHI_USD",
      "m" : "4611686018430104717"
    }, {
      "d" : "1756407135250837565",
      "t" : 1756407135250,
      "tn" : 1756407135250837565,
      "q" : "444.1",
      "p" : "0.7881",
      "s" : "sell",
      "i" : "SUSHI_USD",
      "m" : "4611686018430104716"
    }, {
      "d" : "1756406881141062843",
      "t" : 1756406881141,
      "tn" : 1756406881141062843,
      "q" : "126.3",
      "p" : "0.7882",
      "s" : "buy",
      "i" : "SUSHI_USD",
      "m" : "4611686018430104715"
    }, {
      "d" : "1756405761157425385",
      "t" : 1756405761157,
      "tn" : 1756405761157425385,
      "q" : "31.3",
      "p" : "0.7870",
      "s" : "sell",
      "i" : "SUSHI_USD",
      "m" : "4611686018430104714"
    }, {
      "d" : "1756403899494706017",
      "t" : 1756403899494,
      "tn" : 1756403899494706017,
      "q" : "11.5",
      "p" : "0.7847",
      "s" : "sell",
      "i" : "SUSHI_USD",
      "m" : "4611686018430104713"
    }, {
      "d" : "1756403673061867575",
      "t" : 1756403673061,
      "tn" : 1756403673061867575,
      "q" : "137.4",
      "p" : "0.7863",
      "s" : "buy",
      "i" : "SUSHI_USD",
      "m" : "4611686018430104712"
    }, {
      "d" : "1756398096620627390",
      "t" : 1756398096620,
      "tn" : 1756398096620627390,
      "q" : "9.2",
      "p" : "0.7941",
      "s" : "buy",
      "i" : "SUSHI_USD",
      "m" : "4611686018430104711"
    }, {
      "d" : "1756397727669064774",
      "t" : 1756397727669,
      "tn" : 1756397727669064774,
      "q" : "66.0",
      "p" : "0.7924",
      "s" : "buy",
      "i" : "SUSHI_USD",
      "m" : "4611686018430104710"
    }, {
      "d" : "1756395417623610160",
      "t" : 1756395417623,
      "tn" : 1756395417623610160,
      "q" : "24.5",
      "p" : "0.7923",
      "s" : "buy",
      "i" : "SUSHI_USD",
      "m" : "4611686018430104709"
    }, {
      "d" : "1756391673892902627",
      "t" : 1756391673892,
      "tn" : 1756391673892902627,
      "q" : "56.8",
      "p" : "0.7884",
      "s" : "sell",
      "i" : "SUSHI_USD",
      "m" : "4611686018430104708"
    }, {
      "d" : "1756391511058159109",
      "t" : 1756391511058,
      "tn" : 1756391511058159109,
      "q" : "324.2",
      "p" : "0.7893",
      "s" : "sell",
      "i" : "SUSHI_USD",
      "m" : "4611686018430104707"
    }, {
      "d" : "1756390974631708191",
      "t" : 1756390974631,
      "tn" : 1756390974631708191,
      "q" : "36.0",
      "p" : "0.7963",
      "s" : "buy",
      "i" : "SUSHI_USD",
      "m" : "4611686018430104706"
    }, {
      "d" : "1756390512210392733",
      "t" : 1756390512210,
      "tn" : 1756390512210392733,
      "q" : "12.1",
      "p" : "0.7989",
      "s" : "sell",
      "i" : "SUSHI_USD",
      "m" : "4611686018430104705"
    }, {
      "d" : "1756389337146777097",
      "t" : 1756389337146,
      "tn" : 1756389337146777097,
      "q" : "405.5",
      "p" : "0.7938",
      "s" : "buy",
      "i" : "SUSHI_USD",
      "m" : "4611686018430104704"
    }, {
      "d" : "1756389038800274362",
      "t" : 1756389038800,
      "tn" : 1756389038800274362,
      "q" : "389.0",
      "p" : "0.7910",
      "s" : "sell",
      "i" : "SUSHI_USD",
      "m" : "4611686018430104703"
    }, {
      "d" : "1756388544186158397",
      "t" : 1756388544186,
      "tn" : 1756388544186158397,
      "q" : "373.9",
      "p" : "0.7940",
      "s" : "buy",
      "i" : "SUSHI_USD",
      "m" : "4611686018430104702"
    }, {
      "d" : "1756388543988412448",
      "t" : 1756388543988,
      "tn" : 1756388543988412448,
      "q" : "682.8",
      "p" : "0.7940",
      "s" : "buy",
      "i" : "SUSHI_USD",
      "m" : "4611686018430104701"
    }, {
      "d" : "1756388280254399193",
      "t" : 1756388280254,
      "tn" : 1756388280254399193,
      "q" : "672.7",
      "p" : "0.7929",
      "s" : "buy",
      "i" : "SUSHI_USD",
      "m" : "4611686018430104700"
    }, {
      "d" : "1756385302208547475",
      "t" : 1756385302208,
      "tn" : 1756385302208547475,
      "q" : "8.0",
      "p" : "0.7931",
      "s" : "sell",
      "i" : "SUSHI_USD",
      "m" : "4611686018430104699"
    }, {
      "d" : "1756385067327647909",
      "t" : 1756385067327,
      "tn" : 1756385067327647909,
      "q" : "8.1",
      "p" : "0.7956",
      "s" : "sell",
      "i" : "SUSHI_USD",
      "m" : "4611686018430104698"
    }, {
      "d" : "1756384514532025740",
      "t" : 1756384514532,
      "tn" : 1756384514532025740,
      "q" : "93.0",
      "p" : "0.7931",
      "s" : "sell",
      "i" : "SUSHI_USD",
      "m" : "4611686018430104697"
    }, {
      "d" : "1756384514502185060",
      "t" : 1756384514502,
      "tn" : 1756384514502185060,
      "q" : "272.2",
      "p" : "0.7931",
      "s" : "sell",
      "i" : "SUSHI_USD",
      "m" : "4611686018430104696"
    }, {
      "d" : "1756384514329257770",
      "t" : 1756384514329,
      "tn" : 1756384514329257770,
      "q" : "334.2",
      "p" : "0.7933",
      "s" : "sell",
      "i" : "SUSHI_USD",
      "m" : "4611686018430104695"
    }, {
      "d" : "1756384295437623276",
      "t" : 1756384295437,
      "tn" : 1756384295437623276,
      "q" : "807.6",
      "p" : "0.7953",
      "s" : "buy",
      "i" : "SUSHI_USD",
      "m" : "4611686018430104694"
    }, {
      "d" : "1756384211248100511",
      "t" : 1756384211248,
      "tn" : 1756384211248100511,
      "q" : "59.8",
      "p" : "0.7943",
      "s" : "buy",
      "i" : "SUSHI_USD",
      "m" : "4611686018430104693"
    }, {
      "d" : "1756384211248098528",
      "t" : 1756384211248,
      "tn" : 1756384211248098528,
      "q" : "958.0",
      "p" : "0.7942",
      "s" : "buy",
      "i" : "SUSHI_USD",
      "m" : "4611686018430104692"
    }, {
      "d" : "1756384211205894225",
      "t" : 1756384211205,
      "tn" : 1756384211205894225,
      "q" : "175.6",
      "p" : "0.7943",
      "s" : "buy",
      "i" : "SUSHI_USD",
      "m" : "4611686018430104691"
    }, {
      "d" : "1756384211111192132",
      "t" : 1756384211111,
      "tn" : 1756384211111192132,
      "q" : "284.1",
      "p" : "0.7943",
      "s" : "buy",
      "i" : "SUSHI_USD",
      "m" : "4611686018430104690"
    }, {
      "d" : "1756384211076279641",
      "t" : 1756384211076,
      "tn" : 1756384211076279641,
      "q" : "98.0",
      "p" : "0.7942",
      "s" : "buy",
      "i" : "SUSHI_USD",
      "m" : "4611686018430104689"
    }, {
      "d" : "1756384209804335069",
      "t" : 1756384209804,
      "tn" : 1756384209804335069,
      "q" : "292.9",
      "p" : "0.7942",
      "s" : "buy",
      "i" : "SUSHI_USD",
      "m" : "4611686018430104688"
    }, {
      "d" : "1756383471175885844",
      "t" : 1756383471175,
      "tn" : 1756383471175885844,
      "q" : "50.0",
      "p" : "0.7919",
      "s" : "sell",
      "i" : "SUSHI_USD",
      "m" : "4611686018430104687"
    }, {
      "d" : "1756382985151593487",
      "t" : 1756382985151,
      "tn" : 1756382985151593487,
      "q" : "10.0",
      "p" : "0.7921",
      "s" : "sell",
      "i" : "SUSHI_USD",
      "m" : "4611686018430104686"
    }, {
      "d" : "1756382724898591427",
      "t" : 1756382724898,
      "tn" : 1756382724898591427,
      "q" : "657.5",
      "p" : "0.7912",
      "s" : "buy",
      "i" : "SUSHI_USD",
      "m" : "4611686018430104685"
    }, {
      "d" : "1756379339433119658",
      "t" : 1756379339433,
      "tn" : 1756379339433119658,
      "q" : "261.3",
      "p" : "0.7863",
      "s" : "sell",
      "i" : "SUSHI_USD",
      "m" : "4611686018430104684"
    }, {
      "d" : "1756379010063236482",
      "t" : 1756379010063,
      "tn" : 1756379010063236482,
      "q" : "65.9",
      "p" : "0.7900",
      "s" : "sell",
      "i" : "SUSHI_USD",
      "m" : "4611686018430104683"
    }, {
      "d" : "1756379000779897776",
      "t" : 1756379000779,
      "tn" : 1756379000779897776,
      "q" : "65.7",
      "p" : "0.7900",
      "s" : "sell",
      "i" : "SUSHI_USD",
      "m" : "4611686018430104682"
    }, {
      "d" : "1756378253244293800",
      "t" : 1756378253244,
      "tn" : 1756378253244293800,
      "q" : "43.6",
      "p" : "0.7882",
      "s" : "sell",
      "i" : "SUSHI_USD",
      "m" : "4611686018430104681"
    } ]
  }
}