{
  "id" : -1,
  "method" : "public/get-trades",
  "code" : 0,
  "result" : {
    "data" : [ {
      "d" : "1756462436991820255",
      "t" : 1756462436991,
      "tn" : 1756462436991820255,
      "q" : "1",
      "p" : "0.7592",
      "s" : "sell",
      "i" : "SUSHIUSD-PERP",
      "m" : "4611686018430988707"
    }, {
      "d" : "1756462436991817892",
      "t" : 1756462436991,
      "tn" : 1756462436991817892,
      "q" : "1",
      "p" : "0.7593",
      "s" : "sell",
      "i" : "SUSHIUSD-PERP",
      "m" : "4611686018430988706"
    }, {
      "d" : "1756462226971937715",
      "t" : 1756462226971,
      "tn" : 1756462226971937715,
      "q" : "1",
      "p" : "0.7597",
      "s" : "buy",
      "i" : "SUSHIUSD-PERP",
      "m" : "4611686018430988705"
    }, {
      "d" : "1756460530891496816",
      "t" : 1756460530891,
      "tn" : 1756460530891496816,
      "q" : "1",
      "p" : "0.7572",
      "s" : "buy",
      "i" : "SUSHIUSD-PERP",
      "m" : "4611686018430988704"
    }, {
      "d" : "1756460191452117163",
      "t" : 1756460191452,
      "tn" : 1756460191452117163,
      "q" : "1",
      "p" : "0.7577",
      "s" : "buy",
      "i" : "SUSHIUSD-PERP",
      "m" : "4611686018430988703"
    }, {
      "d" : "1756460106374259740",
      "t" : 1756460106374,
      "tn" : 1756460106374259740,
      "q" : "1",
      "p" : "0.7572",
      "s" : "sell",
      "i" : "SUSHIUSD-PERP",
      "m" : "4611686018430988702"
    }, {
      "d" : "1756459750193294756",
      "t" : 1756459750193,
      "tn" : 1756459750193294756,
      "q" : "1",
      "p" : "0.7588",
      "s" : "sell",
      "i" : "SUSHIUSD-PERP",
      "m" : "4611686018430988701"
    }, {
      "d" : "1756459741507440855",
      "t" : 1756459741507,
      "tn" : 1756459741507440855,
      "q" : "1",
      "p" : "0.7580",
      "s" : "sell",
      "i" : "SUSHIUSD-PERP",
      "m" : "4611686018430988700"
    }, {
      "d" : "1756459681708136492",
      "t" : 1756459681708,
      "tn" : 1756459681708136492,
      "q" : "1",
      "p" : "0.7577",
      "s" : "sell",
      "i" : "SUSHIUSD-PERP",
      "m" : "4611686018430988699"
    }, {
      "d" : "1756459345551982766",
      "t" : 1756459345551,
      "tn" : 1756459345551982766,
      "q" : "1",
      "p" : "0.7593",
      "s" : "buy",
      "i" : "SUSHIUSD-PERP",
      "m" : "4611686018430988698"
    }, {
      "d" : "1756459156158359669",
      "t" : 1756459156158,
      "tn" : 1756459156158359669,
      "q" : "1",
      "p" : "0.7573",
      "s" : "sell",
      "i" : "SUSHIUSD-PERP",
      "m" : "4611686018430988697"
    }, {
      "d" : "1756459151125219218",
      "t" : 1756459151125,
      "tn" : 1756459151125219218,
      "q" : "1",
      "p" : "0.7571",
      "s" : "sell",
      "i" : "SUSHIUSD-PERP",
      "m" : "4611686018430988696"
    }, {
      "d" : "1756458967884939093",
      "t" : 1756458967884,
      "tn" : 1756458967884939093,
      "q" : "1",
      "p" : "0.7547",
      "s" : "sell",
      "i" : "SUSHIUSD-PERP",
      "m" : "4611686018430988695"
    }, {
      "d" : "1756458958975477540",
      "t" : 1756458958975,
      "tn" : 1756458958975477540,
      "q" : "1",
      "p" : "0.7545",
      "s" : "sell",
      "i" : "SUSHIUSD-PERP",
      "m" : "4611686018430988694"
    }, {
      "d" : "1756458913522604484",
      "t" : 1756458913522,
      "tn" : 1756458913522604484,
      "q" : "1",
      "p" : "0.7539",
      "s" : "sell",
      "i" : "SUSHIUSD-PERP",
      "m" : "4611686018430988693"
    }, {
      "d" : "1756458908520866819",
      "t" : 1756458908520,
      "tn" : 1756458908520866819,
      "q" : "1",
      "p" : "0.7542",
      "s" : "sell",
      "i" : "SUSHIUSD-PERP",
      "m" : "4611686018430988692"
    }, {
      "d" : "1756458903703656741",
      "t" : 1756458903703,
      "tn" : 1756458903703656740,
      "q" : "1",
      "p" : "0.7543",
      "s" : "sell",
      "i" : "SUSHIUSD-PERP",
      "m" : "4611686018430988691"
    }, {
      "d" : "1756458903703656740",
      "t" : 1756458903703,
      "tn" : 1756458903703656740,
      "q" : "1",
      "p" : "0.7543",
      "s" : "sell",
      "i" : "SUSHIUSD-PERP",
      "m" : "4611686018430988691"
    }, {
      "d" : "1756458903491789048",
      "t" : 1756458903491,
      "tn" : 1756458903491789047,
      "q" : "1",
      "p" : "0.7543",
      "s" : "sell",
      "i" : "SUSHIUSD-PERP",
      "m" : "4611686018430988690"
    }, {
      "d" : "1756458903491789047",
      "t" : 1756458903491,
      "tn" : 1756458903491789047,
      "q" : "1",
      "p" : "0.7543",
      "s" : "sell",
      "i" : "SUSHIUSD-PERP",
      "m" : "4611686018430988690"
    }, {
      "d" : "1756458768127675074",
      "t" : 1756458768127,
      "tn" : 1756458768127675074,
      "q" : "1",
      "p" : "0.7547",
      "s" : "sell",
      "i" : "SUSHIUSD-PERP",
      "m" : "4611686018430988689"
    }, {
      "d" : "1756458669369223469",
      "t" : 1756458669369,
      "tn" : 1756458669369223469,
      "q" : "1",
      "p" : "0.7530",
      "s" : "sell",
      "i" : "SUSHIUSD-PERP",
      "m" : "4611686018430988688"
    }, {
      "d" : "1756458668313680555",
      "t" : 1756458668313,
      "tn" : 1756458668313680555,
      "q" : "1",
      "p" : "0.7530",
      "s" : "sell",
      "i" : "SUSHIUSD-PERP",
      "m" : "4611686018430988687"
    }, {
      "d" : "1756458664346025461",
      "t" : 1756458664346,
      "tn" : 1756458664346025461,
      "q" : "1",
      "p" : "0.7524",
      "s" : "sell",
      "i" : "SUSHIUSD-PERP",
      "m" : "4611686018430988686"
    }, {
      "d" : "1756458605961985810",
      "t" : 1756458605961,
      "tn" : 1756458605961985810,
      "q" : "1",
      "p" : "0.7528",
      "s" : "sell",
      "i" : "SUSHIUSD-PERP",
      "m" : "4611686018430988685"
    }, {
      "d" : "1756458569958547928",
      "t" : 1756458569958,
      "tn" : 1756458569958547928,
      "q" : "1",
      "p" : "0.7532",
      "s" : "sell",
      "i" : "SUSHIUSD-PERP",
      "m" : "4611686018430988684"
    }, {
      "d" : "1756458548342760173",
      "t" : 1756458548342,
      "tn" : 1756458548342760173,
      "q" : "1",
      "p" : "0.7536",
      "s" : "sell",
      "i" : "SUSHIUSD-PERP",
      "m" : "4611686018430988683"
    }, {
      "d" : "1756458547848961879",
      "t" : 1756458547848,
      "tn" : 1756458547848961879,
      "q" : "1",
      "p" : "0.7533",
      "s" : "sell",
      "i" : "SUSHIUSD-PERP",
      "m" : "4611686018430988682"
    }, {
      "d" : "1756458547848960340",
      "t" : 1756458547848,
      "tn" : 1756458547848960340,
      "q" : "1",
      "p" : "0.7534",
      "s" : "sell",
      "i" : "SUSHIUSD-PERP",
      "m" : "4611686018430988681"
    }, {
      "d" : "1756458541948022945",
      "t" : 1756458541948,
      "tn" : 1756458541948022945,
      "q" : "1",
      "p" : "0.7527",
      "s" : "sell",
      "i" : "SUSHIUSD-PERP",
      "m" : "4611686018430988680"
    }, {
      "d" : "1756458539574368851",
      "t" : 1756458539574,
      "tn" : 1756458539574368851,
      "q" : "1",
      "p" : "0.7524",
      "s" : "sell",
      "i" : "SUSHIUSD-PERP",
      "m" : "4611686018430988679"
    }, {
      "d" : "1756458534546849094",
      "t" : 1756458534546,
      "tn" : 1756458534546849094,
      "q" : "1",
      "p" : "0.7524",
      "s" : "sell",
      "i" : "SUSHIUSD-PERP",
      "m" : "4611686018430988678"
    }, {
      "d" : "1756458529027201681",
      "t" : 1756458529027,
      "tn" : 1756458529027201681,
      "q" : "1",
      "p" : "0.7525",
      "s" : "sell",
      "i" : "SUSHIUSD-PERP",
      "m" : "4611686018430988677"
    }, {
      "d" : "1756458524234928918",
      "t" : 1756458524234,
      "tn" : 1756458524234928918,
      "q" : "1",
      "p" : "0.7524",
      "s" : "sell",
      "i" : "SUSHIUSD-PERP",
      "m" : "4611686018430988676"
    }, {
      "d" : "1756458522094709342",
      "t" : 1756458522094,
      "tn" : 1756458522094709342,
      "q" : "1",
      "p" : "0.7525",
      "s" : "sell",
      "i" : "SUSHIUSD-PERP",
      "m" : "4611686018430988675"
    }, {
      "d" : "1756458519197598255",
      "t" : 1756458519197,
      "tn" : 1756458519197598255,
      "q" : "1",
      "p" : "0.7525",
      "s" : "sell",
      "i" : "SUSHIUSD-PERP",
      "m" : "4611686018430988674"
    }, {
      "d" : "1756458518066932969",
      "t" : 1756458518066,
      "tn" : 1756458518066932969,
      "q" : "1",
      "p" : "0.7525",
      "s" : "sell",
      "i" : "SUSHIUSD-PERP",
      "m" : "4611686018430988673"
    }, {
      "d" : "1756458514742619687",
      "t" : 1756458514742,
      "tn" : 1756458514742619687,
      "q" : "1",
      "p" : "0.7526",
      "s" : "sell",
      "i" : "SUSHIUSD-PERP",
      "m" : "4611686018430988672"
    }, {
      "d" : "1756458514260718736",
      "t" : 1756458514260,
      "tn" : 1756458514260718736,
      "q" : "228",
      "p" : "0.7525",
      "s" : "buy",
      "i" : "SUSHIUSD-PERP",
      "m" : "4611686018430988671"
    }, {
      "d" : "1756458514027863753",
      "t" : 1756458514027,
      "tn" : 1756458514027863752,
      "q" : "1",
      "p" : "0.7525",
      "s" : "sell",
      "i" : "SUSHIUSD-PERP",
      "m" : "4611686018430988670"
    }, {
      "d" : "1756458514027863752",
      "t" : 1756458514027,
      "tn" : 1756458514027863752,
      "q" : "1",
      "p" : "0.7525",
      "s" : "sell",
      "i" : "SUSHIUSD-PERP",
      "m" : "4611686018430988670"
    }, {
      "d" : "1756458513136174650",
      "t" : 1756458513136,
      "tn" : 1756458513136174650,
      "q" : "1",
      "p" : "0.7526",
      "s" : "sell",
      "i" : "SUSHIUSD-PERP",
      "m" : "4611686018430988669"
    }, {
      "d" : "1756458305516865559",
      "t" : 1756458305516,
      "tn" : 1756458305516865559,
      "q" : "1",
      "p" : "0.7533",
      "s" : "sell",
      "i" : "SUSHIUSD-PERP",
      "m" : "4611686018430988668"
    }, {
      "d" : "1756458305428934316",
      "t" : 1756458305428,
      "tn" : 1756458305428934316,
      "q" : "1",
      "p" : "0.7531",
      "s" : "sell",
      "i" : "SUSHIUSD-PERP",
      "m" : "4611686018430988667"
    }, {
      "d" : "1756458303230421452",
      "t" : 1756458303230,
      "tn" : 1756458303230421452,
      "q" : "1",
      "p" : "0.7528",
      "s" : "sell",
      "i" : "SUSHIUSD-PERP",
      "m" : "4611686018430988666"
    }, {
      "d" : "1756458302760904202",
      "t" : 1756458302760,
      "tn" : 1756458302760904201,
      "q" : "1",
      "p" : "0.7529",
      "s" : "sell",
      "i" : "SUSHIUSD-PERP",
      "m" : "4611686018430988665"
    }, {
      "d" : "1756458302760904201",
      "t" : 1756458302760,
      "tn" : 1756458302760904201,
      "q" : "1",
      "p" : "0.7529",
      "s" : "sell",
      "i" : "SUSHIUSD-PERP",
      "m" : "4611686018430988665"
    }, {
      "d" : "1756458302229087024",
      "t" : 1756458302229,
      "tn" : 1756458302229087024,
      "q" : "1",
      "p" : "0.7530",
      "s" : "sell",
      "i" : "SUSHIUSD-PERP",
      "m" : "4611686018430988664"
    }, {
      "d" : "1756458194531733452",
      "t" : 1756458194531,
      "tn" : 1756458194531733452,
      "q" : "1",
      "p" : "0.7510",
      "s" : "buy",
      "i" : "SUSHIUSD-PERP",
      "m" : "4611686018430988663"
    }, {
      "d" : "1756458073031809339",
      "t" : 1756458073031,
      "tn" : 1756458073031809339,
      "q" : "1",
      "p" : "0.7565",
      "s" : "buy",
      "i" : "SUSHIUSD-PERP",
      "m" : "4611686018430988662"
    }, {
      "d" : "1756458065643940592",
      "t" : 1756458065643,
      "tn" : 1756458065643940592,
      "q" : "1",
      "p" : "0.7564",
      "s" : "sell",
      "i" : "SUSHIUSD-PERP",
      "m" : "4611686018430988661"
    }, {
      "d" : "1756458024976354734",
      "t" : 1756458024976,
      "tn" : 1756458024976354734,
      "q" : "1",
      "p" : "0.7579",
      "s" : "sell",
      "i" : "SUSHIUSD-PERP",
      "m" : "4611686018430988660"
    }, {
      "d" : "1756457998765330703",
      "t" : 1756457998765,
      "tn" : 1756457998765330703,
      "q" : "1",
      "p" : "0.7580",
      "s" : "sell",
      "i" : "SUSHIUSD-PERP",
      "m" : "4611686018430988659"
    }, {
      "d" : "1756457866111854448",
      "t" : 1756457866111,
      "tn" : 1756457866111854448,
      "q" : "1",
      "p" : "0.7564",
      "s" : "sell",
      "i" : "SUSHIUSD-PERP",
      "m" : "4611686018430988658"
    }, {
      "d" : "1756457130812164557",
      "t" : 1756457130812,
      "tn" : 1756457130812164557,
      "q" : "1",
      "p" : "0.7631",
      "s" : "buy",
      "i" : "SUSHIUSD-PERP",
      "m" : "4611686018430988657"
    }, {
      "d" : "1756456803352391811",
      "t" : 1756456803352,
      "tn" : 1756456803352391811,
      "q" : "1",
      "p" : "0.7626",
      "s" : "sell",
      "i" : "SUSHIUSD-PERP",
      "m" : "4611686018430988656"
    }, {
      "d" : "1756456803352389852",
      "t" : 1756456803352,
      "tn" : 1756456803352389852,
      "q" : "1",
      "p" : "0.7628",
      "s" : "sell",
      "i" : "SUSHIUSD-PERP",
      "m" : "4611686018430988655"
    }, {
      "d" : "1756456457316181912",
      "t" : 1756456457316,
      "tn" : 1756456457316181912,
      "q" : "1",
      "p" : "0.7645",
      "s" : "sell",
      "i" : "SUSHIUSD-PERP",
      "m" : "4611686018430988654"
    }, {
      "d" : "1756456379231837177",
      "t" : 1756456379231,
      "tn" : 1756456379231837176,
      "q" : "1",
      "p" : "0.7642",
      "s" : "sell",
      "i" : "SUSHIUSD-PERP",
      "m" : "4611686018430988653"
    }, {
      "d" : "1756456379231837176",
      "t" : 1756456379231,
      "tn" : 1756456379231837176,
      "q" : "1",
      "p" : "0.7642",
      "s" : "sell",
      "i" : "SUSHIUSD-PERP",
      "m" : "4611686018430988653"
    }, {
      "d" : "1756454593871184513",
      "t" : 1756454593871,
      "tn" : 1756454593871184513,
      "q" : "1",
      "p" : "0.7735",
      "s" : "sell",
      "i" : "SUSHIUSD-PERP",
      "m" : "4611686018430988652"
    }, {
      "d" : "1756454593871182381",
      "t" : 1756454593871,
      "tn" : 1756454593871182381,
      "q" : "1",
      "p" : "0.7736",
      "s" : "sell",
      "i" : "SUSHIUSD-PERP",
      "m" : "4611686018430988651"
    }, {
      "d" : "1756454428129290064",
      "t" : 1756454428129,
      "tn" : 1756454428129290064,
      "q" : "1",
      "p" : "0.7713",
      "s" : "sell",
      "i" : "SUSHIUSD-PERP",
      "m" : "4611686018430988650"
    }, {
      "d" : "1756454313182268771",
      "t" : 1756454313182,
      "tn" : 1756454313182268771,
      "q" : "1",
      "p" : "0.7698",
      "s" : "sell",
      "i" : "SUSHIUSD-PERP",
      "m" : "4611686018430988649"
    }, {
      "d" : "1756454313111296674",
      "t" : 1756454313111,
      "tn" : 1756454313111296674,
      "q" : "1",
      "p" : "0.7699",
      "s" : "sell",
      "i" : "SUSHIUSD-PERP",
      "m" : "4611686018430988648"
    }, {
      "d" : "1756453610666273822",
      "t" : 1756453610666,
      "tn" : 1756453610666273822,
      "q" : "1",
      "p" : "0.7747",
      "s" : "sell",
      "i" : "SUSHIUSD-PERP",
      "m" : "4611686018430988647"
    }, {
      "d" : "1756453455652362508",
      "t" : 1756453455652,
      "tn" : 1756453455652362508,
      "q" : "1",
      "p" : "0.7734",
      "s" : "sell",
      "i" : "SUSHIUSD-PERP",
      "m" : "4611686018430988646"
    }, {
      "d" : "1756453455652360425",
      "t" : 1756453455652,
      "tn" : 1756453455652360425,
      "q" : "1",
      "p" : "0.7735",
      "s" : "sell",
      "i" : "SUSHIUSD-PERP",
      "m" : "4611686018430988645"
    }, {
      "d" : "1756452139331581689",
      "t" : 1756452139331,
      "tn" : 1756452139331581688,
      "q" : "1",
      "p" : "0.7755",
      "s" : "sell",
      "i" : "SUSHIUSD-PERP",
      "m" : "4611686018430988644"
    }, {
      "d" : "1756452139331581688",
      "t" : 1756452139331,
      "tn" : 1756452139331581688,
      "q" : "1",
      "p" : "0.7755",
      "s" : "sell",
      "i" : "SUSHIUSD-PERP",
      "m" : "4611686018430988644"
    }, {
      "d" : "1756451702211732262",
      "t" : 1756451702211,
      "tn" : 1756451702211732261,
      "q" : "1",
      "p" : "0.7748",
      "s" : "sell",
      "i" : "SUSHIUSD-PERP",
      "m" : "4611686018430988643"
    }, {
      "d" : "1756451702211732261",
      "t" : 1756451702211,
      "tn" : 1756451702211732261,
      "q" : "1",
      "p" : "0.7748",
      "s" : "sell",
      "i" : "SUSHIUSD-PERP",
      "m" : "4611686018430988643"
    }, {
      "d" : "1756451674111583128",
      "t" : 1756451674111,
      "tn" : 1756451674111583127,
      "q" : "1",
      "p" : "0.7758",
      "s" : "sell",
      "i" : "SUSHIUSD-PERP",
      "m" : "4611686018430988642"
    }, {
      "d" : "1756451674111583127",
      "t" : 1756451674111,
      "tn" : 1756451674111583127,
      "q" : "1",
      "p" : "0.7758",
      "s" : "sell",
      "i" : "SUSHIUSD-PERP",
      "m" : "4611686018430988642"
    }, {
      "d" : "1756451669213570345",
      "t" : 1756451669213,
      "tn" : 1756451669213570345,
      "q" : "1",
      "p" : "0.7747",
      "s" : "sell",
      "i" : "SUSHIUSD-PERP",
      "m" : "4611686018430988641"
    }, {
      "d" : "1756451669213567983",
      "t" : 1756451669213,
      "tn" : 1756451669213567983,
      "q" : "1",
      "p" : "0.7748",
      "s" : "sell",
      "i" : "SUSHIUSD-PERP",
      "m" : "4611686018430988640"
    }, {
      "d" : "1756451669043011654",
      "t" : 1756451669043,
      "tn" : 1756451669043011654,
      "q" : "1",
      "p" : "0.7752",
      "s" : "sell",
      "i" : "SUSHIUSD-PERP",
      "m" : "4611686018430988639"
    }, {
      "d" : "1756451669043009994",
      "t" : 1756451669043,
      "tn" : 1756451669043009994,
      "q" : "1",
      "p" : "0.7753",
      "s" : "sell",
      "i" : "SUSHIUSD-PERP",
      "m" : "4611686018430988638"
    }, {
      "d" : "1756451559650796354",
      "t" : 1756451559650,
      "tn" : 1756451559650796354,
      "q" : "100",
      "p" : "0.7800",
      "s" : "sell",
      "i" : "SUSHIUSD-PERP",
      "m" : "4611686018430988637"
    }, {
      "d" : "1756451251751701387",
      "t" : 1756451251751,
      "tn" : 1756451251751701387,
      "q" : "1",
      "p" : "0.7826",
      "s" : "sell",
      "i" : "SUSHIUSD-PERP",
      "m" : "4611686018430988636"
    }, {
      "d" : "1756448155571277313",
      "t" : 1756448155571,
      "tn" : 1756448155571277312,
      "q" : "1",
      "p" : "0.7927",
      "s" : "sell",
      "i" : "SUSHIUSD-PERP",
      "m" : "4611686018430988635"
    }, {
      "d" : "1756448155571277312",
      "t" : 1756448155571,
      "tn" : 1756448155571277312,
      "q" : "1",
      "p" : "0.7927",
      "s" : "sell",
      "i" : "SUSHIUSD-PERP",
      "m" : "4611686018430988635"
    }, {
      "d" : "1756447961354063638",
      "t" : 1756447961354,
      "tn" : 1756447961354063638,
      "q" : "1",
      "p" : "0.7965",
      "s" : "sell",
      "i" : "SUSHIUSD-PERP",
      "m" : "4611686018430988634"
    }, {
      "d" : "1756447826838376157",
      "t" : 1756447826838,
      "tn" : 1756447826838376157,
      "q" : "1",
      "p" : "0.7979",
      "s" : "sell",
      "i" : "SUSHIUSD-PERP",
      "m" : "4611686018430988633"
    }, {
      "d" : "1756447779106149664",
      "t" : 1756447779106,
      "tn" : 1756447779106149664,
      "q" : "1",
      "p" : "0.7976",
      "s" : "sell",
      "i" : "SUSHIUSD-PERP",
      "m" : "4611686018430988632"
    }, {
      "d" : "1756447769074876540",
      "t" : 1756447769074,
      "tn" : 1756447769074876539,
      "q" : "1",
      "p" : "0.7976",
      "s" : "sell",
      "i" : "SUSHIUSD-PERP",
      "m" : "4611686018430988631"
    }, {
      "d" : "1756447769074876539",
      "t" : 1756447769074,
      "tn" : 1756447769074876539,
      "q" : "1",
      "p" : "0.7976",
      "s" : "sell",
      "i" : "SUSHIUSD-PERP",
      "m" : "4611686018430988631"
    }, {
      "d" : "1756447603275248043",
      "t" : 1756447603275,
      "tn" : 1756447603275248043,
      "q" : "1",
      "p" : "0.7982",
      "s" : "sell",
      "i" : "SUSHIUSD-PERP",
      "m" : "4611686018430988630"
    }, {
      "d" : "1756447591666545849",
      "t" : 1756447591666,
      "tn" : 1756447591666545849,
      "q" : "1",
      "p" : "0.7973",
      "s" : "sell",
      "i" : "SUSHIUSD-PERP",
      "m" : "4611686018430988629"
    }, {
      "d" : "1756447392129544861",
      "t" : 1756447392129,
      "tn" : 1756447392129544861,
      "q" : "1",
      "p" : "0.7989",
      "s" : "sell",
      "i" : "SUSHIUSD-PERP",
      "m" : "4611686018430988628"
    }, {
      "d" : "1756447228651724254",
      "t" : 1756447228651,
      "tn" : 1756447228651724254,
      "q" : "1",
      "p" : "0.7980",
      "s" : "sell",
      "i" : "SUSHIUSD-PERP",
      "m" : "4611686018430988627"
    }, {
      "d" : "1756447218632151741",
      "t" : 1756447218632,
      "tn" : 1756447218632151741,
      "q" : "1",
      "p" : "0.7979",
      "s" : "sell",
      "i" : "SUSHIUSD-PERP",
      "m" : "4611686018430988626"
    }, {
      "d" : "1756447204768639499",
      "t" : 1756447204768,
      "tn" : 1756447204768639499,
      "q" : "1",
      "p" : "0.7978",
      "s" : "sell",
      "i" : "SUSHIUSD-PERP",
      "m" : "4611686018430988625"
    }, {
      "d" : "1756447139540393393",
      "t" : 1756447139540,
      "tn" : 1756447139540393393,
      "q" : "1",
      "p" : "0.7981",
      "s" : "sell",
      "i" : "SUSHIUSD-PERP",
      "m" : "4611686018430988624"
    }, {
      "d" : "1756447098082559861",
      "t" : 1756447098082,
      "tn" : 1756447098082559861,
      "q" : "1",
      "p" : "0.7979",
      "s" : "sell",
      "i" : "SUSHIUSD-PERP",
      "m" : "4611686018430988623"
    }, {
      "d" : "1756447005078719374",
      "t" : 1756447005078,
      "tn" : 1756447005078719374,
      "q" : "1",
      "p" : "0.7978",
      "s" : "sell",
      "i" : "SUSHIUSD-PERP",
      "m" : "4611686018430988622"
    }, {
      "d" : "1756446942590726293",
      "t" : 1756446942590,
      "tn" : 1756446942590726293,
      "q" : "1",
      "p" : "0.7975",
      "s" : "sell",
      "i" : "SUSHIUSD-PERP",
      "m" : "4611686018430988621"
    }, {
      "d" : "1756446928109755867",
      "t" : 1756446928109,
      "tn" : 1756446928109755867,
      "q" : "1",
      "p" : "0.7970",
      "s" : "sell",
      "i" : "SUSHIUSD-PERP",
      "m" : "4611686018430988620"
    }, {
      "d" : "1756446398989642200",
      "t" : 1756446398989,
      "tn" : 1756446398989642199,
      "q" : "1",
      "p" : "0.7987",
      "s" : "sell",
      "i" : "SUSHIUSD-PERP",
      "m" : "4611686018430988619"
    }, {
      "d" : "1756446398989642199",
      "t" : 1756446398989,
      "tn" : 1756446398989642199,
      "q" : "1",
      "p" : "0.7987",
      "s" : "sell",
      "i" : "SUSHIUSD-PERP",
      "m" : "4611686018430988619"
    }, {
      "d" : "1756446387674061071",
      "t" : 1756446387674,
      "tn" : 1756446387674061070,
      "q" : "1",
      "p" : "0.7985",
      "s" : "sell",
      "i" : "SUSHIUSD-PERP",
      "m" : "4611686018430988618"
    }, {
      "d" : "1756446387674061070",
      "t" : 1756446387674,
      "tn" : 1756446387674061070,
      "q" : "1",
      "p" : "0.7985",
      "s" : "sell",
      "i" : "SUSHIUSD-PERP",
      "m" : "4611686018430988618"
    }, {
      "d" : "1756446318380766630",
      "t" : 1756446318380,
      "tn" : 1756446318380766629,
      "q" : "1",
      "p" : "0.7981",
      "s" : "sell",
      "i" : "SUSHIUSD-PERP",
      "m" : "4611686018430988617"
    }, {
      "d" : "1756446318380766629",
      "t" : 1756446318380,
      "tn" : 1756446318380766629,
      "q" : "1",
      "p" : "0.7981",
      "s" : "sell",
      "i" : "SUSHIUSD-PERP",
      "m" : "4611686018430988617"
    }, {
      "d" : "1756446309098111516",
      "t" : 1756446309098,
      "tn" : 1756446309098111516,
      "q" : "1",
      "p" : "0.7980",
      "s" : "sell",
      "i" : "SUSHIUSD-PERP",
      "m" : "4611686018430988616"
    }, {
      "d" : "1756446308355477724",
      "t" : 1756446308355,
      "tn" : 1756446308355477724,
      "q" : "1",
      "p" : "0.7977",
      "s" : "sell",
      "i" : "SUSHIUSD-PERP",
      "m" : "4611686018430988615"
    }, {
      "d" : "1756446296107024911",
      "t" : 1756446296107,
      "tn" : 1756446296107024911,
      "q" : "1",
      "p" : "0.7979",
      "s" : "sell",
      "i" : "SUSHIUSD-PERP",
      "m" : "4611686018430988614"
    }, {
      "d" : "1756446238836240727",
      "t" : 1756446238836,
      "tn" : 1756446238836240727,
      "q" : "1",
      "p" : "0.7982",
      "s" : "sell",
      "i" : "SUSHIUSD-PERP",
      "m" : "4611686018430988613"
    }, {
      "d" : "1756446211084625469",
      "t" : 1756446211084,
      "tn" : 1756446211084625469,
      "q" : "1",
      "p" : "0.7985",
      "s" : "sell",
      "i" : "SUSHIUSD-PERP",
      "m" : "4611686018430988612"
    }, {
      "d" : "1756446200783487971",
      "t" : 1756446200783,
      "tn" : 1756446200783487971,
      "q" : "1",
      "p" : "0.7982",
      "s" : "sell",
      "i" : "SUSHIUSD-PERP",
      "m" : "4611686018430988611"
    }, {
      "d" : "1756446136913890934",
      "t" : 1756446136913,
      "tn" : 1756446136913890934,
      "q" : "1",
      "p" : "0.7986",
      "s" : "sell",
      "i" : "SUSHIUSD-PERP",
      "m" : "4611686018430988610"
    }, {
      "d" : "1756446084080231306",
      "t" : 1756446084080,
      "tn" : 1756446084080231306,
      "q" : "1",
      "p" : "0.7985",
      "s" : "sell",
      "i" : "SUSHIUSD-PERP",
      "m" : "4611686018430988609"
    }, {
      "d" : "1756446048633900572",
      "t" : 1756446048633,
      "tn" : 1756446048633900572,
      "q" : "1",
      "p" : "0.7986",
      "s" : "sell",
      "i" : "SUSHIUSD-PERP",
      "m" : "4611686018430988608"
    }, {
      "d" : "1756445958487301909",
      "t" : 1756445958487,
      "tn" : 1756445958487301909,
      "q" : "1",
      "p" : "0.7978",
      "s" : "sell",
      "i" : "SUSHIUSD-PERP",
      "m" : "4611686018430988607"
    }, {
      "d" : "1756445925710134558",
      "t" : 1756445925710,
      "tn" : 1756445925710134558,
      "q" : "1",
      "p" : "0.7975",
      "s" : "sell",
      "i" : "SUSHIUSD-PERP",
      "m" : "4611686018430988606"
    }, {
      "d" : "1756445892413800933",
      "t" : 1756445892413,
      "tn" : 1756445892413800933,
      "q" : "1",
      "p" : "0.7974",
      "s" : "sell",
      "i" : "SUSHIUSD-PERP",
      "m" : "4611686018430988605"
    }, {
      "d" : "1756445879269328952",
      "t" : 1756445879269,
      "tn" : 1756445879269328952,
      "q" : "1",
      "p" : "0.7967",
      "s" : "sell",
      "i" : "SUSHIUSD-PERP",
      "m" : "4611686018430988604"
    }, {
      "d" : "1756445815303850547",
      "t" : 1756445815303,
      "tn" : 1756445815303850547,
      "q" : "1",
      "p" : "0.7958",
      "s" : "sell",
      "i" : "SUSHIUSD-PERP",
      "m" : "4611686018430988603"
    }, {
      "d" : "1756445804845972492",
      "t" : 1756445804845,
      "tn" : 1756445804845972491,
      "q" : "1",
      "p" : "0.7958",
      "s" : "sell",
      "i" : "SUSHIUSD-PERP",
      "m" : "4611686018430988602"
    }, {
      "d" : "1756445804845972491",
      "t" : 1756445804845,
      "tn" : 1756445804845972491,
      "q" : "1",
      "p" : "0.7958",
      "s" : "sell",
      "i" : "SUSHIUSD-PERP",
      "m" : "4611686018430988602"
    }, {
      "d" : "1756445704965986288",
      "t" : 1756445704965,
      "tn" : 1756445704965986288,
      "q" : "1",
      "p" : "0.7971",
      "s" : "sell",
      "i" : "SUSHIUSD-PERP",
      "m" : "4611686018430988601"
    }, {
      "d" : "1756445586256169223",
      "t" : 1756445586256,
      "tn" : 1756445586256169223,
      "q" : "1",
      "p" : "0.7973",
      "s" : "sell",
      "i" : "SUSHIUSD-PERP",
      "m" : "4611686018430988600"
    }, {
      "d" : "1756445574731298331",
      "t" : 1756445574731,
      "tn" : 1756445574731298331,
      "q" : "1",
      "p" : "0.7974",
      "s" : "sell",
      "i" : "SUSHIUSD-PERP",
      "m" : "4611686018430988599"
    }, {
      "d" : "1756445403391667191",
      "t" : 1756445403391,
      "tn" : 1756445403391667191,
      "q" : "1",
      "p" : "0.7954",
      "s" : "sell",
      "i" : "SUSHIUSD-PERP",
      "m" : "4611686018430988598"
    }, {
      "d" : "1756445344871945155",
      "t" : 1756445344871,
      "tn" : 1756445344871945155,
      "q" : "1",
      "p" : "0.7948",
      "s" : "sell",
      "i" : "SUSHIUSD-PERP",
      "m" : "4611686018430988597"
    }, {
      "d" : "1756445224459195525",
      "t" : 1756445224459,
      "tn" : 1756445224459195525,
      "q" : "1",
      "p" : "0.7954",
      "s" : "sell",
      "i" : "SUSHIUSD-PERP",
      "m" : "4611686018430988596"
    }, {
      "d" : "1756445214322974096",
      "t" : 1756445214322,
      "tn" : 1756445214322974096,
      "q" : "1",
      "p" : "0.7951",
      "s" : "sell",
      "i" : "SUSHIUSD-PERP",
      "m" : "4611686018430988595"
    }, {
      "d" : "1756444877431350630",
      "t" : 1756444877431,
      "tn" : 1756444877431350629,
      "q" : "1",
      "p" : "0.7962",
      "s" : "sell",
      "i" : "SUSHIUSD-PERP",
      "m" : "4611686018430988594"
    }, {
      "d" : "1756444877431350629",
      "t" : 1756444877431,
      "tn" : 1756444877431350629,
      "q" : "1",
      "p" : "0.7962",
      "s" : "sell",
      "i" : "SUSHIUSD-PERP",
      "m" : "4611686018430988594"
    }, {
      "d" : "1756444770054325572",
      "t" : 1756444770054,
      "tn" : 1756444770054325572,
      "q" : "1",
      "p" : "0.7965",
      "s" : "sell",
      "i" : "SUSHIUSD-PERP",
      "m" : "4611686018430988593"
    }, {
      "d" : "1756444757821855805",
      "t" : 1756444757821,
      "tn" : 1756444757821855805,
      "q" : "1",
      "p" : "0.7963",
      "s" : "sell",
      "i" : "SUSHIUSD-PERP",
      "m" : "4611686018430988592"
    }, {
      "d" : "1756444752511331859",
      "t" : 1756444752511,
      "tn" : 1756444752511331858,
      "q" : "1",
      "p" : "0.7960",
      "s" : "sell",
      "i" : "SUSHIUSD-PERP",
      "m" : "4611686018430988591"
    }, {
      "d" : "1756444752511331858",
      "t" : 1756444752511,
      "tn" : 1756444752511331858,
      "q" : "1",
      "p" : "0.7960",
      "s" : "sell",
      "i" : "SUSHIUSD-PERP",
      "m" : "4611686018430988591"
    }, {
      "d" : "1756444745049421242",
      "t" : 1756444745049,
      "tn" : 1756444745049421242,
      "q" : "1",
      "p" : "0.7960",
      "s" : "sell",
      "i" : "SUSHIUSD-PERP",
      "m" : "4611686018430988590"
    }, {
      "d" : "1756444624911846514",
      "t" : 1756444624911,
      "tn" : 1756444624911846514,
      "q" : "1",
      "p" : "0.7972",
      "s" : "sell",
      "i" : "SUSHIUSD-PERP",
      "m" : "4611686018430988589"
    }, {
      "d" : "1756444624911843967",
      "t" : 1756444624911,
      "tn" : 1756444624911843967,
      "q" : "1",
      "p" : "0.7973",
      "s" : "sell",
      "i" : "SUSHIUSD-PERP",
      "m" : "4611686018430988588"
    }, {
      "d" : "1756444567613669720",
      "t" : 1756444567613,
      "tn" : 1756444567613669720,
      "q" : "1",
      "p" : "0.7985",
      "s" : "sell",
      "i" : "SUSHIUSD-PERP",
      "m" : "4611686018430988587"
    }, {
      "d" : "1756444446371648524",
      "t" : 1756444446371,
      "tn" : 1756444446371648524,
      "q" : "1",
      "p" : "0.7986",
      "s" : "sell",
      "i" : "SUSHIUSD-PERP",
      "m" : "4611686018430988586"
    }, {
      "d" : "1756444425418042063",
      "t" : 1756444425418,
      "tn" : 1756444425418042063,
      "q" : "1",
      "p" : "0.7986",
      "s" : "sell",
      "i" : "SUSHIUSD-PERP",
      "m" : "4611686018430988585"
    }, {
      "d" : "1756444408179429833",
      "t" : 1756444408179,
      "tn" : 1756444408179429833,
      "q" : "1",
      "p" : "0.7987",
      "s" : "sell",
      "i" : "SUSHIUSD-PERP",
      "m" : "4611686018430988584"
    }, {
      "d" : "1756444391862809619",
      "t" : 1756444391862,
      "tn" : 1756444391862809619,
      "q" : "1",
      "p" : "0.7987",
      "s" : "sell",
      "i" : "SUSHIUSD-PERP",
      "m" : "4611686018430988583"
    }, {
      "d" : "1756444188270783293",
      "t" : 1756444188270,
      "tn" : 1756444188270783293,
      "q" : "1",
      "p" : "0.7993",
      "s" : "sell",
      "i" : "SUSHIUSD-PERP",
      "m" : "4611686018430988582"
    }, {
      "d" : "1756444178266541548",
      "t" : 1756444178266,
      "tn" : 1756444178266541548,
      "q" : "1",
      "p" : "0.7992",
      "s" : "sell",
      "i" : "SUSHIUSD-PERP",
      "m" : "4611686018430988581"
    }, {
      "d" : "1756443668268948335",
      "t" : 1756443668268,
      "tn" : 1756443668268948335,
      "q" : "1",
      "p" : "0.7985",
      "s" : "sell",
      "i" : "SUSHIUSD-PERP",
      "m" : "4611686018430988580"
    }, {
      "d" : "1756443394351888874",
      "t" : 1756443394351,
      "tn" : 1756443394351888874,
      "q" : "1",
      "p" : "0.7972",
      "s" : "sell",
      "i" : "SUSHIUSD-PERP",
      "m" : "4611686018430988579"
    }, {
      "d" : "1756443394351886724",
      "t" : 1756443394351,
      "tn" : 1756443394351886724,
      "q" : "1",
      "p" : "0.7973",
      "s" : "sell",
      "i" : "SUSHIUSD-PERP",
      "m" : "4611686018430988578"
    }, {
      "d" : "1756443335290930367",
      "t" : 1756443335290,
      "tn" : 1756443335290930367,
      "q" : "1",
      "p" : "0.7990",
      "s" : "sell",
      "i" : "SUSHIUSD-PERP",
      "m" : "4611686018430988577"
    }, {
      "d" : "1756443325279885619",
      "t" : 1756443325279,
      "tn" : 1756443325279885619,
      "q" : "1",
      "p" : "0.7992",
      "s" : "sell",
      "i" : "SUSHIUSD-PERP",
      "m" : "4611686018430988576"
    }, {
      "d" : "1756443315248729232",
      "t" : 1756443315248,
      "tn" : 1756443315248729232,
      "q" : "1",
      "p" : "0.7993",
      "s" : "sell",
      "i" : "SUSHIUSD-PERP",
      "m" : "4611686018430988575"
    }, {
      "d" : "1756443304686745943",
      "t" : 1756443304686,
      "tn" : 1756443304686745943,
      "q" : "1",
      "p" : "0.7993",
      "s" : "sell",
      "i" : "SUSHIUSD-PERP",
      "m" : "4611686018430988574"
    } ]
  }
}