{
  "id" : -1,
  "method" : "public/get-trades",
  "code" : 0,
  "result" : {
    "data" : [ {
      "d" : "1756460271896357045",
      "t" : 1756460271896,
      "tn" : 1756460271896357045,
      "q" : "40519.3",
      "p" : "0.1233",
      "s" : "buy",
      "i" : "SYN_USD",
      "m" : "4611686018429672010"
    }, {
      "d" : "1756460271886645646",
      "t" : 1756460271886,
      "tn" : 1756460271886645646,
      "q" : "574.5",
      "p" : "0.1233",
      "s" : "sell",
      "i" : "SYN_USD",
      "m" : "4611686018429672009"
    }, {
      "d" : "1756457752350531974",
      "t" : 1756457752350,
      "tn" : 1756457752350531974,
      "q" : "99.4",
      "p" : "0.1238",
      "s" : "sell",
      "i" : "SYN_USD",
      "m" : "4611686018429672008"
    }, {
      "d" : "1756443458721750475",
      "t" : 1756443458721,
      "tn" : 1756443458721750475,
      "q" : "308.2",
      "p" : "0.1298",
      "s" : "sell",
      "i" : "SYN_USD",
      "m" : "4611686018429672007"
    }, {
      "d" : "1756443458703290367",
      "t" : 1756443458703,
      "tn" : 1756443458703290367,
      "q" : "616.3",
      "p" : "0.1298",
      "s" : "sell",
      "i" : "SYN_USD",
      "m" : "4611686018429672006"
    }, {
      "d" : "1756443158364698669",
      "t" : 1756443158364,
      "tn" : 1756443158364698669,
      "q" : "306.5",
      "p" : "0.1305",
      "s" : "sell",
      "i" : "SYN_USD",
      "m" : "4611686018429672005"
    }, {
      "d" : "1756443073213751712",
      "t" : 1756443073213,
      "tn" : 1756443073213751712,
      "q" : "2740.8",
      "p" : "0.1305",
      "s" : "sell",
      "i" : "SYN_USD",
      "m" : "4611686018429672004"
    }, {
      "d" : "1756441109858342216",
      "t" : 1756441109858,
      "tn" : 1756441109858342216,
      "q" : "9.8",
      "p" : "0.1309",
      "s" : "buy",
      "i" : "SYN_USD",
      "m" : "4611686018429672003"
    }, {
      "d" : "1756441057058122540",
      "t" : 1756441057058,
      "tn" : 1756441057058122540,
      "q" : "8.7",
      "p" : "0.1308",
      "s" : "buy",
      "i" : "SYN_USD",
      "m" : "4611686018429672002"
    }, {
      "d" : "1756441031049393729",
      "t" : 1756441031049,
      "tn" : 1756441031049393729,
      "q" : "13.4",
      "p" : "0.1308",
      "s" : "buy",
      "i" : "SYN_USD",
      "m" : "4611686018429672001"
    }, {
      "d" : "1756440389810912040",
      "t" : 1756440389810,
      "tn" : 1756440389810912040,
      "q" : "247.7",
      "p" : "0.1309",
      "s" : "buy",
      "i" : "SYN_USD",
      "m" : "4611686018429672000"
    }, {
      "d" : "1756435673507921564",
      "t" : 1756435673507,
      "tn" : 1756435673507921564,
      "q" : "501.9",
      "p" : "0.1307",
      "s" : "sell",
      "i" : "SYN_USD",
      "m" : "4611686018429671999"
    }, {
      "d" : "1756435673502649141",
      "t" : 1756435673502,
      "tn" : 1756435673502649141,
      "q" : "1100.0",
      "p" : "0.1307",
      "s" : "sell",
      "i" : "SYN_USD",
      "m" : "4611686018429671998"
    }, {
      "d" : "1756435673502647373",
      "t" : 1756435673502,
      "tn" : 1756435673502647373,
      "q" : "460.0",
      "p" : "0.1307",
      "s" : "sell",
      "i" : "SYN_USD",
      "m" : "4611686018429671997"
    }, {
      "d" : "1756435673493548623",
      "t" : 1756435673493,
      "tn" : 1756435673493548623,
      "q" : "800.0",
      "p" : "0.1307",
      "s" : "sell",
      "i" : "SYN_USD",
      "m" : "4611686018429671996"
    }, {
      "d" : "1756435673493545919",
      "t" : 1756435673493,
      "tn" : 1756435673493545919,
      "q" : "2900.0",
      "p" : "0.1307",
      "s" : "sell",
      "i" : "SYN_USD",
      "m" : "4611686018429671995"
    }, {
      "d" : "1756435673493543724",
      "t" : 1756435673493,
      "tn" : 1756435673493543724,
      "q" : "1100.0",
      "p" : "0.1307",
      "s" : "sell",
      "i" : "SYN_USD",
      "m" : "4611686018429671994"
    }, {
      "d" : "1756435673493541315",
      "t" : 1756435673493,
      "tn" : 1756435673493541315,
      "q" : "2900.0",
      "p" : "0.1307",
      "s" : "sell",
      "i" : "SYN_USD",
      "m" : "4611686018429671993"
    }, {
      "d" : "1756435673475359894",
      "t" : 1756435673475,
      "tn" : 1756435673475359894,
      "q" : "1700.0",
      "p" : "0.1307",
      "s" : "sell",
      "i" : "SYN_USD",
      "m" : "4611686018429671992"
    }, {
      "d" : "1756435673475354926",
      "t" : 1756435673475,
      "tn" : 1756435673475354926,
      "q" : "600.0",
      "p" : "0.1307",
      "s" : "sell",
      "i" : "SYN_USD",
      "m" : "4611686018429671991"
    }, {
      "d" : "1756435673464960092",
      "t" : 1756435673464,
      "tn" : 1756435673464960092,
      "q" : "170.0",
      "p" : "0.1307",
      "s" : "sell",
      "i" : "SYN_USD",
      "m" : "4611686018429671990"
    }, {
      "d" : "1756435673455025852",
      "t" : 1756435673455,
      "tn" : 1756435673455025852,
      "q" : "3400.0",
      "p" : "0.1307",
      "s" : "sell",
      "i" : "SYN_USD",
      "m" : "4611686018429671989"
    }, {
      "d" : "1756435672039412619",
      "t" : 1756435672039,
      "tn" : 1756435672039412619,
      "q" : "820.0",
      "p" : "0.1307",
      "s" : "sell",
      "i" : "SYN_USD",
      "m" : "4611686018429671988"
    }, {
      "d" : "1756435672031418242",
      "t" : 1756435672031,
      "tn" : 1756435672031418242,
      "q" : "5859.0",
      "p" : "0.1307",
      "s" : "sell",
      "i" : "SYN_USD",
      "m" : "4611686018429671987"
    }, {
      "d" : "1756435672024422808",
      "t" : 1756435672024,
      "tn" : 1756435672024422808,
      "q" : "7100.0",
      "p" : "0.1307",
      "s" : "sell",
      "i" : "SYN_USD",
      "m" : "4611686018429671986"
    }, {
      "d" : "1756435672019970519",
      "t" : 1756435672019,
      "tn" : 1756435672019970519,
      "q" : "870.0",
      "p" : "0.1307",
      "s" : "sell",
      "i" : "SYN_USD",
      "m" : "4611686018429671985"
    }, {
      "d" : "1756435672016311715",
      "t" : 1756435672016,
      "tn" : 1756435672016311715,
      "q" : "3284.0",
      "p" : "0.1307",
      "s" : "sell",
      "i" : "SYN_USD",
      "m" : "4611686018429671984"
    }, {
      "d" : "1756435670002564741",
      "t" : 1756435670002,
      "tn" : 1756435670002564741,
      "q" : "2274.2",
      "p" : "0.1307",
      "s" : "sell",
      "i" : "SYN_USD",
      "m" : "4611686018429671983"
    }, {
      "d" : "1756435670001975233",
      "t" : 1756435670001,
      "tn" : 1756435670001975233,
      "q" : "800.0",
      "p" : "0.1307",
      "s" : "sell",
      "i" : "SYN_USD",
      "m" : "4611686018429671982"
    }, {
      "d" : "1756435669992310927",
      "t" : 1756435669992,
      "tn" : 1756435669992310927,
      "q" : "6715.0",
      "p" : "0.1307",
      "s" : "sell",
      "i" : "SYN_USD",
      "m" : "4611686018429671981"
    }, {
      "d" : "1756435669991365048",
      "t" : 1756435669991,
      "tn" : 1756435669991365048,
      "q" : "6500.0",
      "p" : "0.1307",
      "s" : "sell",
      "i" : "SYN_USD",
      "m" : "4611686018429671980"
    }, {
      "d" : "1756435669974215892",
      "t" : 1756435669974,
      "tn" : 1756435669974215892,
      "q" : "1643.8",
      "p" : "0.1307",
      "s" : "buy",
      "i" : "SYN_USD",
      "m" : "4611686018429671979"
    }, {
      "d" : "1756435668074582790",
      "t" : 1756435668074,
      "tn" : 1756435668074582790,
      "q" : "1979.3",
      "p" : "0.1304",
      "s" : "sell",
      "i" : "SYN_USD",
      "m" : "4611686018429671978"
    }, {
      "d" : "1756435668070880499",
      "t" : 1756435668070,
      "tn" : 1756435668070880499,
      "q" : "2637.0",
      "p" : "0.1304",
      "s" : "sell",
      "i" : "SYN_USD",
      "m" : "4611686018429671977"
    }, {
      "d" : "1756435668069337732",
      "t" : 1756435668069,
      "tn" : 1756435668069337732,
      "q" : "600.0",
      "p" : "0.1304",
      "s" : "sell",
      "i" : "SYN_USD",
      "m" : "4611686018429671976"
    }, {
      "d" : "1756435668067137056",
      "t" : 1756435668067,
      "tn" : 1756435668067137056,
      "q" : "2415.0",
      "p" : "0.1304",
      "s" : "sell",
      "i" : "SYN_USD",
      "m" : "4611686018429671975"
    }, {
      "d" : "1756435668061170719",
      "t" : 1756435668061,
      "tn" : 1756435668061170719,
      "q" : "5000.0",
      "p" : "0.1304",
      "s" : "sell",
      "i" : "SYN_USD",
      "m" : "4611686018429671974"
    }, {
      "d" : "1756435668046381944",
      "t" : 1756435668046,
      "tn" : 1756435668046381944,
      "q" : "5301.7",
      "p" : "0.1304",
      "s" : "buy",
      "i" : "SYN_USD",
      "m" : "4611686018429671973"
    }, {
      "d" : "1756435664828624198",
      "t" : 1756435664828,
      "tn" : 1756435664828624198,
      "q" : "3489.0",
      "p" : "0.1303",
      "s" : "sell",
      "i" : "SYN_USD",
      "m" : "4611686018429671972"
    }, {
      "d" : "1756435664824737072",
      "t" : 1756435664824,
      "tn" : 1756435664824737072,
      "q" : "1600.0",
      "p" : "0.1303",
      "s" : "sell",
      "i" : "SYN_USD",
      "m" : "4611686018429671971"
    }, {
      "d" : "1756435664821799021",
      "t" : 1756435664821,
      "tn" : 1756435664821799021,
      "q" : "4147.0",
      "p" : "0.1303",
      "s" : "sell",
      "i" : "SYN_USD",
      "m" : "4611686018429671970"
    }, {
      "d" : "1756435664811227540",
      "t" : 1756435664811,
      "tn" : 1756435664811227540,
      "q" : "1121.0",
      "p" : "0.1303",
      "s" : "sell",
      "i" : "SYN_USD",
      "m" : "4611686018429671969"
    }, {
      "d" : "1756435664811224471",
      "t" : 1756435664811,
      "tn" : 1756435664811224471,
      "q" : "617.0",
      "p" : "0.1303",
      "s" : "sell",
      "i" : "SYN_USD",
      "m" : "4611686018429671968"
    }, {
      "d" : "1756435664798567040",
      "t" : 1756435664798,
      "tn" : 1756435664798567040,
      "q" : "800.0",
      "p" : "0.1303",
      "s" : "sell",
      "i" : "SYN_USD",
      "m" : "4611686018429671967"
    }, {
      "d" : "1756435664780485973",
      "t" : 1756435664780,
      "tn" : 1756435664780485973,
      "q" : "6159.0",
      "p" : "0.1303",
      "s" : "sell",
      "i" : "SYN_USD",
      "m" : "4611686018429671966"
    }, {
      "d" : "1756435492687968225",
      "t" : 1756435492687,
      "tn" : 1756435492687968225,
      "q" : "6806.7",
      "p" : "0.1307",
      "s" : "buy",
      "i" : "SYN_USD",
      "m" : "4611686018429671965"
    }, {
      "d" : "1756435488569092887",
      "t" : 1756435488569,
      "tn" : 1756435488569092887,
      "q" : "5301.7",
      "p" : "0.1305",
      "s" : "buy",
      "i" : "SYN_USD",
      "m" : "4611686018429671964"
    }, {
      "d" : "1756435484994018338",
      "t" : 1756435484994,
      "tn" : 1756435484994018338,
      "q" : "110.0",
      "p" : "0.1304",
      "s" : "sell",
      "i" : "SYN_USD",
      "m" : "4611686018429671963"
    }, {
      "d" : "1756435484600902634",
      "t" : 1756435484600,
      "tn" : 1756435484600902634,
      "q" : "110.0",
      "p" : "0.1303",
      "s" : "sell",
      "i" : "SYN_USD",
      "m" : "4611686018429671962"
    }, {
      "d" : "1756435484319541618",
      "t" : 1756435484319,
      "tn" : 1756435484319541618,
      "q" : "110.0",
      "p" : "0.1303",
      "s" : "sell",
      "i" : "SYN_USD",
      "m" : "4611686018429671961"
    }, {
      "d" : "1756435484201223890",
      "t" : 1756435484201,
      "tn" : 1756435484201223890,
      "q" : "1200.0",
      "p" : "0.1303",
      "s" : "sell",
      "i" : "SYN_USD",
      "m" : "4611686018429671960"
    }, {
      "d" : "1756435484197303801",
      "t" : 1756435484197,
      "tn" : 1756435484197303801,
      "q" : "455.0",
      "p" : "0.1303",
      "s" : "sell",
      "i" : "SYN_USD",
      "m" : "4611686018429671959"
    }, {
      "d" : "1756435484197301406",
      "t" : 1756435484197,
      "tn" : 1756435484197301406,
      "q" : "191.0",
      "p" : "0.1303",
      "s" : "sell",
      "i" : "SYN_USD",
      "m" : "4611686018429671958"
    }, {
      "d" : "1756435484195922064",
      "t" : 1756435484195,
      "tn" : 1756435484195922064,
      "q" : "966.3",
      "p" : "0.1303",
      "s" : "sell",
      "i" : "SYN_USD",
      "m" : "4611686018429671957"
    }, {
      "d" : "1756435484195920755",
      "t" : 1756435484195,
      "tn" : 1756435484195920755,
      "q" : "1533.7",
      "p" : "0.1304",
      "s" : "sell",
      "i" : "SYN_USD",
      "m" : "4611686018429671956"
    }, {
      "d" : "1756435484183512538",
      "t" : 1756435484183,
      "tn" : 1756435484183512538,
      "q" : "3161.0",
      "p" : "0.1303",
      "s" : "sell",
      "i" : "SYN_USD",
      "m" : "4611686018429671955"
    }, {
      "d" : "1756435484183452275",
      "t" : 1756435484183,
      "tn" : 1756435484183452275,
      "q" : "489.0",
      "p" : "0.1303",
      "s" : "sell",
      "i" : "SYN_USD",
      "m" : "4611686018429671954"
    }, {
      "d" : "1756435484183431590",
      "t" : 1756435484183,
      "tn" : 1756435484183431590,
      "q" : "841.0",
      "p" : "0.1303",
      "s" : "sell",
      "i" : "SYN_USD",
      "m" : "4611686018429671953"
    }, {
      "d" : "1756435484162719925",
      "t" : 1756435484162,
      "tn" : 1756435484162719925,
      "q" : "7173.0",
      "p" : "0.1303",
      "s" : "sell",
      "i" : "SYN_USD",
      "m" : "4611686018429671952"
    }, {
      "d" : "1756435469669267632",
      "t" : 1756435469669,
      "tn" : 1756435469669267632,
      "q" : "6806.7",
      "p" : "0.1306",
      "s" : "buy",
      "i" : "SYN_USD",
      "m" : "4611686018429671951"
    }, {
      "d" : "1756435425017303245",
      "t" : 1756435425017,
      "tn" : 1756435425017303245,
      "q" : "6806.7",
      "p" : "0.1305",
      "s" : "buy",
      "i" : "SYN_USD",
      "m" : "4611686018429671950"
    }, {
      "d" : "1756435421777577571",
      "t" : 1756435421777,
      "tn" : 1756435421777577571,
      "q" : "5301.7",
      "p" : "0.1303",
      "s" : "buy",
      "i" : "SYN_USD",
      "m" : "4611686018429671949"
    }, {
      "d" : "1756435269823889072",
      "t" : 1756435269823,
      "tn" : 1756435269823889072,
      "q" : "6806.7",
      "p" : "0.1305",
      "s" : "buy",
      "i" : "SYN_USD",
      "m" : "4611686018429671948"
    }, {
      "d" : "1756435081207474758",
      "t" : 1756435081207,
      "tn" : 1756435081207474757,
      "q" : "6806.7",
      "p" : "0.1302",
      "s" : "buy",
      "i" : "SYN_USD",
      "m" : "4611686018429671947"
    }, {
      "d" : "1756435081207474757",
      "t" : 1756435081207,
      "tn" : 1756435081207474757,
      "q" : "5301.7",
      "p" : "0.1302",
      "s" : "buy",
      "i" : "SYN_USD",
      "m" : "4611686018429671947"
    }, {
      "d" : "1756434826900497090",
      "t" : 1756434826900,
      "tn" : 1756434826900497090,
      "q" : "190.4",
      "p" : "0.1302",
      "s" : "buy",
      "i" : "SYN_USD",
      "m" : "4611686018429671946"
    }, {
      "d" : "1756434821782413718",
      "t" : 1756434821782,
      "tn" : 1756434821782413718,
      "q" : "512.1",
      "p" : "0.1302",
      "s" : "buy",
      "i" : "SYN_USD",
      "m" : "4611686018429671945"
    }, {
      "d" : "1756434818657274970",
      "t" : 1756434818657,
      "tn" : 1756434818657274970,
      "q" : "1064.1",
      "p" : "0.1302",
      "s" : "buy",
      "i" : "SYN_USD",
      "m" : "4611686018429671944"
    }, {
      "d" : "1756434628064952247",
      "t" : 1756434628064,
      "tn" : 1756434628064952246,
      "q" : "5301.7",
      "p" : "0.1303",
      "s" : "buy",
      "i" : "SYN_USD",
      "m" : "4611686018429671943"
    }, {
      "d" : "1756434628064952246",
      "t" : 1756434628064,
      "tn" : 1756434628064952246,
      "q" : "2411.2",
      "p" : "0.1303",
      "s" : "buy",
      "i" : "SYN_USD",
      "m" : "4611686018429671943"
    }, {
      "d" : "1756434482747170121",
      "t" : 1756434482747,
      "tn" : 1756434482747170121,
      "q" : "432.1",
      "p" : "0.1306",
      "s" : "sell",
      "i" : "SYN_USD",
      "m" : "4611686018429671942"
    }, {
      "d" : "1756434474364934218",
      "t" : 1756434474364,
      "tn" : 1756434474364934218,
      "q" : "110.0",
      "p" : "0.1305",
      "s" : "sell",
      "i" : "SYN_USD",
      "m" : "4611686018429671941"
    }, {
      "d" : "1756434471107719987",
      "t" : 1756434471107,
      "tn" : 1756434471107719987,
      "q" : "240.0",
      "p" : "0.1304",
      "s" : "sell",
      "i" : "SYN_USD",
      "m" : "4611686018429671940"
    }, {
      "d" : "1756434471102948137",
      "t" : 1756434471102,
      "tn" : 1756434471102948137,
      "q" : "1601.0",
      "p" : "0.1304",
      "s" : "sell",
      "i" : "SYN_USD",
      "m" : "4611686018429671939"
    }, {
      "d" : "1756434471096125790",
      "t" : 1756434471096,
      "tn" : 1756434471096125790,
      "q" : "1500.0",
      "p" : "0.1304",
      "s" : "sell",
      "i" : "SYN_USD",
      "m" : "4611686018429671938"
    }, {
      "d" : "1756434471085026629",
      "t" : 1756434471085,
      "tn" : 1756434471085026629,
      "q" : "5301.7",
      "p" : "0.1304",
      "s" : "buy",
      "i" : "SYN_USD",
      "m" : "4611686018429671937"
    }, {
      "d" : "1756434468640974122",
      "t" : 1756434468640,
      "tn" : 1756434468640974122,
      "q" : "1422.5",
      "p" : "0.1303",
      "s" : "sell",
      "i" : "SYN_USD",
      "m" : "4611686018429671936"
    }, {
      "d" : "1756434468640503137",
      "t" : 1756434468640,
      "tn" : 1756434468640503137,
      "q" : "1500.0",
      "p" : "0.1303",
      "s" : "sell",
      "i" : "SYN_USD",
      "m" : "4611686018429671935"
    }, {
      "d" : "1756434468640467847",
      "t" : 1756434468640,
      "tn" : 1756434468640467847,
      "q" : "250.0",
      "p" : "0.1303",
      "s" : "sell",
      "i" : "SYN_USD",
      "m" : "4611686018429671934"
    }, {
      "d" : "1756434468640461110",
      "t" : 1756434468640,
      "tn" : 1756434468640461110,
      "q" : "1500.0",
      "p" : "0.1303",
      "s" : "sell",
      "i" : "SYN_USD",
      "m" : "4611686018429671933"
    }, {
      "d" : "1756434468623420927",
      "t" : 1756434468623,
      "tn" : 1756434468623420927,
      "q" : "1660.0",
      "p" : "0.1303",
      "s" : "sell",
      "i" : "SYN_USD",
      "m" : "4611686018429671932"
    }, {
      "d" : "1756434468619004279",
      "t" : 1756434468619,
      "tn" : 1756434468619004279,
      "q" : "1454.0",
      "p" : "0.1303",
      "s" : "sell",
      "i" : "SYN_USD",
      "m" : "4611686018429671931"
    }, {
      "d" : "1756434468603010179",
      "t" : 1756434468603,
      "tn" : 1756434468603010179,
      "q" : "9632.2",
      "p" : "0.1303",
      "s" : "sell",
      "i" : "SYN_USD",
      "m" : "4611686018429671930"
    }, {
      "d" : "1756434468598765977",
      "t" : 1756434468598,
      "tn" : 1756434468598765977,
      "q" : "514.3",
      "p" : "0.1303",
      "s" : "buy",
      "i" : "SYN_USD",
      "m" : "4611686018429671929"
    }, {
      "d" : "1756434465482716942",
      "t" : 1756434465482,
      "tn" : 1756434465482716942,
      "q" : "1924.5",
      "p" : "0.1299",
      "s" : "buy",
      "i" : "SYN_USD",
      "m" : "4611686018429671928"
    }, {
      "d" : "1756432316936157632",
      "t" : 1756432316936,
      "tn" : 1756432316936157632,
      "q" : "40.1",
      "p" : "0.1295",
      "s" : "buy",
      "i" : "SYN_USD",
      "m" : "4611686018429671927"
    }, {
      "d" : "1756431620669289649",
      "t" : 1756431620669,
      "tn" : 1756431620669289649,
      "q" : "158.6",
      "p" : "0.1286",
      "s" : "sell",
      "i" : "SYN_USD",
      "m" : "4611686018429671926"
    }, {
      "d" : "1756426537003468018",
      "t" : 1756426537003,
      "tn" : 1756426537003468018,
      "q" : "2967.5",
      "p" : "0.1305",
      "s" : "buy",
      "i" : "SYN_USD",
      "m" : "4611686018429671925"
    }, {
      "d" : "1756426536998995496",
      "t" : 1756426536998,
      "tn" : 1756426536998995496,
      "q" : "1532.5",
      "p" : "0.1305",
      "s" : "sell",
      "i" : "SYN_USD",
      "m" : "4611686018429671924"
    }, {
      "d" : "1756425876810675580",
      "t" : 1756425876810,
      "tn" : 1756425876810675580,
      "q" : "120.8",
      "p" : "0.1316",
      "s" : "buy",
      "i" : "SYN_USD",
      "m" : "4611686018429671923"
    }, {
      "d" : "1756425699841362351",
      "t" : 1756425699841,
      "tn" : 1756425699841362351,
      "q" : "11.4",
      "p" : "0.1318",
      "s" : "buy",
      "i" : "SYN_USD",
      "m" : "4611686018429671922"
    }, {
      "d" : "1756424796815199833",
      "t" : 1756424796815,
      "tn" : 1756424796815199833,
      "q" : "604.7",
      "p" : "0.1309",
      "s" : "buy",
      "i" : "SYN_USD",
      "m" : "4611686018429671921"
    }, {
      "d" : "1756424497790462090",
      "t" : 1756424497790,
      "tn" : 1756424497790462090,
      "q" : "130.0",
      "p" : "0.1307",
      "s" : "sell",
      "i" : "SYN_USD",
      "m" : "4611686018429671920"
    }, {
      "d" : "1756421858411764203",
      "t" : 1756421858411,
      "tn" : 1756421858411764203,
      "q" : "150.0",
      "p" : "0.1304",
      "s" : "sell",
      "i" : "SYN_USD",
      "m" : "4611686018429671919"
    }, {
      "d" : "1756418995060068498",
      "t" : 1756418995060,
      "tn" : 1756418995060068498,
      "q" : "130.0",
      "p" : "0.1309",
      "s" : "buy",
      "i" : "SYN_USD",
      "m" : "4611686018429671918"
    }, {
      "d" : "1756418867687830976",
      "t" : 1756418867687,
      "tn" : 1756418867687830976,
      "q" : "128.9",
      "p" : "0.1303",
      "s" : "buy",
      "i" : "SYN_USD",
      "m" : "4611686018429671917"
    }, {
      "d" : "1756417226800519086",
      "t" : 1756417226800,
      "tn" : 1756417226800519085,
      "q" : "399.0",
      "p" : "0.1291",
      "s" : "sell",
      "i" : "SYN_USD",
      "m" : "4611686018429671916"
    }, {
      "d" : "1756417226800519085",
      "t" : 1756417226800,
      "tn" : 1756417226800519085,
      "q" : "561.1",
      "p" : "0.1291",
      "s" : "sell",
      "i" : "SYN_USD",
      "m" : "4611686018429671916"
    }, {
      "d" : "1756414315846593564",
      "t" : 1756414315846,
      "tn" : 1756414315846593564,
      "q" : "28.7",
      "p" : "0.1287",
      "s" : "sell",
      "i" : "SYN_USD",
      "m" : "4611686018429671915"
    }, {
      "d" : "1756414125712466012",
      "t" : 1756414125712,
      "tn" : 1756414125712466012,
      "q" : "114.0",
      "p" : "0.1298",
      "s" : "buy",
      "i" : "SYN_USD",
      "m" : "4611686018429671914"
    }, {
      "d" : "1756411063011206464",
      "t" : 1756411063011,
      "tn" : 1756411063011206464,
      "q" : "49.5",
      "p" : "0.1287",
      "s" : "buy",
      "i" : "SYN_USD",
      "m" : "4611686018429671913"
    }, {
      "d" : "1756410674328393220",
      "t" : 1756410674328,
      "tn" : 1756410674328393220,
      "q" : "300.0",
      "p" : "0.1286",
      "s" : "buy",
      "i" : "SYN_USD",
      "m" : "4611686018429671912"
    }, {
      "d" : "1756410188505141395",
      "t" : 1756410188505,
      "tn" : 1756410188505141395,
      "q" : "115.7",
      "p" : "0.1286",
      "s" : "sell",
      "i" : "SYN_USD",
      "m" : "4611686018429671911"
    }, {
      "d" : "1756398957732496359",
      "t" : 1756398957732,
      "tn" : 1756398957732496359,
      "q" : "10.0",
      "p" : "0.1301",
      "s" : "sell",
      "i" : "SYN_USD",
      "m" : "4611686018429671910"
    }, {
      "d" : "1756397181688621720",
      "t" : 1756397181688,
      "tn" : 1756397181688621720,
      "q" : "73.2",
      "p" : "0.1311",
      "s" : "buy",
      "i" : "SYN_USD",
      "m" : "4611686018429671909"
    }, {
      "d" : "1756391223523073631",
      "t" : 1756391223523,
      "tn" : 1756391223523073631,
      "q" : "577.0",
      "p" : "0.1313",
      "s" : "sell",
      "i" : "SYN_USD",
      "m" : "4611686018429671908"
    }, {
      "d" : "1756388736027779497",
      "t" : 1756388736027,
      "tn" : 1756388736027779497,
      "q" : "2269.3",
      "p" : "0.1322",
      "s" : "sell",
      "i" : "SYN_USD",
      "m" : "4611686018429671907"
    }, {
      "d" : "1756387401366989483",
      "t" : 1756387401366,
      "tn" : 1756387401366989483,
      "q" : "1968.6",
      "p" : "0.1329",
      "s" : "buy",
      "i" : "SYN_USD",
      "m" : "4611686018429671906"
    }, {
      "d" : "1756386163326755138",
      "t" : 1756386163326,
      "tn" : 1756386163326755138,
      "q" : "1227.2",
      "p" : "0.1328",
      "s" : "sell",
      "i" : "SYN_USD",
      "m" : "4611686018429671905"
    }, {
      "d" : "1756385791505057554",
      "t" : 1756385791505,
      "tn" : 1756385791505057554,
      "q" : "1056.8",
      "p" : "0.1326",
      "s" : "buy",
      "i" : "SYN_USD",
      "m" : "4611686018429671904"
    }, {
      "d" : "1756385066445755225",
      "t" : 1756385066445,
      "tn" : 1756385066445755225,
      "q" : "17.1",
      "p" : "0.1328",
      "s" : "sell",
      "i" : "SYN_USD",
      "m" : "4611686018429671903"
    }, {
      "d" : "1756384211118248143",
      "t" : 1756384211118,
      "tn" : 1756384211118248143,
      "q" : "2787.5",
      "p" : "0.1332",
      "s" : "buy",
      "i" : "SYN_USD",
      "m" : "4611686018429671902"
    }, {
      "d" : "1756382460793890936",
      "t" : 1756382460793,
      "tn" : 1756382460793890936,
      "q" : "19.9",
      "p" : "0.1328",
      "s" : "sell",
      "i" : "SYN_USD",
      "m" : "4611686018429671901"
    }, {
      "d" : "1756382268890052726",
      "t" : 1756382268890,
      "tn" : 1756382268890052726,
      "q" : "1829.0",
      "p" : "0.1332",
      "s" : "buy",
      "i" : "SYN_USD",
      "m" : "4611686018429671900"
    }, {
      "d" : "1756378943064465417",
      "t" : 1756378943064,
      "tn" : 1756378943064465416,
      "q" : "61.0",
      "p" : "0.1324",
      "s" : "sell",
      "i" : "SYN_USD",
      "m" : "4611686018429671899"
    }, {
      "d" : "1756378943064465416",
      "t" : 1756378943064,
      "tn" : 1756378943064465416,
      "q" : "316.6",
      "p" : "0.1324",
      "s" : "sell",
      "i" : "SYN_USD",
      "m" : "4611686018429671899"
    }, {
      "d" : "1756378361312006491",
      "t" : 1756378361312,
      "tn" : 1756378361312006491,
      "q" : "218.0",
      "p" : "0.1324",
      "s" : "sell",
      "i" : "SYN_USD",
      "m" : "4611686018429671898"
    }, {
      "d" : "1756377789773153371",
      "t" : 1756377789773,
      "tn" : 1756377789773153371,
      "q" : "19.9",
      "p" : "0.1330",
      "s" : "buy",
      "i" : "SYN_USD",
      "m" : "4611686018429671897"
    }, {
      "d" : "1756376627368721056",
      "t" : 1756376627368,
      "tn" : 1756376627368721056,
      "q" : "41.3",
      "p" : "0.1322",
      "s" : "sell",
      "i" : "SYN_USD",
      "m" : "4611686018429671896"
    } ]
  }
}