{
  "id" : -1,
  "method" : "public/get-trades",
  "code" : 0,
  "result" : {
    "data" : [ {
      "d" : "1756437928775350505",
      "t" : 1756437928775,
      "tn" : 1756437928775350505,
      "q" : "3.4",
      "p" : "0.45500",
      "s" : "buy",
      "i" : "SYRUP_USD",
      "m" : "4611686018427389386"
    }, {
      "d" : "1756437928718922096",
      "t" : 1756437928718,
      "tn" : 1756437928718922096,
      "q" : "44.3",
      "p" : "0.45500",
      "s" : "buy",
      "i" : "SYRUP_USD",
      "m" : "4611686018427389385"
    }, {
      "d" : "1756437928709714356",
      "t" : 1756437928709,
      "tn" : 1756437928709714356,
      "q" : "44.3",
      "p" : "0.45500",
      "s" : "buy",
      "i" : "SYRUP_USD",
      "m" : "4611686018427389384"
    }, {
      "d" : "1756437928698972163",
      "t" : 1756437928698,
      "tn" : 1756437928698972163,
      "q" : "44.3",
      "p" : "0.45500",
      "s" : "buy",
      "i" : "SYRUP_USD",
      "m" : "4611686018427389383"
    }, {
      "d" : "1756437928688981881",
      "t" : 1756437928688,
      "tn" : 1756437928688981881,
      "q" : "44.3",
      "p" : "0.45500",
      "s" : "buy",
      "i" : "SYRUP_USD",
      "m" : "4611686018427389382"
    }, {
      "d" : "1756437928668782437",
      "t" : 1756437928668,
      "tn" : 1756437928668782437,
      "q" : "44.2",
      "p" : "0.45500",
      "s" : "buy",
      "i" : "SYRUP_USD",
      "m" : "4611686018427389381"
    }, {
      "d" : "1756437928646107703",
      "t" : 1756437928646,
      "tn" : 1756437928646107703,
      "q" : "44.2",
      "p" : "0.45500",
      "s" : "buy",
      "i" : "SYRUP_USD",
      "m" : "4611686018427389380"
    }, {
      "d" : "1756437928588744351",
      "t" : 1756437928588,
      "tn" : 1756437928588744351,
      "q" : "44.2",
      "p" : "0.45500",
      "s" : "buy",
      "i" : "SYRUP_USD",
      "m" : "4611686018427389379"
    }, {
      "d" : "1756437928575811991",
      "t" : 1756437928575,
      "tn" : 1756437928575811991,
      "q" : "44.2",
      "p" : "0.45500",
      "s" : "buy",
      "i" : "SYRUP_USD",
      "m" : "4611686018427389378"
    }, {
      "d" : "1756437928558013724",
      "t" : 1756437928558,
      "tn" : 1756437928558013724,
      "q" : "44.2",
      "p" : "0.45500",
      "s" : "buy",
      "i" : "SYRUP_USD",
      "m" : "4611686018427389377"
    }, {
      "d" : "1756437928455925764",
      "t" : 1756437928455,
      "tn" : 1756437928455925764,
      "q" : "44.2",
      "p" : "0.45500",
      "s" : "buy",
      "i" : "SYRUP_USD",
      "m" : "4611686018427389376"
    }, {
      "d" : "1756437928411716451",
      "t" : 1756437928411,
      "tn" : 1756437928411716451,
      "q" : "44.2",
      "p" : "0.45500",
      "s" : "buy",
      "i" : "SYRUP_USD",
      "m" : "4611686018427389375"
    }, {
      "d" : "1756437928384699773",
      "t" : 1756437928384,
      "tn" : 1756437928384699773,
      "q" : "44.2",
      "p" : "0.45500",
      "s" : "buy",
      "i" : "SYRUP_USD",
      "m" : "4611686018427389374"
    }, {
      "d" : "1756437928355418250",
      "t" : 1756437928355,
      "tn" : 1756437928355418250,
      "q" : "44.2",
      "p" : "0.45500",
      "s" : "buy",
      "i" : "SYRUP_USD",
      "m" : "4611686018427389373"
    }, {
      "d" : "1756437928251100635",
      "t" : 1756437928251,
      "tn" : 1756437928251100635,
      "q" : "44.2",
      "p" : "0.45500",
      "s" : "buy",
      "i" : "SYRUP_USD",
      "m" : "4611686018427389372"
    }, {
      "d" : "1756437928191135650",
      "t" : 1756437928191,
      "tn" : 1756437928191135650,
      "q" : "44.2",
      "p" : "0.45500",
      "s" : "buy",
      "i" : "SYRUP_USD",
      "m" : "4611686018427389371"
    }, {
      "d" : "1756437928157115305",
      "t" : 1756437928157,
      "tn" : 1756437928157115305,
      "q" : "44.2",
      "p" : "0.45500",
      "s" : "buy",
      "i" : "SYRUP_USD",
      "m" : "4611686018427389370"
    }, {
      "d" : "1756437928148051350",
      "t" : 1756437928148,
      "tn" : 1756437928148051350,
      "q" : "44.2",
      "p" : "0.45500",
      "s" : "buy",
      "i" : "SYRUP_USD",
      "m" : "4611686018427389369"
    }, {
      "d" : "1756437928127757690",
      "t" : 1756437928127,
      "tn" : 1756437928127757690,
      "q" : "44.2",
      "p" : "0.45500",
      "s" : "buy",
      "i" : "SYRUP_USD",
      "m" : "4611686018427389368"
    }, {
      "d" : "1756437928072550594",
      "t" : 1756437928072,
      "tn" : 1756437928072550594,
      "q" : "44.2",
      "p" : "0.45500",
      "s" : "buy",
      "i" : "SYRUP_USD",
      "m" : "4611686018427389367"
    }, {
      "d" : "1756419629337283717",
      "t" : 1756419629337,
      "tn" : 1756419629337283717,
      "q" : "6.8",
      "p" : "0.44616",
      "s" : "buy",
      "i" : "SYRUP_USD",
      "m" : "4611686018427389366"
    }, {
      "d" : "1756419621979972443",
      "t" : 1756419621979,
      "tn" : 1756419621979972443,
      "q" : "27.2",
      "p" : "0.44616",
      "s" : "buy",
      "i" : "SYRUP_USD",
      "m" : "4611686018427389365"
    }, {
      "d" : "1756419617749744238",
      "t" : 1756419617749,
      "tn" : 1756419617749744238,
      "q" : "108.5",
      "p" : "0.44616",
      "s" : "buy",
      "i" : "SYRUP_USD",
      "m" : "4611686018427389364"
    }, {
      "d" : "1756419611451661846",
      "t" : 1756419611451,
      "tn" : 1756419611451661846,
      "q" : "434.1",
      "p" : "0.44616",
      "s" : "buy",
      "i" : "SYRUP_USD",
      "m" : "4611686018427389363"
    }, {
      "d" : "1756419593144026071",
      "t" : 1756419593144,
      "tn" : 1756419593144026070,
      "q" : "562.2",
      "p" : "0.44616",
      "s" : "buy",
      "i" : "SYRUP_USD",
      "m" : "4611686018427389362"
    }, {
      "d" : "1756419593144026070",
      "t" : 1756419593144,
      "tn" : 1756419593144026070,
      "q" : "16.5",
      "p" : "0.44616",
      "s" : "buy",
      "i" : "SYRUP_USD",
      "m" : "4611686018427389362"
    }, {
      "d" : "1756403975168028807",
      "t" : 1756403975168,
      "tn" : 1756403975168028806,
      "q" : "1046.0",
      "p" : "0.43159",
      "s" : "sell",
      "i" : "SYRUP_USD",
      "m" : "4611686018427389361"
    }, {
      "d" : "1756403975168028806",
      "t" : 1756403975168,
      "tn" : 1756403975168028806,
      "q" : "26.3",
      "p" : "0.43159",
      "s" : "sell",
      "i" : "SYRUP_USD",
      "m" : "4611686018427389361"
    } ]
  }
}