{
  "id" : -1,
  "method" : "public/get-trades",
  "code" : 0,
  "result" : {
    "data" : [ {
      "d" : "1756455202924169738",
      "t" : 1756455202924,
      "tn" : 1756455202924169738,
      "q" : "1810",
      "p" : "0.015995",
      "s" : "sell",
      "i" : "T_USD",
      "m" : "4611686018429957021"
    }, {
      "d" : "1756449604602087316",
      "t" : 1756449604602,
      "tn" : 1756449604602087316,
      "q" : "870",
      "p" : "0.016399",
      "s" : "sell",
      "i" : "T_USD",
      "m" : "4611686018429957020"
    }, {
      "d" : "1756449604527081909",
      "t" : 1756449604527,
      "tn" : 1756449604527081909,
      "q" : "4040",
      "p" : "0.016398",
      "s" : "sell",
      "i" : "T_USD",
      "m" : "4611686018429957019"
    }, {
      "d" : "1756449604527080175",
      "t" : 1756449604527,
      "tn" : 1756449604527080175,
      "q" : "1450",
      "p" : "0.016399",
      "s" : "sell",
      "i" : "T_USD",
      "m" : "4611686018429957018"
    }, {
      "d" : "1756449604527076606",
      "t" : 1756449604527,
      "tn" : 1756449604527076606,
      "q" : "520",
      "p" : "0.016400",
      "s" : "sell",
      "i" : "T_USD",
      "m" : "4611686018429957017"
    }, {
      "d" : "1756449559025876874",
      "t" : 1756449559025,
      "tn" : 1756449559025876874,
      "q" : "14670",
      "p" : "0.016486",
      "s" : "buy",
      "i" : "T_USD",
      "m" : "4611686018429957016"
    }, {
      "d" : "1756449559025874955",
      "t" : 1756449559025,
      "tn" : 1756449559025874954,
      "q" : "15400",
      "p" : "0.016485",
      "s" : "buy",
      "i" : "T_USD",
      "m" : "4611686018429957015"
    }, {
      "d" : "1756449559025874954",
      "t" : 1756449559025,
      "tn" : 1756449559025874954,
      "q" : "24260",
      "p" : "0.016485",
      "s" : "buy",
      "i" : "T_USD",
      "m" : "4611686018429957015"
    }, {
      "d" : "1756449559025870572",
      "t" : 1756449559025,
      "tn" : 1756449559025870572,
      "q" : "5810",
      "p" : "0.016484",
      "s" : "buy",
      "i" : "T_USD",
      "m" : "4611686018429957014"
    }, {
      "d" : "1756449559025867771",
      "t" : 1756449559025,
      "tn" : 1756449559025867771,
      "q" : "520",
      "p" : "0.016483",
      "s" : "buy",
      "i" : "T_USD",
      "m" : "4611686018429957013"
    }, {
      "d" : "1756430096401559881",
      "t" : 1756430096401,
      "tn" : 1756430096401559881,
      "q" : "970",
      "p" : "0.016458",
      "s" : "sell",
      "i" : "T_USD",
      "m" : "4611686018429957012"
    }, {
      "d" : "1756427669286933078",
      "t" : 1756427669286,
      "tn" : 1756427669286933078,
      "q" : "110",
      "p" : "0.016514",
      "s" : "buy",
      "i" : "T_USD",
      "m" : "4611686018429957011"
    }, {
      "d" : "1756427669286245248",
      "t" : 1756427669286,
      "tn" : 1756427669286245248,
      "q" : "1820",
      "p" : "0.016514",
      "s" : "buy",
      "i" : "T_USD",
      "m" : "4611686018429957010"
    }, {
      "d" : "1756427669278975426",
      "t" : 1756427669278,
      "tn" : 1756427669278975426,
      "q" : "520",
      "p" : "0.016514",
      "s" : "sell",
      "i" : "T_USD",
      "m" : "4611686018429957009"
    }, {
      "d" : "1756427333366468649",
      "t" : 1756427333366,
      "tn" : 1756427333366468649,
      "q" : "4910",
      "p" : "0.016611",
      "s" : "buy",
      "i" : "T_USD",
      "m" : "4611686018429957008"
    }, {
      "d" : "1756427333352370785",
      "t" : 1756427333352,
      "tn" : 1756427333352370785,
      "q" : "15730",
      "p" : "0.016612",
      "s" : "buy",
      "i" : "T_USD",
      "m" : "4611686018429957007"
    }, {
      "d" : "1756427333352369395",
      "t" : 1756427333352,
      "tn" : 1756427333352369395,
      "q" : "160",
      "p" : "0.016611",
      "s" : "buy",
      "i" : "T_USD",
      "m" : "4611686018429957006"
    }, {
      "d" : "1756426812652358523",
      "t" : 1756426812652,
      "tn" : 1756426812652358523,
      "q" : "360",
      "p" : "0.016580",
      "s" : "buy",
      "i" : "T_USD",
      "m" : "4611686018429957005"
    }, {
      "d" : "1756425629612172309",
      "t" : 1756425629612,
      "tn" : 1756425629612172309,
      "q" : "50",
      "p" : "0.016534",
      "s" : "buy",
      "i" : "T_USD",
      "m" : "4611686018429957004"
    }, {
      "d" : "1756425629610879722",
      "t" : 1756425629610,
      "tn" : 1756425629610879722,
      "q" : "3020",
      "p" : "0.016534",
      "s" : "buy",
      "i" : "T_USD",
      "m" : "4611686018429957003"
    }, {
      "d" : "1756425629604276340",
      "t" : 1756425629604,
      "tn" : 1756425629604276340,
      "q" : "500",
      "p" : "0.016534",
      "s" : "sell",
      "i" : "T_USD",
      "m" : "4611686018429957002"
    }, {
      "d" : "1756412991556872215",
      "t" : 1756412991556,
      "tn" : 1756412991556872215,
      "q" : "1900",
      "p" : "0.016361",
      "s" : "buy",
      "i" : "T_USD",
      "m" : "4611686018429957001"
    }, {
      "d" : "1756412351773715707",
      "t" : 1756412351773,
      "tn" : 1756412351773715707,
      "q" : "12810",
      "p" : "0.016329",
      "s" : "sell",
      "i" : "T_USD",
      "m" : "4611686018429957000"
    }, {
      "d" : "1756412351770183926",
      "t" : 1756412351770,
      "tn" : 1756412351770183926,
      "q" : "4220",
      "p" : "0.016329",
      "s" : "buy",
      "i" : "T_USD",
      "m" : "4611686018429956999"
    }, {
      "d" : "1756412310440332145",
      "t" : 1756412310440,
      "tn" : 1756412310440332145,
      "q" : "500",
      "p" : "0.016282",
      "s" : "buy",
      "i" : "T_USD",
      "m" : "4611686018429956998"
    }, {
      "d" : "1756409052226220475",
      "t" : 1756409052226,
      "tn" : 1756409052226220475,
      "q" : "520",
      "p" : "0.016336",
      "s" : "sell",
      "i" : "T_USD",
      "m" : "4611686018429956997"
    }, {
      "d" : "1756394208249023919",
      "t" : 1756394208249,
      "tn" : 1756394208249023919,
      "q" : "520",
      "p" : "0.016671",
      "s" : "buy",
      "i" : "T_USD",
      "m" : "4611686018429956996"
    }, {
      "d" : "1756394208235132079",
      "t" : 1756394208235,
      "tn" : 1756394208235132079,
      "q" : "6380",
      "p" : "0.016672",
      "s" : "buy",
      "i" : "T_USD",
      "m" : "4611686018429956995"
    }, {
      "d" : "1756388884987323772",
      "t" : 1756388884987,
      "tn" : 1756388884987323772,
      "q" : "760",
      "p" : "0.016498",
      "s" : "buy",
      "i" : "T_USD",
      "m" : "4611686018429956994"
    }, {
      "d" : "1756388884981857982",
      "t" : 1756388884981,
      "tn" : 1756388884981857982,
      "q" : "520",
      "p" : "0.016498",
      "s" : "sell",
      "i" : "T_USD",
      "m" : "4611686018429956993"
    }, {
      "d" : "1756386018474754820",
      "t" : 1756386018474,
      "tn" : 1756386018474754820,
      "q" : "18730",
      "p" : "0.016579",
      "s" : "sell",
      "i" : "T_USD",
      "m" : "4611686018429956992"
    }, {
      "d" : "1756386018468718354",
      "t" : 1756386018468,
      "tn" : 1756386018468718354,
      "q" : "22610",
      "p" : "0.016579",
      "s" : "buy",
      "i" : "T_USD",
      "m" : "4611686018429956991"
    }, {
      "d" : "1756386015071869554",
      "t" : 1756386015071,
      "tn" : 1756386015071869554,
      "q" : "28570",
      "p" : "0.016544",
      "s" : "sell",
      "i" : "T_USD",
      "m" : "4611686018429956990"
    }, {
      "d" : "1756386015064824040",
      "t" : 1756386015064,
      "tn" : 1756386015064824040,
      "q" : "520",
      "p" : "0.016544",
      "s" : "buy",
      "i" : "T_USD",
      "m" : "4611686018429956989"
    }, {
      "d" : "1756379696954652210",
      "t" : 1756379696954,
      "tn" : 1756379696954652210,
      "q" : "25910",
      "p" : "0.016408",
      "s" : "sell",
      "i" : "T_USD",
      "m" : "4611686018429956988"
    } ]
  }
}