{
  "id" : -1,
  "method" : "public/get-trades",
  "code" : 0,
  "result" : {
    "data" : [ {
      "d" : "1756461529442248981",
      "t" : 1756461529442,
      "tn" : 1756461529442248981,
      "q" : "364.2",
      "p" : "0.4117",
      "s" : "sell",
      "i" : "TAIKO_USD",
      "m" : "4611686018428254975"
    }, {
      "d" : "1756461529442246835",
      "t" : 1756461529442,
      "tn" : 1756461529442246835,
      "q" : "124.5",
      "p" : "0.4118",
      "s" : "sell",
      "i" : "TAIKO_USD",
      "m" : "4611686018428254974"
    }, {
      "d" : "1756461529442245206",
      "t" : 1756461529442,
      "tn" : 1756461529442245206,
      "q" : "2.9",
      "p" : "0.4119",
      "s" : "sell",
      "i" : "TAIKO_USD",
      "m" : "4611686018428254973"
    }, {
      "d" : "1756461529432434766",
      "t" : 1756461529432,
      "tn" : 1756461529432434766,
      "q" : "124.6",
      "p" : "0.4118",
      "s" : "sell",
      "i" : "TAIKO_USD",
      "m" : "4611686018428254972"
    }, {
      "d" : "1756461529432432071",
      "t" : 1756461529432,
      "tn" : 1756461529432432071,
      "q" : "2.9",
      "p" : "0.4119",
      "s" : "sell",
      "i" : "TAIKO_USD",
      "m" : "4611686018428254971"
    }, {
      "d" : "1756458152019391437",
      "t" : 1756458152019,
      "tn" : 1756458152019391437,
      "q" : "98.8",
      "p" : "0.4079",
      "s" : "sell",
      "i" : "TAIKO_USD",
      "m" : "4611686018428254970"
    }, {
      "d" : "1756457999816208955",
      "t" : 1756457999816,
      "tn" : 1756457999816208955,
      "q" : "95.5",
      "p" : "0.4097",
      "s" : "sell",
      "i" : "TAIKO_USD",
      "m" : "4611686018428254969"
    }, {
      "d" : "1756457846478804566",
      "t" : 1756457846478,
      "tn" : 1756457846478804566,
      "q" : "2.9",
      "p" : "0.4099",
      "s" : "sell",
      "i" : "TAIKO_USD",
      "m" : "4611686018428254968"
    }, {
      "d" : "1756457763310714448",
      "t" : 1756457763310,
      "tn" : 1756457763310714448,
      "q" : "2.9",
      "p" : "0.4103",
      "s" : "buy",
      "i" : "TAIKO_USD",
      "m" : "4611686018428254967"
    }, {
      "d" : "1756457524395351772",
      "t" : 1756457524395,
      "tn" : 1756457524395351772,
      "q" : "96.2",
      "p" : "0.4107",
      "s" : "sell",
      "i" : "TAIKO_USD",
      "m" : "4611686018428254966"
    }, {
      "d" : "1756457523993462381",
      "t" : 1756457523993,
      "tn" : 1756457523993462381,
      "q" : "97.7",
      "p" : "0.4109",
      "s" : "sell",
      "i" : "TAIKO_USD",
      "m" : "4611686018428254965"
    }, {
      "d" : "1756457523787746385",
      "t" : 1756457523787,
      "tn" : 1756457523787746385,
      "q" : "97.3",
      "p" : "0.4109",
      "s" : "sell",
      "i" : "TAIKO_USD",
      "m" : "4611686018428254964"
    }, {
      "d" : "1756457522865791853",
      "t" : 1756457522865,
      "tn" : 1756457522865791853,
      "q" : "98.8",
      "p" : "0.4115",
      "s" : "sell",
      "i" : "TAIKO_USD",
      "m" : "4611686018428254963"
    }, {
      "d" : "1756457522695478263",
      "t" : 1756457522695,
      "tn" : 1756457522695478263,
      "q" : "95.3",
      "p" : "0.4117",
      "s" : "sell",
      "i" : "TAIKO_USD",
      "m" : "4611686018428254962"
    }, {
      "d" : "1756456539894443509",
      "t" : 1756456539894,
      "tn" : 1756456539894443509,
      "q" : "2.9",
      "p" : "0.4126",
      "s" : "sell",
      "i" : "TAIKO_USD",
      "m" : "4611686018428254961"
    }, {
      "d" : "1756456539888635359",
      "t" : 1756456539888,
      "tn" : 1756456539888635359,
      "q" : "2.9",
      "p" : "0.4127",
      "s" : "sell",
      "i" : "TAIKO_USD",
      "m" : "4611686018428254960"
    }, {
      "d" : "1756454586181013483",
      "t" : 1756454586181,
      "tn" : 1756454586181013483,
      "q" : "2.9",
      "p" : "0.4157",
      "s" : "sell",
      "i" : "TAIKO_USD",
      "m" : "4611686018428254959"
    }, {
      "d" : "1756453545650918694",
      "t" : 1756453545650,
      "tn" : 1756453545650918694,
      "q" : "2.9",
      "p" : "0.4152",
      "s" : "sell",
      "i" : "TAIKO_USD",
      "m" : "4611686018428254958"
    }, {
      "d" : "1756453541577427176",
      "t" : 1756453541577,
      "tn" : 1756453541577427176,
      "q" : "2.9",
      "p" : "0.4152",
      "s" : "sell",
      "i" : "TAIKO_USD",
      "m" : "4611686018428254957"
    }, {
      "d" : "1756453540562444134",
      "t" : 1756453540562,
      "tn" : 1756453540562444134,
      "q" : "2.9",
      "p" : "0.4152",
      "s" : "sell",
      "i" : "TAIKO_USD",
      "m" : "4611686018428254956"
    }, {
      "d" : "1756453540448678865",
      "t" : 1756453540448,
      "tn" : 1756453540448678865,
      "q" : "2.9",
      "p" : "0.4152",
      "s" : "sell",
      "i" : "TAIKO_USD",
      "m" : "4611686018428254955"
    }, {
      "d" : "1756453530170463276",
      "t" : 1756453530170,
      "tn" : 1756453530170463276,
      "q" : "2.9",
      "p" : "0.4151",
      "s" : "sell",
      "i" : "TAIKO_USD",
      "m" : "4611686018428254954"
    }, {
      "d" : "1756453525167664016",
      "t" : 1756453525167,
      "tn" : 1756453525167664016,
      "q" : "2.9",
      "p" : "0.4151",
      "s" : "sell",
      "i" : "TAIKO_USD",
      "m" : "4611686018428254953"
    }, {
      "d" : "1756453521562973165",
      "t" : 1756453521562,
      "tn" : 1756453521562973165,
      "q" : "2.9",
      "p" : "0.4151",
      "s" : "sell",
      "i" : "TAIKO_USD",
      "m" : "4611686018428254952"
    }, {
      "d" : "1756453513920681058",
      "t" : 1756453513920,
      "tn" : 1756453513920681058,
      "q" : "2.9",
      "p" : "0.4149",
      "s" : "sell",
      "i" : "TAIKO_USD",
      "m" : "4611686018428254951"
    }, {
      "d" : "1756453512676634665",
      "t" : 1756453512676,
      "tn" : 1756453512676634665,
      "q" : "2.9",
      "p" : "0.4149",
      "s" : "sell",
      "i" : "TAIKO_USD",
      "m" : "4611686018428254950"
    }, {
      "d" : "1756453509967924839",
      "t" : 1756453509967,
      "tn" : 1756453509967924839,
      "q" : "2.9",
      "p" : "0.4149",
      "s" : "sell",
      "i" : "TAIKO_USD",
      "m" : "4611686018428254949"
    }, {
      "d" : "1756453508430705087",
      "t" : 1756453508430,
      "tn" : 1756453508430705087,
      "q" : "2.9",
      "p" : "0.4149",
      "s" : "sell",
      "i" : "TAIKO_USD",
      "m" : "4611686018428254948"
    }, {
      "d" : "1756453507543677863",
      "t" : 1756453507543,
      "tn" : 1756453507543677863,
      "q" : "97.1",
      "p" : "0.4148",
      "s" : "sell",
      "i" : "TAIKO_USD",
      "m" : "4611686018428254947"
    }, {
      "d" : "1756453507543674874",
      "t" : 1756453507543,
      "tn" : 1756453507543674874,
      "q" : "2.9",
      "p" : "0.4149",
      "s" : "sell",
      "i" : "TAIKO_USD",
      "m" : "4611686018428254946"
    }, {
      "d" : "1756453506556855539",
      "t" : 1756453506556,
      "tn" : 1756453506556855539,
      "q" : "2.9",
      "p" : "0.4150",
      "s" : "sell",
      "i" : "TAIKO_USD",
      "m" : "4611686018428254945"
    }, {
      "d" : "1756453505135033159",
      "t" : 1756453505135,
      "tn" : 1756453505135033159,
      "q" : "2.9",
      "p" : "0.4150",
      "s" : "sell",
      "i" : "TAIKO_USD",
      "m" : "4611686018428254944"
    }, {
      "d" : "1756453501780145408",
      "t" : 1756453501780,
      "tn" : 1756453501780145408,
      "q" : "2.9",
      "p" : "0.4150",
      "s" : "sell",
      "i" : "TAIKO_USD",
      "m" : "4611686018428254943"
    }, {
      "d" : "1756453501553684355",
      "t" : 1756453501553,
      "tn" : 1756453501553684355,
      "q" : "2.9",
      "p" : "0.4150",
      "s" : "sell",
      "i" : "TAIKO_USD",
      "m" : "4611686018428254942"
    }, {
      "d" : "1756453500720914257",
      "t" : 1756453500720,
      "tn" : 1756453500720914257,
      "q" : "2.9",
      "p" : "0.4150",
      "s" : "sell",
      "i" : "TAIKO_USD",
      "m" : "4611686018428254941"
    }, {
      "d" : "1756453499296395346",
      "t" : 1756453499296,
      "tn" : 1756453499296395346,
      "q" : "2.9",
      "p" : "0.4150",
      "s" : "sell",
      "i" : "TAIKO_USD",
      "m" : "4611686018428254940"
    }, {
      "d" : "1756453497815072843",
      "t" : 1756453497815,
      "tn" : 1756453497815072843,
      "q" : "97.1",
      "p" : "0.4150",
      "s" : "sell",
      "i" : "TAIKO_USD",
      "m" : "4611686018428254939"
    }, {
      "d" : "1756453497815070774",
      "t" : 1756453497815,
      "tn" : 1756453497815070774,
      "q" : "2.9",
      "p" : "0.4151",
      "s" : "sell",
      "i" : "TAIKO_USD",
      "m" : "4611686018428254938"
    }, {
      "d" : "1756453497368732641",
      "t" : 1756453497368,
      "tn" : 1756453497368732641,
      "q" : "2.9",
      "p" : "0.4151",
      "s" : "sell",
      "i" : "TAIKO_USD",
      "m" : "4611686018428254937"
    }, {
      "d" : "1756453494210305031",
      "t" : 1756453494210,
      "tn" : 1756453494210305031,
      "q" : "2.9",
      "p" : "0.4152",
      "s" : "sell",
      "i" : "TAIKO_USD",
      "m" : "4611686018428254936"
    }, {
      "d" : "1756453492684964338",
      "t" : 1756453492684,
      "tn" : 1756453492684964338,
      "q" : "2.9",
      "p" : "0.4152",
      "s" : "sell",
      "i" : "TAIKO_USD",
      "m" : "4611686018428254935"
    }, {
      "d" : "1756453491128746953",
      "t" : 1756453491128,
      "tn" : 1756453491128746953,
      "q" : "2.9",
      "p" : "0.4152",
      "s" : "sell",
      "i" : "TAIKO_USD",
      "m" : "4611686018428254934"
    }, {
      "d" : "1756453483919478164",
      "t" : 1756453483919,
      "tn" : 1756453483919478164,
      "q" : "2.9",
      "p" : "0.4152",
      "s" : "sell",
      "i" : "TAIKO_USD",
      "m" : "4611686018428254933"
    }, {
      "d" : "1756453475279276417",
      "t" : 1756453475279,
      "tn" : 1756453475279276417,
      "q" : "2.9",
      "p" : "0.4152",
      "s" : "sell",
      "i" : "TAIKO_USD",
      "m" : "4611686018428254932"
    }, {
      "d" : "1756453474637772108",
      "t" : 1756453474637,
      "tn" : 1756453474637772108,
      "q" : "2.9",
      "p" : "0.4152",
      "s" : "sell",
      "i" : "TAIKO_USD",
      "m" : "4611686018428254931"
    }, {
      "d" : "1756453471616289737",
      "t" : 1756453471616,
      "tn" : 1756453471616289737,
      "q" : "2.9",
      "p" : "0.4152",
      "s" : "sell",
      "i" : "TAIKO_USD",
      "m" : "4611686018428254930"
    }, {
      "d" : "1756453471155133003",
      "t" : 1756453471155,
      "tn" : 1756453471155133003,
      "q" : "2.9",
      "p" : "0.4152",
      "s" : "sell",
      "i" : "TAIKO_USD",
      "m" : "4611686018428254929"
    }, {
      "d" : "1756453469634672626",
      "t" : 1756453469634,
      "tn" : 1756453469634672626,
      "q" : "2.9",
      "p" : "0.4152",
      "s" : "sell",
      "i" : "TAIKO_USD",
      "m" : "4611686018428254928"
    }, {
      "d" : "1756453468032616818",
      "t" : 1756453468032,
      "tn" : 1756453468032616818,
      "q" : "2.9",
      "p" : "0.4152",
      "s" : "sell",
      "i" : "TAIKO_USD",
      "m" : "4611686018428254927"
    }, {
      "d" : "1756453465873255194",
      "t" : 1756453465873,
      "tn" : 1756453465873255194,
      "q" : "2.9",
      "p" : "0.4152",
      "s" : "sell",
      "i" : "TAIKO_USD",
      "m" : "4611686018428254926"
    }, {
      "d" : "1756453464631997992",
      "t" : 1756453464631,
      "tn" : 1756453464631997992,
      "q" : "2.9",
      "p" : "0.4152",
      "s" : "sell",
      "i" : "TAIKO_USD",
      "m" : "4611686018428254925"
    }, {
      "d" : "1756453463045643755",
      "t" : 1756453463045,
      "tn" : 1756453463045643755,
      "q" : "2.9",
      "p" : "0.4152",
      "s" : "sell",
      "i" : "TAIKO_USD",
      "m" : "4611686018428254924"
    }, {
      "d" : "1756453461753135389",
      "t" : 1756453461753,
      "tn" : 1756453461753135389,
      "q" : "2.9",
      "p" : "0.4152",
      "s" : "sell",
      "i" : "TAIKO_USD",
      "m" : "4611686018428254923"
    }, {
      "d" : "1756453459238566086",
      "t" : 1756453459238,
      "tn" : 1756453459238566086,
      "q" : "2.9",
      "p" : "0.4153",
      "s" : "sell",
      "i" : "TAIKO_USD",
      "m" : "4611686018428254922"
    }, {
      "d" : "1756453447004522480",
      "t" : 1756453447004,
      "tn" : 1756453447004522480,
      "q" : "2.9",
      "p" : "0.4153",
      "s" : "sell",
      "i" : "TAIKO_USD",
      "m" : "4611686018428254921"
    }, {
      "d" : "1756453395760077937",
      "t" : 1756453395760,
      "tn" : 1756453395760077937,
      "q" : "2.9",
      "p" : "0.4153",
      "s" : "sell",
      "i" : "TAIKO_USD",
      "m" : "4611686018428254920"
    }, {
      "d" : "1756453391988104461",
      "t" : 1756453391988,
      "tn" : 1756453391988104461,
      "q" : "2.9",
      "p" : "0.4153",
      "s" : "sell",
      "i" : "TAIKO_USD",
      "m" : "4611686018428254919"
    }, {
      "d" : "1756453365475299584",
      "t" : 1756453365475,
      "tn" : 1756453365475299584,
      "q" : "2.9",
      "p" : "0.4155",
      "s" : "sell",
      "i" : "TAIKO_USD",
      "m" : "4611686018428254918"
    }, {
      "d" : "1756453363002178024",
      "t" : 1756453363002,
      "tn" : 1756453363002178024,
      "q" : "2.9",
      "p" : "0.4155",
      "s" : "sell",
      "i" : "TAIKO_USD",
      "m" : "4611686018428254917"
    }, {
      "d" : "1756453361851889096",
      "t" : 1756453361851,
      "tn" : 1756453361851889096,
      "q" : "2.9",
      "p" : "0.4155",
      "s" : "sell",
      "i" : "TAIKO_USD",
      "m" : "4611686018428254916"
    }, {
      "d" : "1756453345978610838",
      "t" : 1756453345978,
      "tn" : 1756453345978610838,
      "q" : "2.9",
      "p" : "0.4156",
      "s" : "sell",
      "i" : "TAIKO_USD",
      "m" : "4611686018428254915"
    }, {
      "d" : "1756453345891852836",
      "t" : 1756453345891,
      "tn" : 1756453345891852836,
      "q" : "2.9",
      "p" : "0.4157",
      "s" : "sell",
      "i" : "TAIKO_USD",
      "m" : "4611686018428254914"
    }, {
      "d" : "1756453345829389455",
      "t" : 1756453345829,
      "tn" : 1756453345829389455,
      "q" : "2.9",
      "p" : "0.4157",
      "s" : "sell",
      "i" : "TAIKO_USD",
      "m" : "4611686018428254913"
    }, {
      "d" : "1756453344906779380",
      "t" : 1756453344906,
      "tn" : 1756453344906779380,
      "q" : "2.9",
      "p" : "0.4157",
      "s" : "sell",
      "i" : "TAIKO_USD",
      "m" : "4611686018428254912"
    }, {
      "d" : "1756453344899210143",
      "t" : 1756453344899,
      "tn" : 1756453344899210143,
      "q" : "2.9",
      "p" : "0.4158",
      "s" : "sell",
      "i" : "TAIKO_USD",
      "m" : "4611686018428254911"
    }, {
      "d" : "1756453343998801822",
      "t" : 1756453343998,
      "tn" : 1756453343998801822,
      "q" : "2.9",
      "p" : "0.4158",
      "s" : "sell",
      "i" : "TAIKO_USD",
      "m" : "4611686018428254910"
    }, {
      "d" : "1756453343989217085",
      "t" : 1756453343989,
      "tn" : 1756453343989217085,
      "q" : "2.9",
      "p" : "0.4158",
      "s" : "sell",
      "i" : "TAIKO_USD",
      "m" : "4611686018428254909"
    }, {
      "d" : "1756453340848937300",
      "t" : 1756453340848,
      "tn" : 1756453340848937300,
      "q" : "2.9",
      "p" : "0.4158",
      "s" : "sell",
      "i" : "TAIKO_USD",
      "m" : "4611686018428254908"
    }, {
      "d" : "1756453316804724835",
      "t" : 1756453316804,
      "tn" : 1756453316804724835,
      "q" : "2.9",
      "p" : "0.4158",
      "s" : "sell",
      "i" : "TAIKO_USD",
      "m" : "4611686018428254907"
    }, {
      "d" : "1756453314839437574",
      "t" : 1756453314839,
      "tn" : 1756453314839437574,
      "q" : "2.9",
      "p" : "0.4158",
      "s" : "sell",
      "i" : "TAIKO_USD",
      "m" : "4611686018428254906"
    }, {
      "d" : "1756453313638791151",
      "t" : 1756453313638,
      "tn" : 1756453313638791151,
      "q" : "2.9",
      "p" : "0.4158",
      "s" : "sell",
      "i" : "TAIKO_USD",
      "m" : "4611686018428254905"
    }, {
      "d" : "1756453311877084995",
      "t" : 1756453311877,
      "tn" : 1756453311877084995,
      "q" : "2.9",
      "p" : "0.4158",
      "s" : "sell",
      "i" : "TAIKO_USD",
      "m" : "4611686018428254904"
    }, {
      "d" : "1756453310287254326",
      "t" : 1756453310287,
      "tn" : 1756453310287254326,
      "q" : "2.9",
      "p" : "0.4158",
      "s" : "sell",
      "i" : "TAIKO_USD",
      "m" : "4611686018428254903"
    }, {
      "d" : "1756453308840222971",
      "t" : 1756453308840,
      "tn" : 1756453308840222971,
      "q" : "2.9",
      "p" : "0.4158",
      "s" : "sell",
      "i" : "TAIKO_USD",
      "m" : "4611686018428254902"
    }, {
      "d" : "1756453307866469541",
      "t" : 1756453307866,
      "tn" : 1756453307866469541,
      "q" : "2.9",
      "p" : "0.4158",
      "s" : "sell",
      "i" : "TAIKO_USD",
      "m" : "4611686018428254901"
    }, {
      "d" : "1756453306821326457",
      "t" : 1756453306821,
      "tn" : 1756453306821326457,
      "q" : "2.9",
      "p" : "0.4158",
      "s" : "sell",
      "i" : "TAIKO_USD",
      "m" : "4611686018428254900"
    }, {
      "d" : "1756453283380031281",
      "t" : 1756453283380,
      "tn" : 1756453283380031281,
      "q" : "2.9",
      "p" : "0.4153",
      "s" : "sell",
      "i" : "TAIKO_USD",
      "m" : "4611686018428254899"
    }, {
      "d" : "1756453279995992590",
      "t" : 1756453279995,
      "tn" : 1756453279995992590,
      "q" : "2.9",
      "p" : "0.4152",
      "s" : "sell",
      "i" : "TAIKO_USD",
      "m" : "4611686018428254898"
    }, {
      "d" : "1756453278815064393",
      "t" : 1756453278815,
      "tn" : 1756453278815064393,
      "q" : "2.9",
      "p" : "0.4152",
      "s" : "sell",
      "i" : "TAIKO_USD",
      "m" : "4611686018428254897"
    }, {
      "d" : "1756453276651053890",
      "t" : 1756453276651,
      "tn" : 1756453276651053890,
      "q" : "2.9",
      "p" : "0.4152",
      "s" : "sell",
      "i" : "TAIKO_USD",
      "m" : "4611686018428254896"
    }, {
      "d" : "1756453273812274486",
      "t" : 1756453273812,
      "tn" : 1756453273812274486,
      "q" : "2.9",
      "p" : "0.4152",
      "s" : "sell",
      "i" : "TAIKO_USD",
      "m" : "4611686018428254895"
    }, {
      "d" : "1756453270810477936",
      "t" : 1756453270810,
      "tn" : 1756453270810477936,
      "q" : "2.9",
      "p" : "0.4152",
      "s" : "sell",
      "i" : "TAIKO_USD",
      "m" : "4611686018428254894"
    }, {
      "d" : "1756453268033344227",
      "t" : 1756453268033,
      "tn" : 1756453268033344227,
      "q" : "2.9",
      "p" : "0.4153",
      "s" : "sell",
      "i" : "TAIKO_USD",
      "m" : "4611686018428254893"
    }, {
      "d" : "1756453265940980495",
      "t" : 1756453265940,
      "tn" : 1756453265940980495,
      "q" : "2.9",
      "p" : "0.4153",
      "s" : "sell",
      "i" : "TAIKO_USD",
      "m" : "4611686018428254892"
    }, {
      "d" : "1756453239992539305",
      "t" : 1756453239992,
      "tn" : 1756453239992539305,
      "q" : "2.9",
      "p" : "0.4152",
      "s" : "sell",
      "i" : "TAIKO_USD",
      "m" : "4611686018428254891"
    }, {
      "d" : "1756453237942436925",
      "t" : 1756453237942,
      "tn" : 1756453237942436925,
      "q" : "2.9",
      "p" : "0.4152",
      "s" : "sell",
      "i" : "TAIKO_USD",
      "m" : "4611686018428254890"
    }, {
      "d" : "1756453179966707158",
      "t" : 1756453179966,
      "tn" : 1756453179966707158,
      "q" : "2.9",
      "p" : "0.4155",
      "s" : "sell",
      "i" : "TAIKO_USD",
      "m" : "4611686018428254889"
    }, {
      "d" : "1756453175574833733",
      "t" : 1756453175574,
      "tn" : 1756453175574833733,
      "q" : "2.9",
      "p" : "0.4155",
      "s" : "sell",
      "i" : "TAIKO_USD",
      "m" : "4611686018428254888"
    }, {
      "d" : "1756453169823818628",
      "t" : 1756453169823,
      "tn" : 1756453169823818628,
      "q" : "2.9",
      "p" : "0.4156",
      "s" : "sell",
      "i" : "TAIKO_USD",
      "m" : "4611686018428254887"
    }, {
      "d" : "1756453168350016860",
      "t" : 1756453168350,
      "tn" : 1756453168350016860,
      "q" : "2.9",
      "p" : "0.4156",
      "s" : "sell",
      "i" : "TAIKO_USD",
      "m" : "4611686018428254886"
    }, {
      "d" : "1756453166647154359",
      "t" : 1756453166647,
      "tn" : 1756453166647154359,
      "q" : "2.9",
      "p" : "0.4156",
      "s" : "sell",
      "i" : "TAIKO_USD",
      "m" : "4611686018428254885"
    }, {
      "d" : "1756453165391640595",
      "t" : 1756453165391,
      "tn" : 1756453165391640595,
      "q" : "2.9",
      "p" : "0.4156",
      "s" : "sell",
      "i" : "TAIKO_USD",
      "m" : "4611686018428254884"
    }, {
      "d" : "1756453128426762255",
      "t" : 1756453128426,
      "tn" : 1756453128426762255,
      "q" : "2.9",
      "p" : "0.4156",
      "s" : "sell",
      "i" : "TAIKO_USD",
      "m" : "4611686018428254883"
    }, {
      "d" : "1756453124278306030",
      "t" : 1756453124278,
      "tn" : 1756453124278306030,
      "q" : "2.9",
      "p" : "0.4156",
      "s" : "sell",
      "i" : "TAIKO_USD",
      "m" : "4611686018428254882"
    }, {
      "d" : "1756453107677994887",
      "t" : 1756453107677,
      "tn" : 1756453107677994887,
      "q" : "2.9",
      "p" : "0.4151",
      "s" : "sell",
      "i" : "TAIKO_USD",
      "m" : "4611686018428254881"
    }, {
      "d" : "1756452965710164742",
      "t" : 1756452965710,
      "tn" : 1756452965710164742,
      "q" : "2.9",
      "p" : "0.4148",
      "s" : "sell",
      "i" : "TAIKO_USD",
      "m" : "4611686018428254880"
    }, {
      "d" : "1756452964995323297",
      "t" : 1756452964995,
      "tn" : 1756452964995323297,
      "q" : "2.9",
      "p" : "0.4148",
      "s" : "sell",
      "i" : "TAIKO_USD",
      "m" : "4611686018428254879"
    }, {
      "d" : "1756452958650315739",
      "t" : 1756452958650,
      "tn" : 1756452958650315739,
      "q" : "2.9",
      "p" : "0.4149",
      "s" : "sell",
      "i" : "TAIKO_USD",
      "m" : "4611686018428254878"
    }, {
      "d" : "1756452952943561683",
      "t" : 1756452952943,
      "tn" : 1756452952943561683,
      "q" : "2.9",
      "p" : "0.4149",
      "s" : "sell",
      "i" : "TAIKO_USD",
      "m" : "4611686018428254877"
    }, {
      "d" : "1756452952298641895",
      "t" : 1756452952298,
      "tn" : 1756452952298641895,
      "q" : "2.9",
      "p" : "0.4149",
      "s" : "sell",
      "i" : "TAIKO_USD",
      "m" : "4611686018428254876"
    }, {
      "d" : "1756452945619301773",
      "t" : 1756452945619,
      "tn" : 1756452945619301773,
      "q" : "2.9",
      "p" : "0.4150",
      "s" : "sell",
      "i" : "TAIKO_USD",
      "m" : "4611686018428254875"
    }, {
      "d" : "1756452944168782361",
      "t" : 1756452944168,
      "tn" : 1756452944168782361,
      "q" : "2.9",
      "p" : "0.4149",
      "s" : "sell",
      "i" : "TAIKO_USD",
      "m" : "4611686018428254874"
    }, {
      "d" : "1756452943758969853",
      "t" : 1756452943758,
      "tn" : 1756452943758969853,
      "q" : "2.9",
      "p" : "0.4149",
      "s" : "sell",
      "i" : "TAIKO_USD",
      "m" : "4611686018428254873"
    }, {
      "d" : "1756452941384761246",
      "t" : 1756452941384,
      "tn" : 1756452941384761246,
      "q" : "2.9",
      "p" : "0.4147",
      "s" : "sell",
      "i" : "TAIKO_USD",
      "m" : "4611686018428254872"
    }, {
      "d" : "1756452940430150122",
      "t" : 1756452940430,
      "tn" : 1756452940430150122,
      "q" : "2.9",
      "p" : "0.4147",
      "s" : "sell",
      "i" : "TAIKO_USD",
      "m" : "4611686018428254871"
    }, {
      "d" : "1756452939966378420",
      "t" : 1756452939966,
      "tn" : 1756452939966378420,
      "q" : "2.9",
      "p" : "0.4148",
      "s" : "sell",
      "i" : "TAIKO_USD",
      "m" : "4611686018428254870"
    }, {
      "d" : "1756452937603222510",
      "t" : 1756452937603,
      "tn" : 1756452937603222510,
      "q" : "2.9",
      "p" : "0.4147",
      "s" : "sell",
      "i" : "TAIKO_USD",
      "m" : "4611686018428254869"
    }, {
      "d" : "1756452933066596008",
      "t" : 1756452933066,
      "tn" : 1756452933066596008,
      "q" : "2.9",
      "p" : "0.4147",
      "s" : "sell",
      "i" : "TAIKO_USD",
      "m" : "4611686018428254868"
    }, {
      "d" : "1756452928786574638",
      "t" : 1756452928786,
      "tn" : 1756452928786574638,
      "q" : "2.9",
      "p" : "0.4148",
      "s" : "sell",
      "i" : "TAIKO_USD",
      "m" : "4611686018428254867"
    }, {
      "d" : "1756452925201107378",
      "t" : 1756452925201,
      "tn" : 1756452925201107378,
      "q" : "2.9",
      "p" : "0.4148",
      "s" : "sell",
      "i" : "TAIKO_USD",
      "m" : "4611686018428254866"
    }, {
      "d" : "1756452922940457225",
      "t" : 1756452922940,
      "tn" : 1756452922940457225,
      "q" : "2.9",
      "p" : "0.4148",
      "s" : "sell",
      "i" : "TAIKO_USD",
      "m" : "4611686018428254865"
    }, {
      "d" : "1756452918913652501",
      "t" : 1756452918913,
      "tn" : 1756452918913652501,
      "q" : "2.9",
      "p" : "0.4145",
      "s" : "sell",
      "i" : "TAIKO_USD",
      "m" : "4611686018428254864"
    }, {
      "d" : "1756452914654031136",
      "t" : 1756452914654,
      "tn" : 1756452914654031136,
      "q" : "2.9",
      "p" : "0.4146",
      "s" : "sell",
      "i" : "TAIKO_USD",
      "m" : "4611686018428254863"
    }, {
      "d" : "1756452912781313545",
      "t" : 1756452912781,
      "tn" : 1756452912781313545,
      "q" : "2.9",
      "p" : "0.4146",
      "s" : "sell",
      "i" : "TAIKO_USD",
      "m" : "4611686018428254862"
    }, {
      "d" : "1756452912151802802",
      "t" : 1756452912151,
      "tn" : 1756452912151802802,
      "q" : "2.9",
      "p" : "0.4146",
      "s" : "sell",
      "i" : "TAIKO_USD",
      "m" : "4611686018428254861"
    }, {
      "d" : "1756452896358392595",
      "t" : 1756452896358,
      "tn" : 1756452896358392595,
      "q" : "2.9",
      "p" : "0.4149",
      "s" : "sell",
      "i" : "TAIKO_USD",
      "m" : "4611686018428254860"
    }, {
      "d" : "1756452885563887337",
      "t" : 1756452885563,
      "tn" : 1756452885563887337,
      "q" : "2.9",
      "p" : "0.4149",
      "s" : "sell",
      "i" : "TAIKO_USD",
      "m" : "4611686018428254859"
    }, {
      "d" : "1756452880174317888",
      "t" : 1756452880174,
      "tn" : 1756452880174317888,
      "q" : "2.9",
      "p" : "0.4149",
      "s" : "sell",
      "i" : "TAIKO_USD",
      "m" : "4611686018428254858"
    }, {
      "d" : "1756452877272478898",
      "t" : 1756452877272,
      "tn" : 1756452877272478898,
      "q" : "2.9",
      "p" : "0.4149",
      "s" : "sell",
      "i" : "TAIKO_USD",
      "m" : "4611686018428254857"
    }, {
      "d" : "1756452876402038467",
      "t" : 1756452876402,
      "tn" : 1756452876402038467,
      "q" : "2.9",
      "p" : "0.4149",
      "s" : "sell",
      "i" : "TAIKO_USD",
      "m" : "4611686018428254856"
    }, {
      "d" : "1756452876082366435",
      "t" : 1756452876082,
      "tn" : 1756452876082366435,
      "q" : "97.1",
      "p" : "0.4147",
      "s" : "sell",
      "i" : "TAIKO_USD",
      "m" : "4611686018428254855"
    }, {
      "d" : "1756452876082364180",
      "t" : 1756452876082,
      "tn" : 1756452876082364180,
      "q" : "2.9",
      "p" : "0.4148",
      "s" : "sell",
      "i" : "TAIKO_USD",
      "m" : "4611686018428254854"
    }, {
      "d" : "1756452875171470248",
      "t" : 1756452875171,
      "tn" : 1756452875171470248,
      "q" : "2.9",
      "p" : "0.4150",
      "s" : "sell",
      "i" : "TAIKO_USD",
      "m" : "4611686018428254853"
    }, {
      "d" : "1756452872427227653",
      "t" : 1756452872427,
      "tn" : 1756452872427227653,
      "q" : "2.9",
      "p" : "0.4150",
      "s" : "sell",
      "i" : "TAIKO_USD",
      "m" : "4611686018428254852"
    }, {
      "d" : "1756452869939976674",
      "t" : 1756452869939,
      "tn" : 1756452869939976674,
      "q" : "2.9",
      "p" : "0.4150",
      "s" : "sell",
      "i" : "TAIKO_USD",
      "m" : "4611686018428254851"
    }, {
      "d" : "1756452865296389113",
      "t" : 1756452865296,
      "tn" : 1756452865296389113,
      "q" : "2.9",
      "p" : "0.4151",
      "s" : "sell",
      "i" : "TAIKO_USD",
      "m" : "4611686018428254850"
    }, {
      "d" : "1756452830371372025",
      "t" : 1756452830371,
      "tn" : 1756452830371372025,
      "q" : "2.9",
      "p" : "0.4153",
      "s" : "sell",
      "i" : "TAIKO_USD",
      "m" : "4611686018428254849"
    }, {
      "d" : "1756452829427565419",
      "t" : 1756452829427,
      "tn" : 1756452829427565419,
      "q" : "2.9",
      "p" : "0.4153",
      "s" : "sell",
      "i" : "TAIKO_USD",
      "m" : "4611686018428254848"
    }, {
      "d" : "1756452828491147215",
      "t" : 1756452828491,
      "tn" : 1756452828491147215,
      "q" : "2.9",
      "p" : "0.4153",
      "s" : "sell",
      "i" : "TAIKO_USD",
      "m" : "4611686018428254847"
    }, {
      "d" : "1756452828232024013",
      "t" : 1756452828232,
      "tn" : 1756452828232024013,
      "q" : "2.9",
      "p" : "0.4153",
      "s" : "sell",
      "i" : "TAIKO_USD",
      "m" : "4611686018428254846"
    }, {
      "d" : "1756452823542042454",
      "t" : 1756452823542,
      "tn" : 1756452823542042454,
      "q" : "2.9",
      "p" : "0.4153",
      "s" : "sell",
      "i" : "TAIKO_USD",
      "m" : "4611686018428254845"
    }, {
      "d" : "1756452821836607026",
      "t" : 1756452821836,
      "tn" : 1756452821836607026,
      "q" : "2.9",
      "p" : "0.4153",
      "s" : "sell",
      "i" : "TAIKO_USD",
      "m" : "4611686018428254844"
    }, {
      "d" : "1756452819091605253",
      "t" : 1756452819091,
      "tn" : 1756452819091605253,
      "q" : "2.9",
      "p" : "0.4153",
      "s" : "sell",
      "i" : "TAIKO_USD",
      "m" : "4611686018428254843"
    }, {
      "d" : "1756452813341678301",
      "t" : 1756452813341,
      "tn" : 1756452813341678301,
      "q" : "2.9",
      "p" : "0.4154",
      "s" : "sell",
      "i" : "TAIKO_USD",
      "m" : "4611686018428254842"
    }, {
      "d" : "1756452811523920478",
      "t" : 1756452811523,
      "tn" : 1756452811523920478,
      "q" : "2.9",
      "p" : "0.4154",
      "s" : "sell",
      "i" : "TAIKO_USD",
      "m" : "4611686018428254841"
    }, {
      "d" : "1756452810688629301",
      "t" : 1756452810688,
      "tn" : 1756452810688629301,
      "q" : "2.9",
      "p" : "0.4154",
      "s" : "sell",
      "i" : "TAIKO_USD",
      "m" : "4611686018428254840"
    }, {
      "d" : "1756452807256700412",
      "t" : 1756452807256,
      "tn" : 1756452807256700412,
      "q" : "2.9",
      "p" : "0.4155",
      "s" : "sell",
      "i" : "TAIKO_USD",
      "m" : "4611686018428254839"
    }, {
      "d" : "1756452805081255616",
      "t" : 1756452805081,
      "tn" : 1756452805081255616,
      "q" : "2.9",
      "p" : "0.4155",
      "s" : "sell",
      "i" : "TAIKO_USD",
      "m" : "4611686018428254838"
    }, {
      "d" : "1756452801838901349",
      "t" : 1756452801838,
      "tn" : 1756452801838901349,
      "q" : "2.9",
      "p" : "0.4155",
      "s" : "sell",
      "i" : "TAIKO_USD",
      "m" : "4611686018428254837"
    }, {
      "d" : "1756452782806078674",
      "t" : 1756452782806,
      "tn" : 1756452782806078674,
      "q" : "2.9",
      "p" : "0.4156",
      "s" : "sell",
      "i" : "TAIKO_USD",
      "m" : "4611686018428254836"
    }, {
      "d" : "1756452743688050478",
      "t" : 1756452743688,
      "tn" : 1756452743688050478,
      "q" : "2.9",
      "p" : "0.4153",
      "s" : "sell",
      "i" : "TAIKO_USD",
      "m" : "4611686018428254835"
    }, {
      "d" : "1756452740158984032",
      "t" : 1756452740158,
      "tn" : 1756452740158984032,
      "q" : "2.9",
      "p" : "0.4152",
      "s" : "sell",
      "i" : "TAIKO_USD",
      "m" : "4611686018428254834"
    }, {
      "d" : "1756452717210626817",
      "t" : 1756452717210,
      "tn" : 1756452717210626817,
      "q" : "2.9",
      "p" : "0.4149",
      "s" : "sell",
      "i" : "TAIKO_USD",
      "m" : "4611686018428254833"
    }, {
      "d" : "1756452716103857056",
      "t" : 1756452716103,
      "tn" : 1756452716103857056,
      "q" : "2.9",
      "p" : "0.4149",
      "s" : "sell",
      "i" : "TAIKO_USD",
      "m" : "4611686018428254832"
    }, {
      "d" : "1756452715823466665",
      "t" : 1756452715823,
      "tn" : 1756452715823466665,
      "q" : "2.9",
      "p" : "0.4149",
      "s" : "sell",
      "i" : "TAIKO_USD",
      "m" : "4611686018428254831"
    }, {
      "d" : "1756452707973890015",
      "t" : 1756452707973,
      "tn" : 1756452707973890015,
      "q" : "2.9",
      "p" : "0.4146",
      "s" : "sell",
      "i" : "TAIKO_USD",
      "m" : "4611686018428254830"
    }, {
      "d" : "1756452699162267502",
      "t" : 1756452699162,
      "tn" : 1756452699162267502,
      "q" : "2.9",
      "p" : "0.4146",
      "s" : "sell",
      "i" : "TAIKO_USD",
      "m" : "4611686018428254829"
    }, {
      "d" : "1756452697928266390",
      "t" : 1756452697928,
      "tn" : 1756452697928266390,
      "q" : "2.9",
      "p" : "0.4147",
      "s" : "sell",
      "i" : "TAIKO_USD",
      "m" : "4611686018428254828"
    }, {
      "d" : "1756452697892109568",
      "t" : 1756452697892,
      "tn" : 1756452697892109568,
      "q" : "2.9",
      "p" : "0.4147",
      "s" : "sell",
      "i" : "TAIKO_USD",
      "m" : "4611686018428254827"
    }, {
      "d" : "1756452684160149625",
      "t" : 1756452684160,
      "tn" : 1756452684160149625,
      "q" : "2.9",
      "p" : "0.4145",
      "s" : "sell",
      "i" : "TAIKO_USD",
      "m" : "4611686018428254826"
    } ]
  }
}