{
  "id" : -1,
  "method" : "public/get-trades",
  "code" : 0,
  "result" : {
    "data" : [ {
      "d" : "1756462454916382374",
      "t" : 1756462454916,
      "tn" : 1756462454916382374,
      "q" : "0.004",
      "p" : "320.49",
      "s" : "sell",
      "i" : "TAO_USD",
      "m" : "4611686018428511054"
    }, {
      "d" : "1756462454613787393",
      "t" : 1756462454613,
      "tn" : 1756462454613787393,
      "q" : "0.004",
      "p" : "320.59",
      "s" : "sell",
      "i" : "TAO_USD",
      "m" : "4611686018428511053"
    }, {
      "d" : "1756462454461911216",
      "t" : 1756462454461,
      "tn" : 1756462454461911216,
      "q" : "0.004",
      "p" : "320.59",
      "s" : "sell",
      "i" : "TAO_USD",
      "m" : "4611686018428511052"
    }, {
      "d" : "1756462432158331766",
      "t" : 1756462432158,
      "tn" : 1756462432158331766,
      "q" : "0.004",
      "p" : "320.99",
      "s" : "sell",
      "i" : "TAO_USD",
      "m" : "4611686018428511051"
    }, {
      "d" : "1756461980264960628",
      "t" : 1756461980264,
      "tn" : 1756461980264960628,
      "q" : "0.360",
      "p" : "320.89",
      "s" : "buy",
      "i" : "TAO_USD",
      "m" : "4611686018428511050"
    }, {
      "d" : "1756461980264958449",
      "t" : 1756461980264,
      "tn" : 1756461980264958449,
      "q" : "0.004",
      "p" : "320.80",
      "s" : "buy",
      "i" : "TAO_USD",
      "m" : "4611686018428511049"
    }, {
      "d" : "1756461963098517653",
      "t" : 1756461963098,
      "tn" : 1756461963098517653,
      "q" : "0.004",
      "p" : "320.49",
      "s" : "sell",
      "i" : "TAO_USD",
      "m" : "4611686018428511048"
    }, {
      "d" : "1756461848111909061",
      "t" : 1756461848111,
      "tn" : 1756461848111909061,
      "q" : "2.100",
      "p" : "320.05",
      "s" : "buy",
      "i" : "TAO_USD",
      "m" : "4611686018428511047"
    }, {
      "d" : "1756461848109162996",
      "t" : 1756461848109,
      "tn" : 1756461848109162996,
      "q" : "0.004",
      "p" : "319.90",
      "s" : "buy",
      "i" : "TAO_USD",
      "m" : "4611686018428511046"
    }, {
      "d" : "1756461766667511738",
      "t" : 1756461766667,
      "tn" : 1756461766667511738,
      "q" : "0.024",
      "p" : "320.47",
      "s" : "buy",
      "i" : "TAO_USD",
      "m" : "4611686018428511045"
    }, {
      "d" : "1756461766667509188",
      "t" : 1756461766667,
      "tn" : 1756461766667509188,
      "q" : "0.004",
      "p" : "320.30",
      "s" : "buy",
      "i" : "TAO_USD",
      "m" : "4611686018428511044"
    }, {
      "d" : "1756461756463378990",
      "t" : 1756461756463,
      "tn" : 1756461756463378990,
      "q" : "0.004",
      "p" : "320.29",
      "s" : "sell",
      "i" : "TAO_USD",
      "m" : "4611686018428511043"
    }, {
      "d" : "1756461756456860500",
      "t" : 1756461756456,
      "tn" : 1756461756456860500,
      "q" : "0.004",
      "p" : "320.29",
      "s" : "sell",
      "i" : "TAO_USD",
      "m" : "4611686018428511042"
    }, {
      "d" : "1756461643520848309",
      "t" : 1756461643520,
      "tn" : 1756461643520848309,
      "q" : "0.004",
      "p" : "319.79",
      "s" : "sell",
      "i" : "TAO_USD",
      "m" : "4611686018428511041"
    }, {
      "d" : "1756461600059626653",
      "t" : 1756461600059,
      "tn" : 1756461600059626653,
      "q" : "0.002",
      "p" : "319.80",
      "s" : "buy",
      "i" : "TAO_USD",
      "m" : "4611686018428511040"
    }, {
      "d" : "1756461242064819907",
      "t" : 1756461242064,
      "tn" : 1756461242064819907,
      "q" : "0.004",
      "p" : "319.70",
      "s" : "buy",
      "i" : "TAO_USD",
      "m" : "4611686018428511039"
    }, {
      "d" : "1756460908370722980",
      "t" : 1756460908370,
      "tn" : 1756460908370722980,
      "q" : "0.004",
      "p" : "320.00",
      "s" : "buy",
      "i" : "TAO_USD",
      "m" : "4611686018428511038"
    }, {
      "d" : "1756460908299298058",
      "t" : 1756460908299,
      "tn" : 1756460908299298058,
      "q" : "0.004",
      "p" : "320.00",
      "s" : "buy",
      "i" : "TAO_USD",
      "m" : "4611686018428511037"
    }, {
      "d" : "1756460905357576387",
      "t" : 1756460905357,
      "tn" : 1756460905357576387,
      "q" : "0.004",
      "p" : "319.90",
      "s" : "buy",
      "i" : "TAO_USD",
      "m" : "4611686018428511036"
    }, {
      "d" : "1756460902054328847",
      "t" : 1756460902054,
      "tn" : 1756460902054328847,
      "q" : "0.004",
      "p" : "319.80",
      "s" : "buy",
      "i" : "TAO_USD",
      "m" : "4611686018428511035"
    }, {
      "d" : "1756460901549065515",
      "t" : 1756460901549,
      "tn" : 1756460901549065515,
      "q" : "0.004",
      "p" : "319.80",
      "s" : "buy",
      "i" : "TAO_USD",
      "m" : "4611686018428511034"
    }, {
      "d" : "1756460901234203667",
      "t" : 1756460901234,
      "tn" : 1756460901234203667,
      "q" : "0.004",
      "p" : "319.80",
      "s" : "buy",
      "i" : "TAO_USD",
      "m" : "4611686018428511033"
    }, {
      "d" : "1756460894658583973",
      "t" : 1756460894658,
      "tn" : 1756460894658583973,
      "q" : "0.004",
      "p" : "319.80",
      "s" : "buy",
      "i" : "TAO_USD",
      "m" : "4611686018428511032"
    }, {
      "d" : "1756460865672315065",
      "t" : 1756460865672,
      "tn" : 1756460865672315065,
      "q" : "0.004",
      "p" : "319.60",
      "s" : "buy",
      "i" : "TAO_USD",
      "m" : "4611686018428511031"
    }, {
      "d" : "1756460821471264752",
      "t" : 1756460821471,
      "tn" : 1756460821471264752,
      "q" : "0.004",
      "p" : "319.10",
      "s" : "buy",
      "i" : "TAO_USD",
      "m" : "4611686018428511030"
    }, {
      "d" : "1756460793245103685",
      "t" : 1756460793245,
      "tn" : 1756460793245103685,
      "q" : "0.004",
      "p" : "319.20",
      "s" : "buy",
      "i" : "TAO_USD",
      "m" : "4611686018428511029"
    }, {
      "d" : "1756460793216126517",
      "t" : 1756460793216,
      "tn" : 1756460793216126517,
      "q" : "0.004",
      "p" : "319.20",
      "s" : "buy",
      "i" : "TAO_USD",
      "m" : "4611686018428511028"
    }, {
      "d" : "1756460793144710798",
      "t" : 1756460793144,
      "tn" : 1756460793144710798,
      "q" : "0.004",
      "p" : "319.20",
      "s" : "buy",
      "i" : "TAO_USD",
      "m" : "4611686018428511027"
    }, {
      "d" : "1756460793072328662",
      "t" : 1756460793072,
      "tn" : 1756460793072328662,
      "q" : "0.004",
      "p" : "319.10",
      "s" : "buy",
      "i" : "TAO_USD",
      "m" : "4611686018428511026"
    }, {
      "d" : "1756460792999725110",
      "t" : 1756460792999,
      "tn" : 1756460792999725110,
      "q" : "0.004",
      "p" : "319.10",
      "s" : "buy",
      "i" : "TAO_USD",
      "m" : "4611686018428511025"
    }, {
      "d" : "1756460777889446824",
      "t" : 1756460777889,
      "tn" : 1756460777889446824,
      "q" : "0.004",
      "p" : "319.00",
      "s" : "buy",
      "i" : "TAO_USD",
      "m" : "4611686018428511024"
    }, {
      "d" : "1756460656030040953",
      "t" : 1756460656030,
      "tn" : 1756460656030040953,
      "q" : "0.004",
      "p" : "318.39",
      "s" : "sell",
      "i" : "TAO_USD",
      "m" : "4611686018428511023"
    }, {
      "d" : "1756460627319877189",
      "t" : 1756460627319,
      "tn" : 1756460627319877189,
      "q" : "0.587",
      "p" : "318.90",
      "s" : "sell",
      "i" : "TAO_USD",
      "m" : "4611686018428511022"
    }, {
      "d" : "1756460627313909089",
      "t" : 1756460627313,
      "tn" : 1756460627313909089,
      "q" : "0.581",
      "p" : "318.93",
      "s" : "sell",
      "i" : "TAO_USD",
      "m" : "4611686018428511021"
    }, {
      "d" : "1756460627313902734",
      "t" : 1756460627313,
      "tn" : 1756460627313902734,
      "q" : "0.004",
      "p" : "319.09",
      "s" : "sell",
      "i" : "TAO_USD",
      "m" : "4611686018428511020"
    }, {
      "d" : "1756460520021486580",
      "t" : 1756460520021,
      "tn" : 1756460520021486580,
      "q" : "0.004",
      "p" : "318.70",
      "s" : "buy",
      "i" : "TAO_USD",
      "m" : "4611686018428511019"
    }, {
      "d" : "1756460513977655776",
      "t" : 1756460513977,
      "tn" : 1756460513977655776,
      "q" : "0.469",
      "p" : "318.80",
      "s" : "buy",
      "i" : "TAO_USD",
      "m" : "4611686018428511018"
    }, {
      "d" : "1756460513977652441",
      "t" : 1756460513977,
      "tn" : 1756460513977652441,
      "q" : "0.004",
      "p" : "318.70",
      "s" : "buy",
      "i" : "TAO_USD",
      "m" : "4611686018428511017"
    }, {
      "d" : "1756460380597592950",
      "t" : 1756460380597,
      "tn" : 1756460380597592950,
      "q" : "0.004",
      "p" : "318.40",
      "s" : "buy",
      "i" : "TAO_USD",
      "m" : "4611686018428511016"
    }, {
      "d" : "1756460210570229809",
      "t" : 1756460210570,
      "tn" : 1756460210570229809,
      "q" : "0.004",
      "p" : "319.00",
      "s" : "buy",
      "i" : "TAO_USD",
      "m" : "4611686018428511015"
    }, {
      "d" : "1756460176340731695",
      "t" : 1756460176340,
      "tn" : 1756460176340731695,
      "q" : "0.004",
      "p" : "318.59",
      "s" : "sell",
      "i" : "TAO_USD",
      "m" : "4611686018428511014"
    }, {
      "d" : "1756459998180237963",
      "t" : 1756459998180,
      "tn" : 1756459998180237963,
      "q" : "0.004",
      "p" : "319.30",
      "s" : "buy",
      "i" : "TAO_USD",
      "m" : "4611686018428511013"
    }, {
      "d" : "1756459875403907836",
      "t" : 1756459875403,
      "tn" : 1756459875403907836,
      "q" : "0.004",
      "p" : "320.09",
      "s" : "sell",
      "i" : "TAO_USD",
      "m" : "4611686018428511012"
    }, {
      "d" : "1756459857049442010",
      "t" : 1756459857049,
      "tn" : 1756459857049442010,
      "q" : "0.004",
      "p" : "320.00",
      "s" : "buy",
      "i" : "TAO_USD",
      "m" : "4611686018428511011"
    }, {
      "d" : "1756459822296530294",
      "t" : 1756459822296,
      "tn" : 1756459822296530294,
      "q" : "0.004",
      "p" : "319.69",
      "s" : "sell",
      "i" : "TAO_USD",
      "m" : "4611686018428511010"
    }, {
      "d" : "1756459809763405566",
      "t" : 1756459809763,
      "tn" : 1756459809763405566,
      "q" : "0.004",
      "p" : "319.79",
      "s" : "sell",
      "i" : "TAO_USD",
      "m" : "4611686018428511009"
    }, {
      "d" : "1756459743872466925",
      "t" : 1756459743872,
      "tn" : 1756459743872466925,
      "q" : "0.004",
      "p" : "319.00",
      "s" : "buy",
      "i" : "TAO_USD",
      "m" : "4611686018428511008"
    }, {
      "d" : "1756459681667049720",
      "t" : 1756459681667,
      "tn" : 1756459681667049720,
      "q" : "0.004",
      "p" : "318.69",
      "s" : "sell",
      "i" : "TAO_USD",
      "m" : "4611686018428511007"
    }, {
      "d" : "1756459490229280443",
      "t" : 1756459490229,
      "tn" : 1756459490229280443,
      "q" : "0.004",
      "p" : "318.80",
      "s" : "buy",
      "i" : "TAO_USD",
      "m" : "4611686018428511006"
    }, {
      "d" : "1756459450816380323",
      "t" : 1756459450816,
      "tn" : 1756459450816380323,
      "q" : "0.004",
      "p" : "318.79",
      "s" : "sell",
      "i" : "TAO_USD",
      "m" : "4611686018428511005"
    }, {
      "d" : "1756459450611393014",
      "t" : 1756459450611,
      "tn" : 1756459450611393014,
      "q" : "0.004",
      "p" : "318.99",
      "s" : "sell",
      "i" : "TAO_USD",
      "m" : "4611686018428511004"
    }, {
      "d" : "1756459329111053850",
      "t" : 1756459329111,
      "tn" : 1756459329111053850,
      "q" : "0.004",
      "p" : "319.29",
      "s" : "sell",
      "i" : "TAO_USD",
      "m" : "4611686018428511003"
    }, {
      "d" : "1756459077017343485",
      "t" : 1756459077017,
      "tn" : 1756459077017343485,
      "q" : "0.004",
      "p" : "317.80",
      "s" : "buy",
      "i" : "TAO_USD",
      "m" : "4611686018428511002"
    }, {
      "d" : "1756458772362303322",
      "t" : 1756458772362,
      "tn" : 1756458772362303322,
      "q" : "1.489",
      "p" : "317.50",
      "s" : "buy",
      "i" : "TAO_USD",
      "m" : "4611686018428511001"
    }, {
      "d" : "1756458752115044188",
      "t" : 1756458752115,
      "tn" : 1756458752115044188,
      "q" : "0.004",
      "p" : "317.20",
      "s" : "buy",
      "i" : "TAO_USD",
      "m" : "4611686018428511000"
    }, {
      "d" : "1756458428419740607",
      "t" : 1756458428419,
      "tn" : 1756458428419740607,
      "q" : "0.623",
      "p" : "316.76",
      "s" : "buy",
      "i" : "TAO_USD",
      "m" : "4611686018428510999"
    }, {
      "d" : "1756458361802079546",
      "t" : 1756458361802,
      "tn" : 1756458361802079546,
      "q" : "0.004",
      "p" : "317.39",
      "s" : "sell",
      "i" : "TAO_USD",
      "m" : "4611686018428510998"
    }, {
      "d" : "1756458286588601041",
      "t" : 1756458286588,
      "tn" : 1756458286588601041,
      "q" : "0.004",
      "p" : "316.89",
      "s" : "sell",
      "i" : "TAO_USD",
      "m" : "4611686018428510997"
    }, {
      "d" : "1756458276307855402",
      "t" : 1756458276307,
      "tn" : 1756458276307855402,
      "q" : "0.004",
      "p" : "316.90",
      "s" : "buy",
      "i" : "TAO_USD",
      "m" : "4611686018428510996"
    }, {
      "d" : "1756458173036116459",
      "t" : 1756458173036,
      "tn" : 1756458173036116459,
      "q" : "0.004",
      "p" : "316.69",
      "s" : "sell",
      "i" : "TAO_USD",
      "m" : "4611686018428510995"
    }, {
      "d" : "1756458151238136622",
      "t" : 1756458151238,
      "tn" : 1756458151238136622,
      "q" : "0.004",
      "p" : "316.99",
      "s" : "sell",
      "i" : "TAO_USD",
      "m" : "4611686018428510994"
    }, {
      "d" : "1756458151238131536",
      "t" : 1756458151238,
      "tn" : 1756458151238131536,
      "q" : "0.321",
      "p" : "317.00",
      "s" : "sell",
      "i" : "TAO_USD",
      "m" : "4611686018428510993"
    }, {
      "d" : "1756458134841655962",
      "t" : 1756458134841,
      "tn" : 1756458134841655962,
      "q" : "0.004",
      "p" : "317.39",
      "s" : "sell",
      "i" : "TAO_USD",
      "m" : "4611686018428510992"
    }, {
      "d" : "1756458120256261747",
      "t" : 1756458120256,
      "tn" : 1756458120256261747,
      "q" : "1.041",
      "p" : "317.58",
      "s" : "buy",
      "i" : "TAO_USD",
      "m" : "4611686018428510991"
    }, {
      "d" : "1756458072692532081",
      "t" : 1756458072692,
      "tn" : 1756458072692532081,
      "q" : "0.004",
      "p" : "318.02",
      "s" : "sell",
      "i" : "TAO_USD",
      "m" : "4611686018428510990"
    }, {
      "d" : "1756458039573707687",
      "t" : 1756458039573,
      "tn" : 1756458039573707687,
      "q" : "1.465",
      "p" : "317.89",
      "s" : "sell",
      "i" : "TAO_USD",
      "m" : "4611686018428510989"
    }, {
      "d" : "1756458039573706055",
      "t" : 1756458039573,
      "tn" : 1756458039573706055,
      "q" : "0.584",
      "p" : "317.96",
      "s" : "sell",
      "i" : "TAO_USD",
      "m" : "4611686018428510988"
    }, {
      "d" : "1756458039573703263",
      "t" : 1756458039573,
      "tn" : 1756458039573703263,
      "q" : "0.062",
      "p" : "317.97",
      "s" : "sell",
      "i" : "TAO_USD",
      "m" : "4611686018428510987"
    }, {
      "d" : "1756458039573599314",
      "t" : 1756458039573,
      "tn" : 1756458039573599314,
      "q" : "0.004",
      "p" : "318.19",
      "s" : "sell",
      "i" : "TAO_USD",
      "m" : "4611686018428510986"
    }, {
      "d" : "1756457982482738327",
      "t" : 1756457982482,
      "tn" : 1756457982482738327,
      "q" : "0.004",
      "p" : "318.49",
      "s" : "sell",
      "i" : "TAO_USD",
      "m" : "4611686018428510985"
    }, {
      "d" : "1756457982321813452",
      "t" : 1756457982321,
      "tn" : 1756457982321813452,
      "q" : "0.004",
      "p" : "318.49",
      "s" : "sell",
      "i" : "TAO_USD",
      "m" : "4611686018428510984"
    }, {
      "d" : "1756457982172270228",
      "t" : 1756457982172,
      "tn" : 1756457982172270228,
      "q" : "0.004",
      "p" : "318.49",
      "s" : "sell",
      "i" : "TAO_USD",
      "m" : "4611686018428510983"
    }, {
      "d" : "1756457968209386554",
      "t" : 1756457968209,
      "tn" : 1756457968209386554,
      "q" : "0.004",
      "p" : "318.47",
      "s" : "sell",
      "i" : "TAO_USD",
      "m" : "4611686018428510982"
    }, {
      "d" : "1756457915159126599",
      "t" : 1756457915159,
      "tn" : 1756457915159126599,
      "q" : "0.004",
      "p" : "318.29",
      "s" : "sell",
      "i" : "TAO_USD",
      "m" : "4611686018428510981"
    }, {
      "d" : "1756457891803474678",
      "t" : 1756457891803,
      "tn" : 1756457891803474678,
      "q" : "0.290",
      "p" : "318.09",
      "s" : "sell",
      "i" : "TAO_USD",
      "m" : "4611686018428510980"
    }, {
      "d" : "1756457891803472191",
      "t" : 1756457891803,
      "tn" : 1756457891803472191,
      "q" : "0.046",
      "p" : "318.10",
      "s" : "sell",
      "i" : "TAO_USD",
      "m" : "4611686018428510979"
    }, {
      "d" : "1756457891803468976",
      "t" : 1756457891803,
      "tn" : 1756457891803468976,
      "q" : "0.004",
      "p" : "318.29",
      "s" : "sell",
      "i" : "TAO_USD",
      "m" : "4611686018428510978"
    }, {
      "d" : "1756457870820949870",
      "t" : 1756457870820,
      "tn" : 1756457870820949870,
      "q" : "0.004",
      "p" : "317.88",
      "s" : "sell",
      "i" : "TAO_USD",
      "m" : "4611686018428510977"
    }, {
      "d" : "1756457870115142757",
      "t" : 1756457870115,
      "tn" : 1756457870115142757,
      "q" : "0.004",
      "p" : "317.88",
      "s" : "sell",
      "i" : "TAO_USD",
      "m" : "4611686018428510976"
    }, {
      "d" : "1756457868678741615",
      "t" : 1756457868678,
      "tn" : 1756457868678741615,
      "q" : "0.004",
      "p" : "317.79",
      "s" : "sell",
      "i" : "TAO_USD",
      "m" : "4611686018428510975"
    }, {
      "d" : "1756457868525570250",
      "t" : 1756457868525,
      "tn" : 1756457868525570250,
      "q" : "0.004",
      "p" : "317.89",
      "s" : "sell",
      "i" : "TAO_USD",
      "m" : "4611686018428510974"
    }, {
      "d" : "1756457848286449758",
      "t" : 1756457848286,
      "tn" : 1756457848286449758,
      "q" : "0.004",
      "p" : "317.99",
      "s" : "sell",
      "i" : "TAO_USD",
      "m" : "4611686018428510973"
    }, {
      "d" : "1756457848286447407",
      "t" : 1756457848286,
      "tn" : 1756457848286447407,
      "q" : "1.010",
      "p" : "318.00",
      "s" : "sell",
      "i" : "TAO_USD",
      "m" : "4611686018428510972"
    }, {
      "d" : "1756457840409748909",
      "t" : 1756457840409,
      "tn" : 1756457840409748909,
      "q" : "0.004",
      "p" : "318.09",
      "s" : "sell",
      "i" : "TAO_USD",
      "m" : "4611686018428510971"
    }, {
      "d" : "1756457840256673831",
      "t" : 1756457840256,
      "tn" : 1756457840256673831,
      "q" : "0.004",
      "p" : "318.09",
      "s" : "sell",
      "i" : "TAO_USD",
      "m" : "4611686018428510970"
    }, {
      "d" : "1756457835379640506",
      "t" : 1756457835379,
      "tn" : 1756457835379640506,
      "q" : "0.990",
      "p" : "318.00",
      "s" : "sell",
      "i" : "TAO_USD",
      "m" : "4611686018428510969"
    }, {
      "d" : "1756457835379637080",
      "t" : 1756457835379,
      "tn" : 1756457835379637080,
      "q" : "0.582",
      "p" : "318.06",
      "s" : "sell",
      "i" : "TAO_USD",
      "m" : "4611686018428510968"
    }, {
      "d" : "1756457835378711827",
      "t" : 1756457835378,
      "tn" : 1756457835378711827,
      "q" : "0.004",
      "p" : "318.28",
      "s" : "sell",
      "i" : "TAO_USD",
      "m" : "4611686018428510967"
    }, {
      "d" : "1756457701571157139",
      "t" : 1756457701571,
      "tn" : 1756457701571157138,
      "q" : "0.003",
      "p" : "318.50",
      "s" : "buy",
      "i" : "TAO_USD",
      "m" : "4611686018428510966"
    }, {
      "d" : "1756457701571157138",
      "t" : 1756457701571,
      "tn" : 1756457701571157138,
      "q" : "1.019",
      "p" : "318.50",
      "s" : "buy",
      "i" : "TAO_USD",
      "m" : "4611686018428510966"
    }, {
      "d" : "1756457683431090766",
      "t" : 1756457683431,
      "tn" : 1756457683431090766,
      "q" : "0.004",
      "p" : "318.49",
      "s" : "sell",
      "i" : "TAO_USD",
      "m" : "4611686018428510965"
    }, {
      "d" : "1756457681494837423",
      "t" : 1756457681494,
      "tn" : 1756457681494837423,
      "q" : "0.004",
      "p" : "318.59",
      "s" : "sell",
      "i" : "TAO_USD",
      "m" : "4611686018428510964"
    }, {
      "d" : "1756457662877335175",
      "t" : 1756457662877,
      "tn" : 1756457662877335175,
      "q" : "0.004",
      "p" : "318.59",
      "s" : "sell",
      "i" : "TAO_USD",
      "m" : "4611686018428510963"
    }, {
      "d" : "1756457370366920089",
      "t" : 1756457370366,
      "tn" : 1756457370366920089,
      "q" : "0.004",
      "p" : "319.09",
      "s" : "sell",
      "i" : "TAO_USD",
      "m" : "4611686018428510962"
    }, {
      "d" : "1756456847247510650",
      "t" : 1756456847247,
      "tn" : 1756456847247510650,
      "q" : "0.247",
      "p" : "319.50",
      "s" : "buy",
      "i" : "TAO_USD",
      "m" : "4611686018428510961"
    }, {
      "d" : "1756456501894536653",
      "t" : 1756456501894,
      "tn" : 1756456501894536653,
      "q" : "0.004",
      "p" : "320.59",
      "s" : "sell",
      "i" : "TAO_USD",
      "m" : "4611686018428510960"
    }, {
      "d" : "1756456268909886525",
      "t" : 1756456268909,
      "tn" : 1756456268909886525,
      "q" : "0.004",
      "p" : "319.99",
      "s" : "sell",
      "i" : "TAO_USD",
      "m" : "4611686018428510959"
    }, {
      "d" : "1756456253835433543",
      "t" : 1756456253835,
      "tn" : 1756456253835433543,
      "q" : "2.675",
      "p" : "319.77",
      "s" : "sell",
      "i" : "TAO_USD",
      "m" : "4611686018428510958"
    }, {
      "d" : "1756456253835431273",
      "t" : 1756456253835,
      "tn" : 1756456253835431273,
      "q" : "0.575",
      "p" : "319.90",
      "s" : "sell",
      "i" : "TAO_USD",
      "m" : "4611686018428510957"
    }, {
      "d" : "1756456253835427543",
      "t" : 1756456253835,
      "tn" : 1756456253835427543,
      "q" : "1.152",
      "p" : "319.91",
      "s" : "sell",
      "i" : "TAO_USD",
      "m" : "4611686018428510956"
    }, {
      "d" : "1756456253835424556",
      "t" : 1756456253835,
      "tn" : 1756456253835424556,
      "q" : "0.004",
      "p" : "320.09",
      "s" : "sell",
      "i" : "TAO_USD",
      "m" : "4611686018428510955"
    }, {
      "d" : "1756456217289781521",
      "t" : 1756456217289,
      "tn" : 1756456217289781521,
      "q" : "0.004",
      "p" : "319.70",
      "s" : "sell",
      "i" : "TAO_USD",
      "m" : "4611686018428510954"
    }, {
      "d" : "1756456207805358131",
      "t" : 1756456207805,
      "tn" : 1756456207805358131,
      "q" : "1.032",
      "p" : "319.90",
      "s" : "buy",
      "i" : "TAO_USD",
      "m" : "4611686018428510953"
    }, {
      "d" : "1756456120659679981",
      "t" : 1756456120659,
      "tn" : 1756456120659679981,
      "q" : "0.004",
      "p" : "319.90",
      "s" : "buy",
      "i" : "TAO_USD",
      "m" : "4611686018428510952"
    }, {
      "d" : "1756455815480369849",
      "t" : 1756455815480,
      "tn" : 1756455815480369849,
      "q" : "0.004",
      "p" : "320.42",
      "s" : "sell",
      "i" : "TAO_USD",
      "m" : "4611686018428510951"
    }, {
      "d" : "1756455692594719058",
      "t" : 1756455692594,
      "tn" : 1756455692594719058,
      "q" : "0.431",
      "p" : "320.04",
      "s" : "buy",
      "i" : "TAO_USD",
      "m" : "4611686018428510950"
    }, {
      "d" : "1756455633001895087",
      "t" : 1756455633001,
      "tn" : 1756455633001895087,
      "q" : "2.153",
      "p" : "318.80",
      "s" : "sell",
      "i" : "TAO_USD",
      "m" : "4611686018428510949"
    }, {
      "d" : "1756455633001893260",
      "t" : 1756455633001,
      "tn" : 1756455633001893260,
      "q" : "0.178",
      "p" : "319.33",
      "s" : "sell",
      "i" : "TAO_USD",
      "m" : "4611686018428510948"
    }, {
      "d" : "1756455633001890797",
      "t" : 1756455633001,
      "tn" : 1756455633001890797,
      "q" : "0.187",
      "p" : "319.50",
      "s" : "sell",
      "i" : "TAO_USD",
      "m" : "4611686018428510947"
    }, {
      "d" : "1756455633001888806",
      "t" : 1756455633001,
      "tn" : 1756455633001888806,
      "q" : "5.619",
      "p" : "319.61",
      "s" : "sell",
      "i" : "TAO_USD",
      "m" : "4611686018428510946"
    }, {
      "d" : "1756455633001886310",
      "t" : 1756455633001,
      "tn" : 1756455633001886310,
      "q" : "1.059",
      "p" : "319.79",
      "s" : "sell",
      "i" : "TAO_USD",
      "m" : "4611686018428510945"
    }, {
      "d" : "1756455633001883879",
      "t" : 1756455633001,
      "tn" : 1756455633001883879,
      "q" : "3.126",
      "p" : "319.84",
      "s" : "sell",
      "i" : "TAO_USD",
      "m" : "4611686018428510944"
    }, {
      "d" : "1756455633001881706",
      "t" : 1756455633001,
      "tn" : 1756455633001881706,
      "q" : "0.004",
      "p" : "319.90",
      "s" : "sell",
      "i" : "TAO_USD",
      "m" : "4611686018428510943"
    }, {
      "d" : "1756455633001878993",
      "t" : 1756455633001,
      "tn" : 1756455633001878993,
      "q" : "0.576",
      "p" : "320.02",
      "s" : "sell",
      "i" : "TAO_USD",
      "m" : "4611686018428510942"
    }, {
      "d" : "1756455633001877097",
      "t" : 1756455633001,
      "tn" : 1756455633001877097,
      "q" : "2.060",
      "p" : "320.03",
      "s" : "sell",
      "i" : "TAO_USD",
      "m" : "4611686018428510941"
    }, {
      "d" : "1756455633001731987",
      "t" : 1756455633001,
      "tn" : 1756455633001731987,
      "q" : "0.088",
      "p" : "320.03",
      "s" : "sell",
      "i" : "TAO_USD",
      "m" : "4611686018428510940"
    }, {
      "d" : "1756455630061438536",
      "t" : 1756455630061,
      "tn" : 1756455630061438536,
      "q" : "0.573",
      "p" : "319.90",
      "s" : "sell",
      "i" : "TAO_USD",
      "m" : "4611686018428510939"
    }, {
      "d" : "1756455067429899867",
      "t" : 1756455067429,
      "tn" : 1756455067429899867,
      "q" : "0.048",
      "p" : "321.05",
      "s" : "sell",
      "i" : "TAO_USD",
      "m" : "4611686018428510938"
    }, {
      "d" : "1756454889245588278",
      "t" : 1756454889245,
      "tn" : 1756454889245588278,
      "q" : "1.548",
      "p" : "322.10",
      "s" : "sell",
      "i" : "TAO_USD",
      "m" : "4611686018428510937"
    }, {
      "d" : "1756454889245586034",
      "t" : 1756454889245,
      "tn" : 1756454889245586034,
      "q" : "0.004",
      "p" : "322.33",
      "s" : "sell",
      "i" : "TAO_USD",
      "m" : "4611686018428510936"
    }, {
      "d" : "1756454737035167002",
      "t" : 1756454737035,
      "tn" : 1756454737035167002,
      "q" : "3.397",
      "p" : "322.03",
      "s" : "buy",
      "i" : "TAO_USD",
      "m" : "4611686018428510935"
    }, {
      "d" : "1756454737035164482",
      "t" : 1756454737035,
      "tn" : 1756454737035164482,
      "q" : "0.004",
      "p" : "321.99",
      "s" : "buy",
      "i" : "TAO_USD",
      "m" : "4611686018428510934"
    }, {
      "d" : "1756454561691691184",
      "t" : 1756454561691,
      "tn" : 1756454561691691184,
      "q" : "0.615",
      "p" : "323.33",
      "s" : "sell",
      "i" : "TAO_USD",
      "m" : "4611686018428510933"
    }, {
      "d" : "1756454561691689289",
      "t" : 1756454561691,
      "tn" : 1756454561691689289,
      "q" : "0.004",
      "p" : "323.53",
      "s" : "sell",
      "i" : "TAO_USD",
      "m" : "4611686018428510932"
    }, {
      "d" : "1756454393675558211",
      "t" : 1756454393675,
      "tn" : 1756454393675558211,
      "q" : "0.588",
      "p" : "322.28",
      "s" : "buy",
      "i" : "TAO_USD",
      "m" : "4611686018428510931"
    }, {
      "d" : "1756454393675556082",
      "t" : 1756454393675,
      "tn" : 1756454393675556082,
      "q" : "3.399",
      "p" : "322.27",
      "s" : "buy",
      "i" : "TAO_USD",
      "m" : "4611686018428510930"
    }, {
      "d" : "1756454306156112540",
      "t" : 1756454306156,
      "tn" : 1756454306156112540,
      "q" : "0.004",
      "p" : "321.83",
      "s" : "sell",
      "i" : "TAO_USD",
      "m" : "4611686018428510929"
    }, {
      "d" : "1756454120560678345",
      "t" : 1756454120560,
      "tn" : 1756454120560678345,
      "q" : "0.004",
      "p" : "323.13",
      "s" : "sell",
      "i" : "TAO_USD",
      "m" : "4611686018428510928"
    }, {
      "d" : "1756453849640668630",
      "t" : 1756453849640,
      "tn" : 1756453849640668630,
      "q" : "0.004",
      "p" : "323.34",
      "s" : "buy",
      "i" : "TAO_USD",
      "m" : "4611686018428510927"
    }, {
      "d" : "1756453533317992329",
      "t" : 1756453533317,
      "tn" : 1756453533317992329,
      "q" : "0.004",
      "p" : "322.24",
      "s" : "buy",
      "i" : "TAO_USD",
      "m" : "4611686018428510926"
    }, {
      "d" : "1756453269474734095",
      "t" : 1756453269474,
      "tn" : 1756453269474734095,
      "q" : "0.004",
      "p" : "322.23",
      "s" : "sell",
      "i" : "TAO_USD",
      "m" : "4611686018428510925"
    }, {
      "d" : "1756452385783642435",
      "t" : 1756452385783,
      "tn" : 1756452385783642435,
      "q" : "0.004",
      "p" : "321.63",
      "s" : "sell",
      "i" : "TAO_USD",
      "m" : "4611686018428510924"
    }, {
      "d" : "1756452376769195854",
      "t" : 1756452376769,
      "tn" : 1756452376769195854,
      "q" : "0.004",
      "p" : "321.64",
      "s" : "buy",
      "i" : "TAO_USD",
      "m" : "4611686018428510923"
    }, {
      "d" : "1756452360961663495",
      "t" : 1756452360961,
      "tn" : 1756452360961663495,
      "q" : "0.004",
      "p" : "321.93",
      "s" : "sell",
      "i" : "TAO_USD",
      "m" : "4611686018428510922"
    }, {
      "d" : "1756452040931952129",
      "t" : 1756452040931,
      "tn" : 1756452040931952129,
      "q" : "0.004",
      "p" : "323.04",
      "s" : "buy",
      "i" : "TAO_USD",
      "m" : "4611686018428510921"
    }, {
      "d" : "1756451994581654032",
      "t" : 1756451994581,
      "tn" : 1756451994581654032,
      "q" : "0.004",
      "p" : "322.87",
      "s" : "buy",
      "i" : "TAO_USD",
      "m" : "4611686018428510920"
    }, {
      "d" : "1756451658794965893",
      "t" : 1756451658794,
      "tn" : 1756451658794965893,
      "q" : "0.004",
      "p" : "323.06",
      "s" : "sell",
      "i" : "TAO_USD",
      "m" : "4611686018428510919"
    }, {
      "d" : "1756451612138828270",
      "t" : 1756451612138,
      "tn" : 1756451612138828270,
      "q" : "0.004",
      "p" : "323.56",
      "s" : "sell",
      "i" : "TAO_USD",
      "m" : "4611686018428510918"
    }, {
      "d" : "1756451601928823931",
      "t" : 1756451601928,
      "tn" : 1756451601928823931,
      "q" : "0.004",
      "p" : "323.86",
      "s" : "sell",
      "i" : "TAO_USD",
      "m" : "4611686018428510917"
    }, {
      "d" : "1756451561702449632",
      "t" : 1756451561702,
      "tn" : 1756451561702449632,
      "q" : "0.561",
      "p" : "323.59",
      "s" : "sell",
      "i" : "TAO_USD",
      "m" : "4611686018428510916"
    }, {
      "d" : "1756451561702448027",
      "t" : 1756451561702,
      "tn" : 1756451561702448027,
      "q" : "0.045",
      "p" : "323.60",
      "s" : "sell",
      "i" : "TAO_USD",
      "m" : "4611686018428510915"
    }, {
      "d" : "1756451561702445772",
      "t" : 1756451561702,
      "tn" : 1756451561702445772,
      "q" : "0.004",
      "p" : "323.73",
      "s" : "sell",
      "i" : "TAO_USD",
      "m" : "4611686018428510914"
    }, {
      "d" : "1756451558304100945",
      "t" : 1756451558304,
      "tn" : 1756451558304100945,
      "q" : "0.581",
      "p" : "324.11",
      "s" : "sell",
      "i" : "TAO_USD",
      "m" : "4611686018428510913"
    }, {
      "d" : "1756451558298258576",
      "t" : 1756451558298,
      "tn" : 1756451558298258576,
      "q" : "0.029",
      "p" : "325.00",
      "s" : "sell",
      "i" : "TAO_USD",
      "m" : "4611686018428510912"
    }, {
      "d" : "1756451557898647879",
      "t" : 1756451557898,
      "tn" : 1756451557898647879,
      "q" : "0.077",
      "p" : "325.00",
      "s" : "sell",
      "i" : "TAO_USD",
      "m" : "4611686018428510911"
    }, {
      "d" : "1756451557831309234",
      "t" : 1756451557831,
      "tn" : 1756451557831309234,
      "q" : "0.615",
      "p" : "325.00",
      "s" : "sell",
      "i" : "TAO_USD",
      "m" : "4611686018428510910"
    }, {
      "d" : "1756451557627542868",
      "t" : 1756451557627,
      "tn" : 1756451557627542868,
      "q" : "0.150",
      "p" : "325.00",
      "s" : "sell",
      "i" : "TAO_USD",
      "m" : "4611686018428510909"
    }, {
      "d" : "1756451557616410932",
      "t" : 1756451557616,
      "tn" : 1756451557616410932,
      "q" : "2.930",
      "p" : "325.00",
      "s" : "sell",
      "i" : "TAO_USD",
      "m" : "4611686018428510908"
    }, {
      "d" : "1756451557616278660",
      "t" : 1756451557616,
      "tn" : 1756451557616278660,
      "q" : "1.465",
      "p" : "325.00",
      "s" : "sell",
      "i" : "TAO_USD",
      "m" : "4611686018428510907"
    }, {
      "d" : "1756451557610512295",
      "t" : 1756451557610,
      "tn" : 1756451557610512295,
      "q" : "0.610",
      "p" : "325.00",
      "s" : "sell",
      "i" : "TAO_USD",
      "m" : "4611686018428510906"
    } ]
  }
}