{
  "id" : -1,
  "method" : "public/get-trades",
  "code" : 0,
  "result" : {
    "data" : [ {
      "d" : "1756460669344511909",
      "t" : 1756460669344,
      "tn" : 1756460669344511909,
      "q" : "0.01",
      "p" : "318.18",
      "s" : "sell",
      "i" : "TAOUSD-PERP",
      "m" : "4611686018428605270"
    }, {
      "d" : "1756460656032265134",
      "t" : 1756460656032,
      "tn" : 1756460656032265134,
      "q" : "0.01",
      "p" : "318.15",
      "s" : "sell",
      "i" : "TAOUSD-PERP",
      "m" : "4611686018428605269"
    }, {
      "d" : "1756460656031832004",
      "t" : 1756460656031,
      "tn" : 1756460656031832004,
      "q" : "0.01",
      "p" : "318.21",
      "s" : "sell",
      "i" : "TAOUSD-PERP",
      "m" : "4611686018428605268"
    }, {
      "d" : "1756460651760014637",
      "t" : 1756460651760,
      "tn" : 1756460651760014637,
      "q" : "0.01",
      "p" : "318.18",
      "s" : "sell",
      "i" : "TAOUSD-PERP",
      "m" : "4611686018428605267"
    }, {
      "d" : "1756460648421362149",
      "t" : 1756460648421,
      "tn" : 1756460648421362149,
      "q" : "0.01",
      "p" : "318.18",
      "s" : "sell",
      "i" : "TAOUSD-PERP",
      "m" : "4611686018428605266"
    }, {
      "d" : "1756460645967268861",
      "t" : 1756460645967,
      "tn" : 1756460645967268861,
      "q" : "0.01",
      "p" : "318.27",
      "s" : "sell",
      "i" : "TAOUSD-PERP",
      "m" : "4611686018428605265"
    }, {
      "d" : "1756460645905638384",
      "t" : 1756460645905,
      "tn" : 1756460645905638384,
      "q" : "0.01",
      "p" : "318.19",
      "s" : "sell",
      "i" : "TAOUSD-PERP",
      "m" : "4611686018428605264"
    }, {
      "d" : "1756460645904923213",
      "t" : 1756460645904,
      "tn" : 1756460645904923213,
      "q" : "0.01",
      "p" : "318.21",
      "s" : "sell",
      "i" : "TAOUSD-PERP",
      "m" : "4611686018428605263"
    }, {
      "d" : "1756460643959150704",
      "t" : 1756460643959,
      "tn" : 1756460643959150704,
      "q" : "0.01",
      "p" : "318.27",
      "s" : "sell",
      "i" : "TAOUSD-PERP",
      "m" : "4611686018428605262"
    }, {
      "d" : "1756460642932947979",
      "t" : 1756460642932,
      "tn" : 1756460642932947979,
      "q" : "0.01",
      "p" : "318.33",
      "s" : "sell",
      "i" : "TAOUSD-PERP",
      "m" : "4611686018428605261"
    }, {
      "d" : "1756460628143006750",
      "t" : 1756460628143,
      "tn" : 1756460628143006750,
      "q" : "0.01",
      "p" : "318.23",
      "s" : "sell",
      "i" : "TAOUSD-PERP",
      "m" : "4611686018428605260"
    }, {
      "d" : "1756460628082744080",
      "t" : 1756460628082,
      "tn" : 1756460628082744080,
      "q" : "0.01",
      "p" : "318.27",
      "s" : "sell",
      "i" : "TAOUSD-PERP",
      "m" : "4611686018428605259"
    }, {
      "d" : "1756460628006954443",
      "t" : 1756460628006,
      "tn" : 1756460628006954443,
      "q" : "0.01",
      "p" : "318.31",
      "s" : "sell",
      "i" : "TAOUSD-PERP",
      "m" : "4611686018428605258"
    }, {
      "d" : "1756460627851500560",
      "t" : 1756460627851,
      "tn" : 1756460627851500560,
      "q" : "0.01",
      "p" : "318.37",
      "s" : "sell",
      "i" : "TAOUSD-PERP",
      "m" : "4611686018428605257"
    }, {
      "d" : "1756460627679700492",
      "t" : 1756460627679,
      "tn" : 1756460627679700492,
      "q" : "0.10",
      "p" : "318.51",
      "s" : "sell",
      "i" : "TAOUSD-PERP",
      "m" : "4611686018428605256"
    }, {
      "d" : "1756460627313773046",
      "t" : 1756460627313,
      "tn" : 1756460627313773046,
      "q" : "0.01",
      "p" : "318.74",
      "s" : "sell",
      "i" : "TAOUSD-PERP",
      "m" : "4611686018428605255"
    }, {
      "d" : "1756460627313770355",
      "t" : 1756460627313,
      "tn" : 1756460627313770354,
      "q" : "0.22",
      "p" : "318.75",
      "s" : "sell",
      "i" : "TAOUSD-PERP",
      "m" : "4611686018428605254"
    }, {
      "d" : "1756460627313770354",
      "t" : 1756460627313,
      "tn" : 1756460627313770354,
      "q" : "0.01",
      "p" : "318.75",
      "s" : "sell",
      "i" : "TAOUSD-PERP",
      "m" : "4611686018428605254"
    }, {
      "d" : "1756457839810916237",
      "t" : 1756457839810,
      "tn" : 1756457839810916237,
      "q" : "0.47",
      "p" : "317.84",
      "s" : "sell",
      "i" : "TAOUSD-PERP",
      "m" : "4611686018428605253"
    }, {
      "d" : "1756457835383863291",
      "t" : 1756457835383,
      "tn" : 1756457835383863291,
      "q" : "0.23",
      "p" : "318.12",
      "s" : "sell",
      "i" : "TAOUSD-PERP",
      "m" : "4611686018428605252"
    }, {
      "d" : "1756454737034785947",
      "t" : 1756454737034,
      "tn" : 1756454737034785947,
      "q" : "0.01",
      "p" : "321.58",
      "s" : "buy",
      "i" : "TAOUSD-PERP",
      "m" : "4611686018428605251"
    }, {
      "d" : "1756454572896940070",
      "t" : 1756454572896,
      "tn" : 1756454572896940070,
      "q" : "0.01",
      "p" : "323.24",
      "s" : "sell",
      "i" : "TAOUSD-PERP",
      "m" : "4611686018428605250"
    }, {
      "d" : "1756454572896440030",
      "t" : 1756454572896,
      "tn" : 1756454572896440030,
      "q" : "0.01",
      "p" : "323.28",
      "s" : "sell",
      "i" : "TAOUSD-PERP",
      "m" : "4611686018428605249"
    }, {
      "d" : "1756454561697043526",
      "t" : 1756454561697,
      "tn" : 1756454561697043526,
      "q" : "0.01",
      "p" : "323.25",
      "s" : "sell",
      "i" : "TAOUSD-PERP",
      "m" : "4611686018428605248"
    }, {
      "d" : "1756454455576033983",
      "t" : 1756454455576,
      "tn" : 1756454455576033983,
      "q" : "0.01",
      "p" : "322.86",
      "s" : "sell",
      "i" : "TAOUSD-PERP",
      "m" : "4611686018428605247"
    }, {
      "d" : "1756454420166726444",
      "t" : 1756454420166,
      "tn" : 1756454420166726444,
      "q" : "0.01",
      "p" : "321.87",
      "s" : "sell",
      "i" : "TAOUSD-PERP",
      "m" : "4611686018428605246"
    }, {
      "d" : "1756454393677867157",
      "t" : 1756454393677,
      "tn" : 1756454393677867157,
      "q" : "0.01",
      "p" : "321.93",
      "s" : "buy",
      "i" : "TAOUSD-PERP",
      "m" : "4611686018428605245"
    }, {
      "d" : "1756454393675866849",
      "t" : 1756454393675,
      "tn" : 1756454393675866849,
      "q" : "0.01",
      "p" : "321.79",
      "s" : "buy",
      "i" : "TAOUSD-PERP",
      "m" : "4611686018428605244"
    }, {
      "d" : "1756453851515410674",
      "t" : 1756453851515,
      "tn" : 1756453851515410674,
      "q" : "0.01",
      "p" : "322.87",
      "s" : "sell",
      "i" : "TAOUSD-PERP",
      "m" : "4611686018428605243"
    }, {
      "d" : "1756453851514953830",
      "t" : 1756453851514,
      "tn" : 1756453851514953830,
      "q" : "0.01",
      "p" : "322.91",
      "s" : "sell",
      "i" : "TAOUSD-PERP",
      "m" : "4611686018428605242"
    }, {
      "d" : "1756453849640901350",
      "t" : 1756453849640,
      "tn" : 1756453849640901350,
      "q" : "0.01",
      "p" : "322.93",
      "s" : "buy",
      "i" : "TAOUSD-PERP",
      "m" : "4611686018428605241"
    }, {
      "d" : "1756452526770863192",
      "t" : 1756452526770,
      "tn" : 1756452526770863192,
      "q" : "0.01",
      "p" : "321.93",
      "s" : "sell",
      "i" : "TAOUSD-PERP",
      "m" : "4611686018428605240"
    }, {
      "d" : "1756452526330813727",
      "t" : 1756452526330,
      "tn" : 1756452526330813727,
      "q" : "0.01",
      "p" : "321.73",
      "s" : "buy",
      "i" : "TAOUSD-PERP",
      "m" : "4611686018428605239"
    }, {
      "d" : "1756452047569931203",
      "t" : 1756452047569,
      "tn" : 1756452047569931203,
      "q" : "0.01",
      "p" : "322.95",
      "s" : "sell",
      "i" : "TAOUSD-PERP",
      "m" : "4611686018428605238"
    }, {
      "d" : "1756452040932070818",
      "t" : 1756452040932,
      "tn" : 1756452040932070818,
      "q" : "0.01",
      "p" : "322.69",
      "s" : "buy",
      "i" : "TAOUSD-PERP",
      "m" : "4611686018428605237"
    }, {
      "d" : "1756452010658758548",
      "t" : 1756452010658,
      "tn" : 1756452010658758548,
      "q" : "0.01",
      "p" : "322.71",
      "s" : "sell",
      "i" : "TAOUSD-PERP",
      "m" : "4611686018428605236"
    }, {
      "d" : "1756452010544479797",
      "t" : 1756452010544,
      "tn" : 1756452010544479797,
      "q" : "0.01",
      "p" : "322.54",
      "s" : "buy",
      "i" : "TAOUSD-PERP",
      "m" : "4611686018428605235"
    }, {
      "d" : "1756451839357840187",
      "t" : 1756451839357,
      "tn" : 1756451839357840187,
      "q" : "0.01",
      "p" : "322.80",
      "s" : "sell",
      "i" : "TAOUSD-PERP",
      "m" : "4611686018428605234"
    }, {
      "d" : "1756451831253833281",
      "t" : 1756451831253,
      "tn" : 1756451831253833281,
      "q" : "0.01",
      "p" : "322.36",
      "s" : "buy",
      "i" : "TAOUSD-PERP",
      "m" : "4611686018428605233"
    }, {
      "d" : "1756451671567299237",
      "t" : 1756451671567,
      "tn" : 1756451671567299237,
      "q" : "0.01",
      "p" : "322.08",
      "s" : "sell",
      "i" : "TAOUSD-PERP",
      "m" : "4611686018428605232"
    }, {
      "d" : "1756451671058862653",
      "t" : 1756451671058,
      "tn" : 1756451671058862653,
      "q" : "0.01",
      "p" : "321.87",
      "s" : "buy",
      "i" : "TAOUSD-PERP",
      "m" : "4611686018428605231"
    }, {
      "d" : "1756451667114193706",
      "t" : 1756451667114,
      "tn" : 1756451667114193706,
      "q" : "0.01",
      "p" : "321.88",
      "s" : "sell",
      "i" : "TAOUSD-PERP",
      "m" : "4611686018428605230"
    }, {
      "d" : "1756451665953598112",
      "t" : 1756451665953,
      "tn" : 1756451665953598112,
      "q" : "0.01",
      "p" : "321.85",
      "s" : "buy",
      "i" : "TAOUSD-PERP",
      "m" : "4611686018428605229"
    }, {
      "d" : "1756451655298247404",
      "t" : 1756451655298,
      "tn" : 1756451655298247404,
      "q" : "0.01",
      "p" : "322.69",
      "s" : "sell",
      "i" : "TAOUSD-PERP",
      "m" : "4611686018428605228"
    }, {
      "d" : "1756451653557008871",
      "t" : 1756451653557,
      "tn" : 1756451653557008871,
      "q" : "0.01",
      "p" : "322.83",
      "s" : "sell",
      "i" : "TAOUSD-PERP",
      "m" : "4611686018428605227"
    }, {
      "d" : "1756451653497585962",
      "t" : 1756451653497,
      "tn" : 1756451653497585962,
      "q" : "0.01",
      "p" : "322.73",
      "s" : "sell",
      "i" : "TAOUSD-PERP",
      "m" : "4611686018428605226"
    }, {
      "d" : "1756451653496446126",
      "t" : 1756451653496,
      "tn" : 1756451653496446126,
      "q" : "0.01",
      "p" : "322.74",
      "s" : "sell",
      "i" : "TAOUSD-PERP",
      "m" : "4611686018428605225"
    }, {
      "d" : "1756451652287043435",
      "t" : 1756451652287,
      "tn" : 1756451652287043435,
      "q" : "0.01",
      "p" : "322.79",
      "s" : "sell",
      "i" : "TAOUSD-PERP",
      "m" : "4611686018428605224"
    }, {
      "d" : "1756451652098132652",
      "t" : 1756451652098,
      "tn" : 1756451652098132652,
      "q" : "0.01",
      "p" : "322.92",
      "s" : "sell",
      "i" : "TAOUSD-PERP",
      "m" : "4611686018428605223"
    }, {
      "d" : "1756451652041140292",
      "t" : 1756451652041,
      "tn" : 1756451652041140292,
      "q" : "0.01",
      "p" : "322.79",
      "s" : "sell",
      "i" : "TAOUSD-PERP",
      "m" : "4611686018428605222"
    }, {
      "d" : "1756451652033556861",
      "t" : 1756451652033,
      "tn" : 1756451652033556861,
      "q" : "0.01",
      "p" : "322.80",
      "s" : "sell",
      "i" : "TAOUSD-PERP",
      "m" : "4611686018428605221"
    }, {
      "d" : "1756451650989583225",
      "t" : 1756451650989,
      "tn" : 1756451650989583225,
      "q" : "0.01",
      "p" : "322.89",
      "s" : "sell",
      "i" : "TAOUSD-PERP",
      "m" : "4611686018428605220"
    }, {
      "d" : "1756451650924964389",
      "t" : 1756451650924,
      "tn" : 1756451650924964389,
      "q" : "0.01",
      "p" : "322.81",
      "s" : "sell",
      "i" : "TAOUSD-PERP",
      "m" : "4611686018428605219"
    }, {
      "d" : "1756451650924518991",
      "t" : 1756451650924,
      "tn" : 1756451650924518991,
      "q" : "0.01",
      "p" : "322.82",
      "s" : "sell",
      "i" : "TAOUSD-PERP",
      "m" : "4611686018428605218"
    }, {
      "d" : "1756451648186183220",
      "t" : 1756451648186,
      "tn" : 1756451648186183220,
      "q" : "0.01",
      "p" : "322.89",
      "s" : "sell",
      "i" : "TAOUSD-PERP",
      "m" : "4611686018428605217"
    }, {
      "d" : "1756451641306710195",
      "t" : 1756451641306,
      "tn" : 1756451641306710195,
      "q" : "0.01",
      "p" : "322.83",
      "s" : "sell",
      "i" : "TAOUSD-PERP",
      "m" : "4611686018428605216"
    }, {
      "d" : "1756451641035365799",
      "t" : 1756451641035,
      "tn" : 1756451641035365799,
      "q" : "0.01",
      "p" : "322.77",
      "s" : "sell",
      "i" : "TAOUSD-PERP",
      "m" : "4611686018428605215"
    }, {
      "d" : "1756451640799474765",
      "t" : 1756451640799,
      "tn" : 1756451640799474765,
      "q" : "0.01",
      "p" : "322.80",
      "s" : "sell",
      "i" : "TAOUSD-PERP",
      "m" : "4611686018428605214"
    }, {
      "d" : "1756451640435520340",
      "t" : 1756451640435,
      "tn" : 1756451640435520340,
      "q" : "0.01",
      "p" : "322.75",
      "s" : "buy",
      "i" : "TAOUSD-PERP",
      "m" : "4611686018428605213"
    }, {
      "d" : "1756451640347805419",
      "t" : 1756451640347,
      "tn" : 1756451640347805419,
      "q" : "0.01",
      "p" : "322.92",
      "s" : "sell",
      "i" : "TAOUSD-PERP",
      "m" : "4611686018428605212"
    }, {
      "d" : "1756451638476036608",
      "t" : 1756451638476,
      "tn" : 1756451638476036608,
      "q" : "0.01",
      "p" : "322.82",
      "s" : "sell",
      "i" : "TAOUSD-PERP",
      "m" : "4611686018428605211"
    }, {
      "d" : "1756451637596708246",
      "t" : 1756451637596,
      "tn" : 1756451637596708246,
      "q" : "0.01",
      "p" : "322.98",
      "s" : "sell",
      "i" : "TAOUSD-PERP",
      "m" : "4611686018428605210"
    }, {
      "d" : "1756451637487135209",
      "t" : 1756451637487,
      "tn" : 1756451637487135209,
      "q" : "0.01",
      "p" : "323.01",
      "s" : "sell",
      "i" : "TAOUSD-PERP",
      "m" : "4611686018428605209"
    }, {
      "d" : "1756451636736462053",
      "t" : 1756451636736,
      "tn" : 1756451636736462053,
      "q" : "0.01",
      "p" : "322.96",
      "s" : "sell",
      "i" : "TAOUSD-PERP",
      "m" : "4611686018428605208"
    }, {
      "d" : "1756451633712986706",
      "t" : 1756451633712,
      "tn" : 1756451633712986706,
      "q" : "0.01",
      "p" : "323.10",
      "s" : "sell",
      "i" : "TAOUSD-PERP",
      "m" : "4611686018428605207"
    }, {
      "d" : "1756451632527338878",
      "t" : 1756451632527,
      "tn" : 1756451632527338878,
      "q" : "0.01",
      "p" : "323.28",
      "s" : "sell",
      "i" : "TAOUSD-PERP",
      "m" : "4611686018428605206"
    }, {
      "d" : "1756451628301903376",
      "t" : 1756451628301,
      "tn" : 1756451628301903376,
      "q" : "0.01",
      "p" : "323.00",
      "s" : "sell",
      "i" : "TAOUSD-PERP",
      "m" : "4611686018428605205"
    }, {
      "d" : "1756451628212353687",
      "t" : 1756451628212,
      "tn" : 1756451628212353687,
      "q" : "0.01",
      "p" : "323.01",
      "s" : "sell",
      "i" : "TAOUSD-PERP",
      "m" : "4611686018428605204"
    }, {
      "d" : "1756451626804746857",
      "t" : 1756451626804,
      "tn" : 1756451626804746857,
      "q" : "0.01",
      "p" : "323.01",
      "s" : "sell",
      "i" : "TAOUSD-PERP",
      "m" : "4611686018428605203"
    }, {
      "d" : "1756451624947332931",
      "t" : 1756451624947,
      "tn" : 1756451624947332931,
      "q" : "0.01",
      "p" : "322.83",
      "s" : "sell",
      "i" : "TAOUSD-PERP",
      "m" : "4611686018428605202"
    }, {
      "d" : "1756451620696061913",
      "t" : 1756451620696,
      "tn" : 1756451620696061913,
      "q" : "0.01",
      "p" : "323.19",
      "s" : "sell",
      "i" : "TAOUSD-PERP",
      "m" : "4611686018428605201"
    }, {
      "d" : "1756451620079609297",
      "t" : 1756451620079,
      "tn" : 1756451620079609297,
      "q" : "0.01",
      "p" : "322.90",
      "s" : "sell",
      "i" : "TAOUSD-PERP",
      "m" : "4611686018428605200"
    }, {
      "d" : "1756451619100257465",
      "t" : 1756451619100,
      "tn" : 1756451619100257465,
      "q" : "0.01",
      "p" : "323.10",
      "s" : "sell",
      "i" : "TAOUSD-PERP",
      "m" : "4611686018428605199"
    }, {
      "d" : "1756451618656569013",
      "t" : 1756451618656,
      "tn" : 1756451618656569013,
      "q" : "0.01",
      "p" : "323.13",
      "s" : "sell",
      "i" : "TAOUSD-PERP",
      "m" : "4611686018428605198"
    }, {
      "d" : "1756451617670058102",
      "t" : 1756451617670,
      "tn" : 1756451617670058102,
      "q" : "0.01",
      "p" : "323.07",
      "s" : "sell",
      "i" : "TAOUSD-PERP",
      "m" : "4611686018428605197"
    }, {
      "d" : "1756451617606588413",
      "t" : 1756451617606,
      "tn" : 1756451617606588413,
      "q" : "0.01",
      "p" : "323.10",
      "s" : "sell",
      "i" : "TAOUSD-PERP",
      "m" : "4611686018428605196"
    }, {
      "d" : "1756451617041194434",
      "t" : 1756451617041,
      "tn" : 1756451617041194434,
      "q" : "0.01",
      "p" : "322.99",
      "s" : "sell",
      "i" : "TAOUSD-PERP",
      "m" : "4611686018428605195"
    }, {
      "d" : "1756451616446888353",
      "t" : 1756451616446,
      "tn" : 1756451616446888353,
      "q" : "0.01",
      "p" : "323.19",
      "s" : "sell",
      "i" : "TAOUSD-PERP",
      "m" : "4611686018428605194"
    }, {
      "d" : "1756451611032996662",
      "t" : 1756451611032,
      "tn" : 1756451611032996662,
      "q" : "0.01",
      "p" : "323.15",
      "s" : "sell",
      "i" : "TAOUSD-PERP",
      "m" : "4611686018428605193"
    }, {
      "d" : "1756451608676486926",
      "t" : 1756451608676,
      "tn" : 1756451608676486926,
      "q" : "0.01",
      "p" : "323.37",
      "s" : "sell",
      "i" : "TAOUSD-PERP",
      "m" : "4611686018428605192"
    }, {
      "d" : "1756451606667005226",
      "t" : 1756451606667,
      "tn" : 1756451606667005226,
      "q" : "0.01",
      "p" : "323.34",
      "s" : "sell",
      "i" : "TAOUSD-PERP",
      "m" : "4611686018428605191"
    }, {
      "d" : "1756451605939070687",
      "t" : 1756451605939,
      "tn" : 1756451605939070687,
      "q" : "0.01",
      "p" : "323.37",
      "s" : "sell",
      "i" : "TAOUSD-PERP",
      "m" : "4611686018428605190"
    }, {
      "d" : "1756451605037182478",
      "t" : 1756451605037,
      "tn" : 1756451605037182478,
      "q" : "0.01",
      "p" : "323.37",
      "s" : "sell",
      "i" : "TAOUSD-PERP",
      "m" : "4611686018428605189"
    }, {
      "d" : "1756451604870817845",
      "t" : 1756451604870,
      "tn" : 1756451604870817845,
      "q" : "0.01",
      "p" : "323.33",
      "s" : "sell",
      "i" : "TAOUSD-PERP",
      "m" : "4611686018428605188"
    }, {
      "d" : "1756451601928580134",
      "t" : 1756451601928,
      "tn" : 1756451601928580134,
      "q" : "0.01",
      "p" : "323.45",
      "s" : "sell",
      "i" : "TAOUSD-PERP",
      "m" : "4611686018428605187"
    }, {
      "d" : "1756451599089637706",
      "t" : 1756451599089,
      "tn" : 1756451599089637706,
      "q" : "0.01",
      "p" : "323.57",
      "s" : "sell",
      "i" : "TAOUSD-PERP",
      "m" : "4611686018428605186"
    }, {
      "d" : "1756451593991695876",
      "t" : 1756451593991,
      "tn" : 1756451593991695876,
      "q" : "0.01",
      "p" : "323.64",
      "s" : "sell",
      "i" : "TAOUSD-PERP",
      "m" : "4611686018428605185"
    }, {
      "d" : "1756451587655841868",
      "t" : 1756451587655,
      "tn" : 1756451587655841868,
      "q" : "0.01",
      "p" : "323.85",
      "s" : "sell",
      "i" : "TAOUSD-PERP",
      "m" : "4611686018428605184"
    }, {
      "d" : "1756451585181205427",
      "t" : 1756451585181,
      "tn" : 1756451585181205427,
      "q" : "0.01",
      "p" : "323.79",
      "s" : "sell",
      "i" : "TAOUSD-PERP",
      "m" : "4611686018428605183"
    }, {
      "d" : "1756451584626487840",
      "t" : 1756451584626,
      "tn" : 1756451584626487840,
      "q" : "0.01",
      "p" : "323.70",
      "s" : "sell",
      "i" : "TAOUSD-PERP",
      "m" : "4611686018428605182"
    }, {
      "d" : "1756451582418168210",
      "t" : 1756451582418,
      "tn" : 1756451582418168210,
      "q" : "0.01",
      "p" : "323.70",
      "s" : "sell",
      "i" : "TAOUSD-PERP",
      "m" : "4611686018428605181"
    }, {
      "d" : "1756451582227381778",
      "t" : 1756451582227,
      "tn" : 1756451582227381778,
      "q" : "0.01",
      "p" : "323.43",
      "s" : "buy",
      "i" : "TAOUSD-PERP",
      "m" : "4611686018428605180"
    }, {
      "d" : "1756451582207305536",
      "t" : 1756451582207,
      "tn" : 1756451582207305536,
      "q" : "0.01",
      "p" : "323.67",
      "s" : "sell",
      "i" : "TAOUSD-PERP",
      "m" : "4611686018428605179"
    }, {
      "d" : "1756451581685288380",
      "t" : 1756451581685,
      "tn" : 1756451581685288380,
      "q" : "0.01",
      "p" : "323.51",
      "s" : "sell",
      "i" : "TAOUSD-PERP",
      "m" : "4611686018428605178"
    }, {
      "d" : "1756451581586360264",
      "t" : 1756451581586,
      "tn" : 1756451581586360264,
      "q" : "0.01",
      "p" : "323.73",
      "s" : "sell",
      "i" : "TAOUSD-PERP",
      "m" : "4611686018428605177"
    }, {
      "d" : "1756451581530511080",
      "t" : 1756451581530,
      "tn" : 1756451581530511080,
      "q" : "0.01",
      "p" : "323.55",
      "s" : "sell",
      "i" : "TAOUSD-PERP",
      "m" : "4611686018428605176"
    }, {
      "d" : "1756451581529582501",
      "t" : 1756451581529,
      "tn" : 1756451581529582501,
      "q" : "0.01",
      "p" : "323.56",
      "s" : "sell",
      "i" : "TAOUSD-PERP",
      "m" : "4611686018428605175"
    }, {
      "d" : "1756451581238674880",
      "t" : 1756451581238,
      "tn" : 1756451581238674880,
      "q" : "0.01",
      "p" : "323.82",
      "s" : "sell",
      "i" : "TAOUSD-PERP",
      "m" : "4611686018428605174"
    }, {
      "d" : "1756451581173172997",
      "t" : 1756451581173,
      "tn" : 1756451581173172997,
      "q" : "0.01",
      "p" : "323.66",
      "s" : "sell",
      "i" : "TAOUSD-PERP",
      "m" : "4611686018428605173"
    }, {
      "d" : "1756451581172688030",
      "t" : 1756451581172,
      "tn" : 1756451581172688030,
      "q" : "0.01",
      "p" : "323.68",
      "s" : "sell",
      "i" : "TAOUSD-PERP",
      "m" : "4611686018428605172"
    }, {
      "d" : "1756451581106753172",
      "t" : 1756451581106,
      "tn" : 1756451581106753172,
      "q" : "0.01",
      "p" : "323.88",
      "s" : "sell",
      "i" : "TAOUSD-PERP",
      "m" : "4611686018428605171"
    }, {
      "d" : "1756451581045064027",
      "t" : 1756451581045,
      "tn" : 1756451581045064027,
      "q" : "0.01",
      "p" : "323.67",
      "s" : "sell",
      "i" : "TAOUSD-PERP",
      "m" : "4611686018428605170"
    }, {
      "d" : "1756451581042153839",
      "t" : 1756451581042,
      "tn" : 1756451581042153839,
      "q" : "0.01",
      "p" : "323.71",
      "s" : "sell",
      "i" : "TAOUSD-PERP",
      "m" : "4611686018428605169"
    }, {
      "d" : "1756451579266750232",
      "t" : 1756451579266,
      "tn" : 1756451579266750232,
      "q" : "0.01",
      "p" : "323.72",
      "s" : "sell",
      "i" : "TAOUSD-PERP",
      "m" : "4611686018428605168"
    }, {
      "d" : "1756451579199217559",
      "t" : 1756451579199,
      "tn" : 1756451579199217559,
      "q" : "0.01",
      "p" : "323.91",
      "s" : "sell",
      "i" : "TAOUSD-PERP",
      "m" : "4611686018428605167"
    }, {
      "d" : "1756451579110126096",
      "t" : 1756451579110,
      "tn" : 1756451579110126096,
      "q" : "0.01",
      "p" : "323.73",
      "s" : "sell",
      "i" : "TAOUSD-PERP",
      "m" : "4611686018428605166"
    }, {
      "d" : "1756451579108693589",
      "t" : 1756451579108,
      "tn" : 1756451579108693589,
      "q" : "0.01",
      "p" : "323.74",
      "s" : "sell",
      "i" : "TAOUSD-PERP",
      "m" : "4611686018428605165"
    }, {
      "d" : "1756451578507649745",
      "t" : 1756451578507,
      "tn" : 1756451578507649745,
      "q" : "0.01",
      "p" : "323.94",
      "s" : "sell",
      "i" : "TAOUSD-PERP",
      "m" : "4611686018428605164"
    }, {
      "d" : "1756451576166488439",
      "t" : 1756451576166,
      "tn" : 1756451576166488439,
      "q" : "0.01",
      "p" : "323.85",
      "s" : "sell",
      "i" : "TAOUSD-PERP",
      "m" : "4611686018428605163"
    }, {
      "d" : "1756451575876005461",
      "t" : 1756451575876,
      "tn" : 1756451575876005461,
      "q" : "0.01",
      "p" : "323.66",
      "s" : "buy",
      "i" : "TAOUSD-PERP",
      "m" : "4611686018428605162"
    }, {
      "d" : "1756451571460308235",
      "t" : 1756451571460,
      "tn" : 1756451571460308235,
      "q" : "0.01",
      "p" : "323.79",
      "s" : "sell",
      "i" : "TAOUSD-PERP",
      "m" : "4611686018428605161"
    }, {
      "d" : "1756451568520186599",
      "t" : 1756451568520,
      "tn" : 1756451568520186599,
      "q" : "0.01",
      "p" : "323.58",
      "s" : "buy",
      "i" : "TAOUSD-PERP",
      "m" : "4611686018428605160"
    }, {
      "d" : "1756451568410003793",
      "t" : 1756451568410,
      "tn" : 1756451568410003793,
      "q" : "0.01",
      "p" : "323.56",
      "s" : "buy",
      "i" : "TAOUSD-PERP",
      "m" : "4611686018428605159"
    }, {
      "d" : "1756451568357056703",
      "t" : 1756451568357,
      "tn" : 1756451568357056703,
      "q" : "0.01",
      "p" : "323.76",
      "s" : "sell",
      "i" : "TAOUSD-PERP",
      "m" : "4611686018428605158"
    }, {
      "d" : "1756451568273616421",
      "t" : 1756451568273,
      "tn" : 1756451568273616421,
      "q" : "0.01",
      "p" : "323.56",
      "s" : "sell",
      "i" : "TAOUSD-PERP",
      "m" : "4611686018428605157"
    }, {
      "d" : "1756451568271798444",
      "t" : 1756451568271,
      "tn" : 1756451568271798444,
      "q" : "0.01",
      "p" : "323.58",
      "s" : "sell",
      "i" : "TAOUSD-PERP",
      "m" : "4611686018428605156"
    }, {
      "d" : "1756451568037476966",
      "t" : 1756451568037,
      "tn" : 1756451568037476966,
      "q" : "0.01",
      "p" : "323.73",
      "s" : "sell",
      "i" : "TAOUSD-PERP",
      "m" : "4611686018428605155"
    }, {
      "d" : "1756451567983061367",
      "t" : 1756451567983,
      "tn" : 1756451567983061367,
      "q" : "0.01",
      "p" : "323.57",
      "s" : "sell",
      "i" : "TAOUSD-PERP",
      "m" : "4611686018428605154"
    }, {
      "d" : "1756451567981268982",
      "t" : 1756451567981,
      "tn" : 1756451567981268982,
      "q" : "0.01",
      "p" : "323.59",
      "s" : "sell",
      "i" : "TAOUSD-PERP",
      "m" : "4611686018428605153"
    }, {
      "d" : "1756451567712215126",
      "t" : 1756451567712,
      "tn" : 1756451567712215126,
      "q" : "0.01",
      "p" : "323.59",
      "s" : "sell",
      "i" : "TAOUSD-PERP",
      "m" : "4611686018428605152"
    }, {
      "d" : "1756451567711306839",
      "t" : 1756451567711,
      "tn" : 1756451567711306839,
      "q" : "0.01",
      "p" : "323.61",
      "s" : "sell",
      "i" : "TAOUSD-PERP",
      "m" : "4611686018428605151"
    }, {
      "d" : "1756451567334615170",
      "t" : 1756451567334,
      "tn" : 1756451567334615170,
      "q" : "0.01",
      "p" : "323.76",
      "s" : "sell",
      "i" : "TAOUSD-PERP",
      "m" : "4611686018428605150"
    }, {
      "d" : "1756451567270228209",
      "t" : 1756451567270,
      "tn" : 1756451567270228209,
      "q" : "0.01",
      "p" : "323.64",
      "s" : "sell",
      "i" : "TAOUSD-PERP",
      "m" : "4611686018428605149"
    }, {
      "d" : "1756451567270225327",
      "t" : 1756451567270,
      "tn" : 1756451567270225327,
      "q" : "0.01",
      "p" : "323.65",
      "s" : "sell",
      "i" : "TAOUSD-PERP",
      "m" : "4611686018428605148"
    }, {
      "d" : "1756451566679113554",
      "t" : 1756451566679,
      "tn" : 1756451566679113554,
      "q" : "0.01",
      "p" : "323.79",
      "s" : "sell",
      "i" : "TAOUSD-PERP",
      "m" : "4611686018428605147"
    }, {
      "d" : "1756451566621657294",
      "t" : 1756451566621,
      "tn" : 1756451566621657294,
      "q" : "0.01",
      "p" : "323.65",
      "s" : "sell",
      "i" : "TAOUSD-PERP",
      "m" : "4611686018428605146"
    }, {
      "d" : "1756451566620224792",
      "t" : 1756451566620,
      "tn" : 1756451566620224792,
      "q" : "0.01",
      "p" : "323.67",
      "s" : "sell",
      "i" : "TAOUSD-PERP",
      "m" : "4611686018428605145"
    }, {
      "d" : "1756451566361288975",
      "t" : 1756451566361,
      "tn" : 1756451566361288975,
      "q" : "0.01",
      "p" : "323.68",
      "s" : "sell",
      "i" : "TAOUSD-PERP",
      "m" : "4611686018428605144"
    }, {
      "d" : "1756451566317475592",
      "t" : 1756451566317,
      "tn" : 1756451566317475592,
      "q" : "0.01",
      "p" : "323.76",
      "s" : "sell",
      "i" : "TAOUSD-PERP",
      "m" : "4611686018428605143"
    }, {
      "d" : "1756451566257421794",
      "t" : 1756451566257,
      "tn" : 1756451566257421794,
      "q" : "0.01",
      "p" : "323.70",
      "s" : "sell",
      "i" : "TAOUSD-PERP",
      "m" : "4611686018428605142"
    }, {
      "d" : "1756451566247434391",
      "t" : 1756451566247,
      "tn" : 1756451566247434391,
      "q" : "0.01",
      "p" : "323.69",
      "s" : "sell",
      "i" : "TAOUSD-PERP",
      "m" : "4611686018428605141"
    }, {
      "d" : "1756451566197379087",
      "t" : 1756451566197,
      "tn" : 1756451566197379087,
      "q" : "0.01",
      "p" : "323.82",
      "s" : "sell",
      "i" : "TAOUSD-PERP",
      "m" : "4611686018428605140"
    }, {
      "d" : "1756451566139293722",
      "t" : 1756451566139,
      "tn" : 1756451566139293722,
      "q" : "0.01",
      "p" : "323.71",
      "s" : "sell",
      "i" : "TAOUSD-PERP",
      "m" : "4611686018428605139"
    }, {
      "d" : "1756451566137814514",
      "t" : 1756451566137,
      "tn" : 1756451566137814514,
      "q" : "0.01",
      "p" : "323.72",
      "s" : "sell",
      "i" : "TAOUSD-PERP",
      "m" : "4611686018428605138"
    }, {
      "d" : "1756451564776174891",
      "t" : 1756451564776,
      "tn" : 1756451564776174891,
      "q" : "0.01",
      "p" : "323.79",
      "s" : "sell",
      "i" : "TAOUSD-PERP",
      "m" : "4611686018428605137"
    }, {
      "d" : "1756451561701410343",
      "t" : 1756451561701,
      "tn" : 1756451561701410343,
      "q" : "0.37",
      "p" : "322.84",
      "s" : "sell",
      "i" : "TAOUSD-PERP",
      "m" : "4611686018428605136"
    }, {
      "d" : "1756451561701407880",
      "t" : 1756451561701,
      "tn" : 1756451561701407880,
      "q" : "0.61",
      "p" : "323.01",
      "s" : "sell",
      "i" : "TAOUSD-PERP",
      "m" : "4611686018428605135"
    }, {
      "d" : "1756451561701405352",
      "t" : 1756451561701,
      "tn" : 1756451561701405352,
      "q" : "0.01",
      "p" : "323.64",
      "s" : "sell",
      "i" : "TAOUSD-PERP",
      "m" : "4611686018428605134"
    }, {
      "d" : "1756451561701402933",
      "t" : 1756451561701,
      "tn" : 1756451561701402933,
      "q" : "0.01",
      "p" : "323.70",
      "s" : "sell",
      "i" : "TAOUSD-PERP",
      "m" : "4611686018428605133"
    }, {
      "d" : "1756451558301537642",
      "t" : 1756451558301,
      "tn" : 1756451558301537642,
      "q" : "0.27",
      "p" : "323.97",
      "s" : "sell",
      "i" : "TAOUSD-PERP",
      "m" : "4611686018428605132"
    }, {
      "d" : "1756451558300225154",
      "t" : 1756451558300,
      "tn" : 1756451558300225154,
      "q" : "0.01",
      "p" : "324.06",
      "s" : "sell",
      "i" : "TAOUSD-PERP",
      "m" : "4611686018428605131"
    }, {
      "d" : "1756451558298711869",
      "t" : 1756451558298,
      "tn" : 1756451558298711869,
      "q" : "0.01",
      "p" : "324.16",
      "s" : "sell",
      "i" : "TAOUSD-PERP",
      "m" : "4611686018428605130"
    }, {
      "d" : "1756451557928340551",
      "t" : 1756451557928,
      "tn" : 1756451557928340551,
      "q" : "0.01",
      "p" : "324.30",
      "s" : "sell",
      "i" : "TAOUSD-PERP",
      "m" : "4611686018428605129"
    }, {
      "d" : "1756451557896030352",
      "t" : 1756451557896,
      "tn" : 1756451557896030352,
      "q" : "0.01",
      "p" : "324.19",
      "s" : "sell",
      "i" : "TAOUSD-PERP",
      "m" : "4611686018428605128"
    }, {
      "d" : "1756451557868250911",
      "t" : 1756451557868,
      "tn" : 1756451557868250911,
      "q" : "0.01",
      "p" : "324.25",
      "s" : "sell",
      "i" : "TAOUSD-PERP",
      "m" : "4611686018428605127"
    }, {
      "d" : "1756451557806555003",
      "t" : 1756451557806,
      "tn" : 1756451557806555003,
      "q" : "0.01",
      "p" : "324.36",
      "s" : "sell",
      "i" : "TAOUSD-PERP",
      "m" : "4611686018428605126"
    }, {
      "d" : "1756451557742902236",
      "t" : 1756451557742,
      "tn" : 1756451557742902236,
      "q" : "0.01",
      "p" : "324.28",
      "s" : "sell",
      "i" : "TAOUSD-PERP",
      "m" : "4611686018428605125"
    }, {
      "d" : "1756451557742395641",
      "t" : 1756451557742,
      "tn" : 1756451557742395641,
      "q" : "0.01",
      "p" : "324.31",
      "s" : "sell",
      "i" : "TAOUSD-PERP",
      "m" : "4611686018428605124"
    }, {
      "d" : "1756451557667956346",
      "t" : 1756451557667,
      "tn" : 1756451557667956346,
      "q" : "0.01",
      "p" : "324.42",
      "s" : "sell",
      "i" : "TAOUSD-PERP",
      "m" : "4611686018428605123"
    }, {
      "d" : "1756451557626566399",
      "t" : 1756451557626,
      "tn" : 1756451557626566399,
      "q" : "0.15",
      "p" : "324.52",
      "s" : "sell",
      "i" : "TAOUSD-PERP",
      "m" : "4611686018428605122"
    } ]
  }
}