{
  "id" : -1,
  "method" : "public/get-trades",
  "code" : 0,
  "result" : {
    "data" : [ {
      "d" : "1756405893474517171",
      "t" : 1756405893474,
      "tn" : 1756405893474517171,
      "q" : "4166",
      "p" : "0.004680",
      "s" : "buy",
      "i" : "TEVA_USD",
      "m" : "4611686018427427013"
    }, {
      "d" : "1756402390407594244",
      "t" : 1756402390407,
      "tn" : 1756402390407594244,
      "q" : "10000",
      "p" : "0.004600",
      "s" : "sell",
      "i" : "TEVA_USD",
      "m" : "4611686018427427012"
    }, {
      "d" : "1756398527596012936",
      "t" : 1756398527596,
      "tn" : 1756398527596012936,
      "q" : "698",
      "p" : "0.004724",
      "s" : "buy",
      "i" : "TEVA_USD",
      "m" : "4611686018427427011"
    }, {
      "d" : "1756397740791107221",
      "t" : 1756397740791,
      "tn" : 1756397740791107221,
      "q" : "97281",
      "p" : "0.004556",
      "s" : "buy",
      "i" : "TEVA_USD",
      "m" : "4611686018427427010"
    }, {
      "d" : "1756397740231617572",
      "t" : 1756397740231,
      "tn" : 1756397740231617572,
      "q" : "28790",
      "p" : "0.004556",
      "s" : "sell",
      "i" : "TEVA_USD",
      "m" : "4611686018427427009"
    }, {
      "d" : "1756397740231613033",
      "t" : 1756397740231,
      "tn" : 1756397740231613033,
      "q" : "29429",
      "p" : "0.004563",
      "s" : "sell",
      "i" : "TEVA_USD",
      "m" : "4611686018427427008"
    }, {
      "d" : "1756397740231609856",
      "t" : 1756397740231,
      "tn" : 1756397740231609856,
      "q" : "6143",
      "p" : "0.004564",
      "s" : "sell",
      "i" : "TEVA_USD",
      "m" : "4611686018427427007"
    }, {
      "d" : "1756397639741285016",
      "t" : 1756397639741,
      "tn" : 1756397639741285016,
      "q" : "27845",
      "p" : "0.004590",
      "s" : "sell",
      "i" : "TEVA_USD",
      "m" : "4611686018427427006"
    }, {
      "d" : "1756397639741281523",
      "t" : 1756397639741,
      "tn" : 1756397639741281523,
      "q" : "29429",
      "p" : "0.004597",
      "s" : "sell",
      "i" : "TEVA_USD",
      "m" : "4611686018427427005"
    }, {
      "d" : "1756397587422330676",
      "t" : 1756397587422,
      "tn" : 1756397587422330676,
      "q" : "29429",
      "p" : "0.004578",
      "s" : "sell",
      "i" : "TEVA_USD",
      "m" : "4611686018427427004"
    }, {
      "d" : "1756397587422327369",
      "t" : 1756397587422,
      "tn" : 1756397587422327369,
      "q" : "2569",
      "p" : "0.004579",
      "s" : "sell",
      "i" : "TEVA_USD",
      "m" : "4611686018427427003"
    }, {
      "d" : "1756397525837568748",
      "t" : 1756397525837,
      "tn" : 1756397525837568748,
      "q" : "10000",
      "p" : "0.004600",
      "s" : "sell",
      "i" : "TEVA_USD",
      "m" : "4611686018427427002"
    }, {
      "d" : "1756397525837565680",
      "t" : 1756397525837,
      "tn" : 1756397525837565680,
      "q" : "3873",
      "p" : "0.004601",
      "s" : "sell",
      "i" : "TEVA_USD",
      "m" : "4611686018427427001"
    }, {
      "d" : "1756397439164013073",
      "t" : 1756397439164,
      "tn" : 1756397439164013073,
      "q" : "29429",
      "p" : "0.004581",
      "s" : "sell",
      "i" : "TEVA_USD",
      "m" : "4611686018427427000"
    }, {
      "d" : "1756397427936404681",
      "t" : 1756397427936,
      "tn" : 1756397427936404681,
      "q" : "200000",
      "p" : "0.004586",
      "s" : "buy",
      "i" : "TEVA_USD",
      "m" : "4611686018427426999"
    }, {
      "d" : "1756397427932835438",
      "t" : 1756397427932,
      "tn" : 1756397427932835438,
      "q" : "29429",
      "p" : "0.004586",
      "s" : "sell",
      "i" : "TEVA_USD",
      "m" : "4611686018427426998"
    }, {
      "d" : "1756397427932832224",
      "t" : 1756397427932,
      "tn" : 1756397427932832224,
      "q" : "6209",
      "p" : "0.004587",
      "s" : "sell",
      "i" : "TEVA_USD",
      "m" : "4611686018427426997"
    }, {
      "d" : "1756397227454447386",
      "t" : 1756397227454,
      "tn" : 1756397227454447386,
      "q" : "55076",
      "p" : "0.004580",
      "s" : "buy",
      "i" : "TEVA_USD",
      "m" : "4611686018427426996"
    }, {
      "d" : "1756397227391282204",
      "t" : 1756397227391,
      "tn" : 1756397227391282204,
      "q" : "200000",
      "p" : "0.004580",
      "s" : "buy",
      "i" : "TEVA_USD",
      "m" : "4611686018427426995"
    }, {
      "d" : "1756397227371399086",
      "t" : 1756397227371,
      "tn" : 1756397227371399086,
      "q" : "100000",
      "p" : "0.004580",
      "s" : "buy",
      "i" : "TEVA_USD",
      "m" : "4611686018427426994"
    }, {
      "d" : "1756397227363451207",
      "t" : 1756397227363,
      "tn" : 1756397227363451207,
      "q" : "29429",
      "p" : "0.004580",
      "s" : "sell",
      "i" : "TEVA_USD",
      "m" : "4611686018427426993"
    }, {
      "d" : "1756397227363447287",
      "t" : 1756397227363,
      "tn" : 1756397227363447287,
      "q" : "115636",
      "p" : "0.004581",
      "s" : "sell",
      "i" : "TEVA_USD",
      "m" : "4611686018427426992"
    } ]
  }
}