{
  "id" : -1,
  "method" : "public/get-trades",
  "code" : 0,
  "result" : {
    "data" : [ {
      "d" : "1756460933739910345",
      "t" : 1756460933739,
      "tn" : 1756460933739910345,
      "q" : "212",
      "p" : "0.033963",
      "s" : "buy",
      "i" : "TFUEL_USD",
      "m" : "4611686018430229058"
    }, {
      "d" : "1756453070632017482",
      "t" : 1756453070632,
      "tn" : 1756453070632017482,
      "q" : "7665",
      "p" : "0.034274",
      "s" : "buy",
      "i" : "TFUEL_USD",
      "m" : "4611686018430229057"
    }, {
      "d" : "1756453061114137599",
      "t" : 1756453061114,
      "tn" : 1756453061114137599,
      "q" : "581",
      "p" : "0.034398",
      "s" : "sell",
      "i" : "TFUEL_USD",
      "m" : "4611686018430229056"
    }, {
      "d" : "1756453061110250616",
      "t" : 1756453061110,
      "tn" : 1756453061110250616,
      "q" : "10900",
      "p" : "0.034427",
      "s" : "sell",
      "i" : "TFUEL_USD",
      "m" : "4611686018430229055"
    }, {
      "d" : "1756444011389349771",
      "t" : 1756444011389,
      "tn" : 1756444011389349771,
      "q" : "12880",
      "p" : "0.035172",
      "s" : "sell",
      "i" : "TFUEL_USD",
      "m" : "4611686018430229054"
    }, {
      "d" : "1756444011385333999",
      "t" : 1756444011385,
      "tn" : 1756444011385333999,
      "q" : "379",
      "p" : "0.035172",
      "s" : "buy",
      "i" : "TFUEL_USD",
      "m" : "4611686018430229053"
    }, {
      "d" : "1756439128632378565",
      "t" : 1756439128632,
      "tn" : 1756439128632378565,
      "q" : "19392",
      "p" : "0.035234",
      "s" : "buy",
      "i" : "TFUEL_USD",
      "m" : "4611686018430229052"
    }, {
      "d" : "1756439122655799285",
      "t" : 1756439122655,
      "tn" : 1756439122655799285,
      "q" : "25054",
      "p" : "0.035196",
      "s" : "sell",
      "i" : "TFUEL_USD",
      "m" : "4611686018430229051"
    }, {
      "d" : "1756439122648187375",
      "t" : 1756439122648,
      "tn" : 1756439122648187375,
      "q" : "5001",
      "p" : "0.035196",
      "s" : "buy",
      "i" : "TFUEL_USD",
      "m" : "4611686018430229050"
    }, {
      "d" : "1756438746721265209",
      "t" : 1756438746721,
      "tn" : 1756438746721265209,
      "q" : "5000",
      "p" : "0.035088",
      "s" : "sell",
      "i" : "TFUEL_USD",
      "m" : "4611686018430229049"
    }, {
      "d" : "1756438568723575634",
      "t" : 1756438568723,
      "tn" : 1756438568723575634,
      "q" : "5262",
      "p" : "0.035186",
      "s" : "buy",
      "i" : "TFUEL_USD",
      "m" : "4611686018430229048"
    }, {
      "d" : "1756430594514781142",
      "t" : 1756430594514,
      "tn" : 1756430594514781142,
      "q" : "20116",
      "p" : "0.034923",
      "s" : "sell",
      "i" : "TFUEL_USD",
      "m" : "4611686018430229047"
    }, {
      "d" : "1756430594510488233",
      "t" : 1756430594510,
      "tn" : 1756430594510488233,
      "q" : "10900",
      "p" : "0.034923",
      "s" : "buy",
      "i" : "TFUEL_USD",
      "m" : "4611686018430229046"
    }, {
      "d" : "1756429135999929620",
      "t" : 1756429135999,
      "tn" : 1756429135999929620,
      "q" : "5000",
      "p" : "0.035031",
      "s" : "sell",
      "i" : "TFUEL_USD",
      "m" : "4611686018430229045"
    }, {
      "d" : "1756427465656276416",
      "t" : 1756427465656,
      "tn" : 1756427465656276416,
      "q" : "5143",
      "p" : "0.035344",
      "s" : "sell",
      "i" : "TFUEL_USD",
      "m" : "4611686018430229044"
    }, {
      "d" : "1756427465649692545",
      "t" : 1756427465649,
      "tn" : 1756427465649692545,
      "q" : "3157",
      "p" : "0.035344",
      "s" : "buy",
      "i" : "TFUEL_USD",
      "m" : "4611686018430229043"
    }, {
      "d" : "1756427380191299078",
      "t" : 1756427380191,
      "tn" : 1756427380191299078,
      "q" : "5000",
      "p" : "0.035406",
      "s" : "sell",
      "i" : "TFUEL_USD",
      "m" : "4611686018430229042"
    }, {
      "d" : "1756427303623702386",
      "t" : 1756427303623,
      "tn" : 1756427303623702386,
      "q" : "5000",
      "p" : "0.035348",
      "s" : "buy",
      "i" : "TFUEL_USD",
      "m" : "4611686018430229041"
    }, {
      "d" : "1756427205071396390",
      "t" : 1756427205071,
      "tn" : 1756427205071396390,
      "q" : "4696",
      "p" : "0.035357",
      "s" : "sell",
      "i" : "TFUEL_USD",
      "m" : "4611686018430229040"
    }, {
      "d" : "1756427205064096220",
      "t" : 1756427205064,
      "tn" : 1756427205064096220,
      "q" : "5304",
      "p" : "0.035348",
      "s" : "buy",
      "i" : "TFUEL_USD",
      "m" : "4611686018430229039"
    }, {
      "d" : "1756426981863903261",
      "t" : 1756426981863,
      "tn" : 1756426981863903261,
      "q" : "10900",
      "p" : "0.035358",
      "s" : "sell",
      "i" : "TFUEL_USD",
      "m" : "4611686018430229038"
    }, {
      "d" : "1756426981863900891",
      "t" : 1756426981863,
      "tn" : 1756426981863900891,
      "q" : "4242",
      "p" : "0.035359",
      "s" : "sell",
      "i" : "TFUEL_USD",
      "m" : "4611686018430229037"
    }, {
      "d" : "1756426486400991988",
      "t" : 1756426486400,
      "tn" : 1756426486400991988,
      "q" : "11575",
      "p" : "0.035550",
      "s" : "sell",
      "i" : "TFUEL_USD",
      "m" : "4611686018430229036"
    }, {
      "d" : "1756426485812053300",
      "t" : 1756426485812,
      "tn" : 1756426485812053300,
      "q" : "4218",
      "p" : "0.035556",
      "s" : "sell",
      "i" : "TFUEL_USD",
      "m" : "4611686018430229035"
    }, {
      "d" : "1756425915188193082",
      "t" : 1756425915188,
      "tn" : 1756425915188193082,
      "q" : "13140",
      "p" : "0.035645",
      "s" : "buy",
      "i" : "TFUEL_USD",
      "m" : "4611686018430229034"
    }, {
      "d" : "1756425701311862542",
      "t" : 1756425701311,
      "tn" : 1756425701311862542,
      "q" : "25644",
      "p" : "0.035765",
      "s" : "buy",
      "i" : "TFUEL_USD",
      "m" : "4611686018430229033"
    }, {
      "d" : "1756425701311859458",
      "t" : 1756425701311,
      "tn" : 1756425701311859458,
      "q" : "901",
      "p" : "0.035764",
      "s" : "buy",
      "i" : "TFUEL_USD",
      "m" : "4611686018430229032"
    }, {
      "d" : "1756425667082066746",
      "t" : 1756425667082,
      "tn" : 1756425667082066746,
      "q" : "29549",
      "p" : "0.035579",
      "s" : "buy",
      "i" : "TFUEL_USD",
      "m" : "4611686018430229031"
    }, {
      "d" : "1756425466022335178",
      "t" : 1756425466022,
      "tn" : 1756425466022335178,
      "q" : "2193",
      "p" : "0.035712",
      "s" : "sell",
      "i" : "TFUEL_USD",
      "m" : "4611686018430229030"
    }, {
      "d" : "1756425466015760999",
      "t" : 1756425466015,
      "tn" : 1756425466015760999,
      "q" : "7807",
      "p" : "0.035712",
      "s" : "buy",
      "i" : "TFUEL_USD",
      "m" : "4611686018430229029"
    }, {
      "d" : "1756425429887178505",
      "t" : 1756425429887,
      "tn" : 1756425429887178505,
      "q" : "10000",
      "p" : "0.035662",
      "s" : "buy",
      "i" : "TFUEL_USD",
      "m" : "4611686018430229028"
    }, {
      "d" : "1756425389044702647",
      "t" : 1756425389044,
      "tn" : 1756425389044702647,
      "q" : "10900",
      "p" : "0.035739",
      "s" : "sell",
      "i" : "TFUEL_USD",
      "m" : "4611686018430229027"
    }, {
      "d" : "1756425371516169991",
      "t" : 1756425371516,
      "tn" : 1756425371516169991,
      "q" : "10000",
      "p" : "0.035925",
      "s" : "buy",
      "i" : "TFUEL_USD",
      "m" : "4611686018430229026"
    }, {
      "d" : "1756425359198542812",
      "t" : 1756425359198,
      "tn" : 1756425359198542812,
      "q" : "1480",
      "p" : "0.035582",
      "s" : "sell",
      "i" : "TFUEL_USD",
      "m" : "4611686018430229025"
    }, {
      "d" : "1756425359198541503",
      "t" : 1756425359198,
      "tn" : 1756425359198541503,
      "q" : "5162",
      "p" : "0.035583",
      "s" : "sell",
      "i" : "TFUEL_USD",
      "m" : "4611686018430229024"
    }, {
      "d" : "1756425359198516890",
      "t" : 1756425359198,
      "tn" : 1756425359198516890,
      "q" : "2650",
      "p" : "0.035583",
      "s" : "sell",
      "i" : "TFUEL_USD",
      "m" : "4611686018430229023"
    }, {
      "d" : "1756425359193798287",
      "t" : 1756425359193,
      "tn" : 1756425359193798287,
      "q" : "10154",
      "p" : "0.035616",
      "s" : "buy",
      "i" : "TFUEL_USD",
      "m" : "4611686018430229022"
    }, {
      "d" : "1756425359193795785",
      "t" : 1756425359193,
      "tn" : 1756425359193795785,
      "q" : "25644",
      "p" : "0.035584",
      "s" : "buy",
      "i" : "TFUEL_USD",
      "m" : "4611686018430229021"
    }, {
      "d" : "1756425359193792707",
      "t" : 1756425359193,
      "tn" : 1756425359193792707,
      "q" : "7031",
      "p" : "0.035583",
      "s" : "buy",
      "i" : "TFUEL_USD",
      "m" : "4611686018430229020"
    }, {
      "d" : "1756425323674174939",
      "t" : 1756425323674,
      "tn" : 1756425323674174939,
      "q" : "10000",
      "p" : "0.035594",
      "s" : "buy",
      "i" : "TFUEL_USD",
      "m" : "4611686018430229019"
    }, {
      "d" : "1756425289964714435",
      "t" : 1756425289964,
      "tn" : 1756425289964714435,
      "q" : "10000",
      "p" : "0.035614",
      "s" : "buy",
      "i" : "TFUEL_USD",
      "m" : "4611686018430229018"
    }, {
      "d" : "1756425257186361099",
      "t" : 1756425257186,
      "tn" : 1756425257186361099,
      "q" : "2675",
      "p" : "0.035613",
      "s" : "sell",
      "i" : "TFUEL_USD",
      "m" : "4611686018430229017"
    }, {
      "d" : "1756425257179199991",
      "t" : 1756425257179,
      "tn" : 1756425257179199991,
      "q" : "7325",
      "p" : "0.035613",
      "s" : "buy",
      "i" : "TFUEL_USD",
      "m" : "4611686018430229016"
    }, {
      "d" : "1756425221835229223",
      "t" : 1756425221835,
      "tn" : 1756425221835229223,
      "q" : "2178",
      "p" : "0.035612",
      "s" : "sell",
      "i" : "TFUEL_USD",
      "m" : "4611686018430229015"
    }, {
      "d" : "1756425221828727093",
      "t" : 1756425221828,
      "tn" : 1756425221828727093,
      "q" : "7822",
      "p" : "0.035612",
      "s" : "buy",
      "i" : "TFUEL_USD",
      "m" : "4611686018430229014"
    }, {
      "d" : "1756425187228638267",
      "t" : 1756425187228,
      "tn" : 1756425187228638267,
      "q" : "10000",
      "p" : "0.035887",
      "s" : "sell",
      "i" : "TFUEL_USD",
      "m" : "4611686018430229013"
    }, {
      "d" : "1756425152628299849",
      "t" : 1756425152628,
      "tn" : 1756425152628299849,
      "q" : "7325",
      "p" : "0.035370",
      "s" : "sell",
      "i" : "TFUEL_USD",
      "m" : "4611686018430229012"
    }, {
      "d" : "1756425152625589104",
      "t" : 1756425152625,
      "tn" : 1756425152625589104,
      "q" : "12907",
      "p" : "0.035512",
      "s" : "sell",
      "i" : "TFUEL_USD",
      "m" : "4611686018430229011"
    }, {
      "d" : "1756425152625017096",
      "t" : 1756425152625,
      "tn" : 1756425152625017096,
      "q" : "6636",
      "p" : "0.035512",
      "s" : "sell",
      "i" : "TFUEL_USD",
      "m" : "4611686018430229010"
    }, {
      "d" : "1756425152618726708",
      "t" : 1756425152618,
      "tn" : 1756425152618726708,
      "q" : "457",
      "p" : "0.035512",
      "s" : "buy",
      "i" : "TFUEL_USD",
      "m" : "4611686018430229009"
    }, {
      "d" : "1756425019517448886",
      "t" : 1756425019517,
      "tn" : 1756425019517448886,
      "q" : "4585",
      "p" : "0.035532",
      "s" : "buy",
      "i" : "TFUEL_USD",
      "m" : "4611686018430229008"
    }, {
      "d" : "1756424985977440262",
      "t" : 1756424985977,
      "tn" : 1756424985977440262,
      "q" : "5043",
      "p" : "0.035363",
      "s" : "buy",
      "i" : "TFUEL_USD",
      "m" : "4611686018430229007"
    }, {
      "d" : "1756424985928975199",
      "t" : 1756424985928,
      "tn" : 1756424985928975199,
      "q" : "23963",
      "p" : "0.035336",
      "s" : "buy",
      "i" : "TFUEL_USD",
      "m" : "4611686018430229006"
    }, {
      "d" : "1756424985928973063",
      "t" : 1756424985928,
      "tn" : 1756424985928973063,
      "q" : "20024",
      "p" : "0.035334",
      "s" : "buy",
      "i" : "TFUEL_USD",
      "m" : "4611686018430229005"
    }, {
      "d" : "1756424985928970087",
      "t" : 1756424985928,
      "tn" : 1756424985928970087,
      "q" : "2477",
      "p" : "0.035302",
      "s" : "buy",
      "i" : "TFUEL_USD",
      "m" : "4611686018430229004"
    }, {
      "d" : "1756422727140074090",
      "t" : 1756422727140,
      "tn" : 1756422727140074090,
      "q" : "361",
      "p" : "0.035396",
      "s" : "sell",
      "i" : "TFUEL_USD",
      "m" : "4611686018430229003"
    }, {
      "d" : "1756422657884089613",
      "t" : 1756422657884,
      "tn" : 1756422657884089613,
      "q" : "1058",
      "p" : "0.035416",
      "s" : "sell",
      "i" : "TFUEL_USD",
      "m" : "4611686018430229002"
    }, {
      "d" : "1756422657878012455",
      "t" : 1756422657878,
      "tn" : 1756422657878012455,
      "q" : "1058",
      "p" : "0.035416",
      "s" : "sell",
      "i" : "TFUEL_USD",
      "m" : "4611686018430229001"
    }, {
      "d" : "1756422272202846374",
      "t" : 1756422272202,
      "tn" : 1756422272202846374,
      "q" : "10900",
      "p" : "0.035378",
      "s" : "buy",
      "i" : "TFUEL_USD",
      "m" : "4611686018430229000"
    }, {
      "d" : "1756419223381602145",
      "t" : 1756419223381,
      "tn" : 1756419223381602145,
      "q" : "1021",
      "p" : "0.035132",
      "s" : "buy",
      "i" : "TFUEL_USD",
      "m" : "4611686018430228999"
    }, {
      "d" : "1756419223380725269",
      "t" : 1756419223380,
      "tn" : 1756419223380725269,
      "q" : "2478",
      "p" : "0.035132",
      "s" : "buy",
      "i" : "TFUEL_USD",
      "m" : "4611686018430228998"
    }, {
      "d" : "1756419223376252121",
      "t" : 1756419223376,
      "tn" : 1756419223376252121,
      "q" : "569",
      "p" : "0.035132",
      "s" : "sell",
      "i" : "TFUEL_USD",
      "m" : "4611686018430228997"
    }, {
      "d" : "1756416666402082550",
      "t" : 1756416666402,
      "tn" : 1756416666402082550,
      "q" : "6100",
      "p" : "0.034859",
      "s" : "sell",
      "i" : "TFUEL_USD",
      "m" : "4611686018430228996"
    }, {
      "d" : "1756413877298361893",
      "t" : 1756413877298,
      "tn" : 1756413877298361893,
      "q" : "3774",
      "p" : "0.034668",
      "s" : "sell",
      "i" : "TFUEL_USD",
      "m" : "4611686018430228995"
    }, {
      "d" : "1756412277852650709",
      "t" : 1756412277852,
      "tn" : 1756412277852650709,
      "q" : "8960",
      "p" : "0.034707",
      "s" : "buy",
      "i" : "TFUEL_USD",
      "m" : "4611686018430228994"
    }, {
      "d" : "1756412277846031035",
      "t" : 1756412277846,
      "tn" : 1756412277846031035,
      "q" : "20024",
      "p" : "0.034707",
      "s" : "sell",
      "i" : "TFUEL_USD",
      "m" : "4611686018430228993"
    }, {
      "d" : "1756412274960738046",
      "t" : 1756412274960,
      "tn" : 1756412274960738046,
      "q" : "20116",
      "p" : "0.034754",
      "s" : "buy",
      "i" : "TFUEL_USD",
      "m" : "4611686018430228992"
    }, {
      "d" : "1756412274954238712",
      "t" : 1756412274954,
      "tn" : 1756412274954238712,
      "q" : "10900",
      "p" : "0.034754",
      "s" : "sell",
      "i" : "TFUEL_USD",
      "m" : "4611686018430228991"
    }, {
      "d" : "1756412112615532277",
      "t" : 1756412112615,
      "tn" : 1756412112615532277,
      "q" : "13810",
      "p" : "0.034882",
      "s" : "buy",
      "i" : "TFUEL_USD",
      "m" : "4611686018430228990"
    }, {
      "d" : "1756412109436245848",
      "t" : 1756412109436,
      "tn" : 1756412109436245848,
      "q" : "2297",
      "p" : "0.034823",
      "s" : "sell",
      "i" : "TFUEL_USD",
      "m" : "4611686018430228989"
    }, {
      "d" : "1756412109423162319",
      "t" : 1756412109423,
      "tn" : 1756412109423162319,
      "q" : "20024",
      "p" : "0.034823",
      "s" : "buy",
      "i" : "TFUEL_USD",
      "m" : "4611686018430228988"
    }, {
      "d" : "1756409221127381967",
      "t" : 1756409221127,
      "tn" : 1756409221127381967,
      "q" : "19535",
      "p" : "0.034913",
      "s" : "buy",
      "i" : "TFUEL_USD",
      "m" : "4611686018430228987"
    }, {
      "d" : "1756409215946626361",
      "t" : 1756409215946,
      "tn" : 1756409215946626361,
      "q" : "9816",
      "p" : "0.034912",
      "s" : "buy",
      "i" : "TFUEL_USD",
      "m" : "4611686018430228986"
    }, {
      "d" : "1756409212365470571",
      "t" : 1756409212365,
      "tn" : 1756409212365470571,
      "q" : "2292",
      "p" : "0.034911",
      "s" : "sell",
      "i" : "TFUEL_USD",
      "m" : "4611686018430228985"
    }, {
      "d" : "1756409212361592129",
      "t" : 1756409212361,
      "tn" : 1756409212361592129,
      "q" : "1219",
      "p" : "0.034911",
      "s" : "sell",
      "i" : "TFUEL_USD",
      "m" : "4611686018430228984"
    }, {
      "d" : "1756409212352717461",
      "t" : 1756409212352,
      "tn" : 1756409212352717461,
      "q" : "3288",
      "p" : "0.034911",
      "s" : "buy",
      "i" : "TFUEL_USD",
      "m" : "4611686018430228983"
    }, {
      "d" : "1756409208201406547",
      "t" : 1756409208201,
      "tn" : 1756409208201406547,
      "q" : "1830",
      "p" : "0.034883",
      "s" : "sell",
      "i" : "TFUEL_USD",
      "m" : "4611686018430228982"
    }, {
      "d" : "1756409208187467672",
      "t" : 1756409208187,
      "tn" : 1756409208187467672,
      "q" : "20024",
      "p" : "0.034883",
      "s" : "buy",
      "i" : "TFUEL_USD",
      "m" : "4611686018430228981"
    }, {
      "d" : "1756408504870611104",
      "t" : 1756408504870,
      "tn" : 1756408504870611104,
      "q" : "238",
      "p" : "0.034957",
      "s" : "sell",
      "i" : "TFUEL_USD",
      "m" : "4611686018430228980"
    }, {
      "d" : "1756408504864858523",
      "t" : 1756408504864,
      "tn" : 1756408504864858523,
      "q" : "715",
      "p" : "0.034957",
      "s" : "sell",
      "i" : "TFUEL_USD",
      "m" : "4611686018430228979"
    }, {
      "d" : "1756408504857415033",
      "t" : 1756408504857,
      "tn" : 1756408504857415033,
      "q" : "3811",
      "p" : "0.034957",
      "s" : "buy",
      "i" : "TFUEL_USD",
      "m" : "4611686018430228978"
    }, {
      "d" : "1756404426443678346",
      "t" : 1756404426443,
      "tn" : 1756404426443678346,
      "q" : "7090",
      "p" : "0.034919",
      "s" : "sell",
      "i" : "TFUEL_USD",
      "m" : "4611686018430228977"
    }, {
      "d" : "1756398211309922312",
      "t" : 1756398211309,
      "tn" : 1756398211309922312,
      "q" : "7817",
      "p" : "0.035057",
      "s" : "buy",
      "i" : "TFUEL_USD",
      "m" : "4611686018430228976"
    }, {
      "d" : "1756398211304823276",
      "t" : 1756398211304,
      "tn" : 1756398211304823276,
      "q" : "570",
      "p" : "0.035057",
      "s" : "sell",
      "i" : "TFUEL_USD",
      "m" : "4611686018430228975"
    }, {
      "d" : "1756398208284646258",
      "t" : 1756398208284,
      "tn" : 1756398208284646258,
      "q" : "92",
      "p" : "0.035084",
      "s" : "sell",
      "i" : "TFUEL_USD",
      "m" : "4611686018430228974"
    }, {
      "d" : "1756398208284644529",
      "t" : 1756398208284,
      "tn" : 1756398208284644529,
      "q" : "20024",
      "p" : "0.035090",
      "s" : "sell",
      "i" : "TFUEL_USD",
      "m" : "4611686018430228973"
    }, {
      "d" : "1756398208284642563",
      "t" : 1756398208284,
      "tn" : 1756398208284642563,
      "q" : "10900",
      "p" : "0.035091",
      "s" : "sell",
      "i" : "TFUEL_USD",
      "m" : "4611686018430228972"
    }, {
      "d" : "1756396961048691004",
      "t" : 1756396961048,
      "tn" : 1756396961048691004,
      "q" : "5662",
      "p" : "0.035326",
      "s" : "sell",
      "i" : "TFUEL_USD",
      "m" : "4611686018430228971"
    }, {
      "d" : "1756396961036137707",
      "t" : 1756396961036,
      "tn" : 1756396961036137707,
      "q" : "14154",
      "p" : "0.035326",
      "s" : "sell",
      "i" : "TFUEL_USD",
      "m" : "4611686018430228970"
    }, {
      "d" : "1756396960505543365",
      "t" : 1756396960505,
      "tn" : 1756396960505543365,
      "q" : "5307",
      "p" : "0.035326",
      "s" : "buy",
      "i" : "TFUEL_USD",
      "m" : "4611686018430228969"
    }, {
      "d" : "1756396957312306811",
      "t" : 1756396957312,
      "tn" : 1756396957312306811,
      "q" : "2108",
      "p" : "0.035247",
      "s" : "sell",
      "i" : "TFUEL_USD",
      "m" : "4611686018430228968"
    }, {
      "d" : "1756396957294748180",
      "t" : 1756396957294,
      "tn" : 1756396957294748180,
      "q" : "20024",
      "p" : "0.035247",
      "s" : "buy",
      "i" : "TFUEL_USD",
      "m" : "4611686018430228967"
    }, {
      "d" : "1756396499980554895",
      "t" : 1756396499980,
      "tn" : 1756396499980554895,
      "q" : "6975",
      "p" : "0.035306",
      "s" : "buy",
      "i" : "TFUEL_USD",
      "m" : "4611686018430228966"
    }, {
      "d" : "1756396462285970600",
      "t" : 1756396462285,
      "tn" : 1756396462285970600,
      "q" : "2565",
      "p" : "0.035182",
      "s" : "buy",
      "i" : "TFUEL_USD",
      "m" : "4611686018430228965"
    }, {
      "d" : "1756396423984078872",
      "t" : 1756396423984,
      "tn" : 1756396423984078872,
      "q" : "2565",
      "p" : "0.035056",
      "s" : "sell",
      "i" : "TFUEL_USD",
      "m" : "4611686018430228964"
    }, {
      "d" : "1756393352635277453",
      "t" : 1756393352635,
      "tn" : 1756393352635277453,
      "q" : "7361",
      "p" : "0.035510",
      "s" : "buy",
      "i" : "TFUEL_USD",
      "m" : "4611686018430228963"
    }, {
      "d" : "1756392402853244953",
      "t" : 1756392402853,
      "tn" : 1756392402853244953,
      "q" : "1312",
      "p" : "0.035388",
      "s" : "sell",
      "i" : "TFUEL_USD",
      "m" : "4611686018430228962"
    }, {
      "d" : "1756392372965781573",
      "t" : 1756392372965,
      "tn" : 1756392372965781573,
      "q" : "1438",
      "p" : "0.035385",
      "s" : "sell",
      "i" : "TFUEL_USD",
      "m" : "4611686018430228961"
    }, {
      "d" : "1756392372936061033",
      "t" : 1756392372936,
      "tn" : 1756392372936061033,
      "q" : "2261",
      "p" : "0.035386",
      "s" : "sell",
      "i" : "TFUEL_USD",
      "m" : "4611686018430228960"
    }, {
      "d" : "1756392364916953468",
      "t" : 1756392364916,
      "tn" : 1756392364916953468,
      "q" : "707",
      "p" : "0.035371",
      "s" : "sell",
      "i" : "TFUEL_USD",
      "m" : "4611686018430228959"
    }, {
      "d" : "1756392364227715997",
      "t" : 1756392364227,
      "tn" : 1756392364227715997,
      "q" : "666",
      "p" : "0.035365",
      "s" : "sell",
      "i" : "TFUEL_USD",
      "m" : "4611686018430228958"
    }, {
      "d" : "1756392364144085117",
      "t" : 1756392364144,
      "tn" : 1756392364144085117,
      "q" : "2262",
      "p" : "0.035362",
      "s" : "sell",
      "i" : "TFUEL_USD",
      "m" : "4611686018430228957"
    }, {
      "d" : "1756392363336688668",
      "t" : 1756392363336,
      "tn" : 1756392363336688668,
      "q" : "2367",
      "p" : "0.035364",
      "s" : "sell",
      "i" : "TFUEL_USD",
      "m" : "4611686018430228956"
    }, {
      "d" : "1756392363284880522",
      "t" : 1756392363284,
      "tn" : 1756392363284880522,
      "q" : "1340",
      "p" : "0.035364",
      "s" : "sell",
      "i" : "TFUEL_USD",
      "m" : "4611686018430228955"
    }, {
      "d" : "1756392363253646991",
      "t" : 1756392363253,
      "tn" : 1756392363253646991,
      "q" : "691",
      "p" : "0.035363",
      "s" : "sell",
      "i" : "TFUEL_USD",
      "m" : "4611686018430228954"
    }, {
      "d" : "1756392361782510495",
      "t" : 1756392361782,
      "tn" : 1756392361782510495,
      "q" : "857",
      "p" : "0.035353",
      "s" : "sell",
      "i" : "TFUEL_USD",
      "m" : "4611686018430228953"
    }, {
      "d" : "1756392361764770302",
      "t" : 1756392361764,
      "tn" : 1756392361764770302,
      "q" : "1131",
      "p" : "0.035352",
      "s" : "sell",
      "i" : "TFUEL_USD",
      "m" : "4611686018430228952"
    }, {
      "d" : "1756392361085219751",
      "t" : 1756392361085,
      "tn" : 1756392361085219751,
      "q" : "1343",
      "p" : "0.035347",
      "s" : "sell",
      "i" : "TFUEL_USD",
      "m" : "4611686018430228951"
    }, {
      "d" : "1756392361066246496",
      "t" : 1756392361066,
      "tn" : 1756392361066246496,
      "q" : "2372",
      "p" : "0.035348",
      "s" : "sell",
      "i" : "TFUEL_USD",
      "m" : "4611686018430228950"
    }, {
      "d" : "1756392353238179458",
      "t" : 1756392353238,
      "tn" : 1756392353238179458,
      "q" : "1211",
      "p" : "0.035343",
      "s" : "sell",
      "i" : "TFUEL_USD",
      "m" : "4611686018430228949"
    }, {
      "d" : "1756392353069356753",
      "t" : 1756392353069,
      "tn" : 1756392353069356753,
      "q" : "1041",
      "p" : "0.035342",
      "s" : "sell",
      "i" : "TFUEL_USD",
      "m" : "4611686018430228948"
    }, {
      "d" : "1756392044545772745",
      "t" : 1756392044545,
      "tn" : 1756392044545772745,
      "q" : "349",
      "p" : "0.035273",
      "s" : "buy",
      "i" : "TFUEL_USD",
      "m" : "4611686018430228947"
    }, {
      "d" : "1756391477439655380",
      "t" : 1756391477439,
      "tn" : 1756391477439655380,
      "q" : "5600",
      "p" : "0.035383",
      "s" : "buy",
      "i" : "TFUEL_USD",
      "m" : "4611686018430228946"
    }, {
      "d" : "1756391183549271363",
      "t" : 1756391183549,
      "tn" : 1756391183549271363,
      "q" : "280",
      "p" : "0.035253",
      "s" : "sell",
      "i" : "TFUEL_USD",
      "m" : "4611686018430228945"
    }, {
      "d" : "1756391115884088599",
      "t" : 1756391115884,
      "tn" : 1756391115884088599,
      "q" : "300",
      "p" : "0.035254",
      "s" : "buy",
      "i" : "TFUEL_USD",
      "m" : "4611686018430228944"
    }, {
      "d" : "1756391066778370420",
      "t" : 1756391066778,
      "tn" : 1756391066778370420,
      "q" : "709",
      "p" : "0.035253",
      "s" : "sell",
      "i" : "TFUEL_USD",
      "m" : "4611686018430228943"
    }, {
      "d" : "1756391066760490802",
      "t" : 1756391066760,
      "tn" : 1756391066760490802,
      "q" : "664",
      "p" : "0.035253",
      "s" : "sell",
      "i" : "TFUEL_USD",
      "m" : "4611686018430228942"
    }, {
      "d" : "1756391064020738302",
      "t" : 1756391064020,
      "tn" : 1756391064020738302,
      "q" : "877",
      "p" : "0.035253",
      "s" : "buy",
      "i" : "TFUEL_USD",
      "m" : "4611686018430228941"
    }, {
      "d" : "1756391032335917033",
      "t" : 1756391032335,
      "tn" : 1756391032335917033,
      "q" : "5000",
      "p" : "0.035253",
      "s" : "buy",
      "i" : "TFUEL_USD",
      "m" : "4611686018430228940"
    }, {
      "d" : "1756391026320266582",
      "t" : 1756391026320,
      "tn" : 1756391026320266582,
      "q" : "2500",
      "p" : "0.035253",
      "s" : "buy",
      "i" : "TFUEL_USD",
      "m" : "4611686018430228939"
    }, {
      "d" : "1756387161456415406",
      "t" : 1756387161456,
      "tn" : 1756387161456415406,
      "q" : "344",
      "p" : "0.035076",
      "s" : "buy",
      "i" : "TFUEL_USD",
      "m" : "4611686018430228938"
    }, {
      "d" : "1756384482202536073",
      "t" : 1756384482202,
      "tn" : 1756384482202536073,
      "q" : "2685",
      "p" : "0.035076",
      "s" : "sell",
      "i" : "TFUEL_USD",
      "m" : "4611686018430228937"
    }, {
      "d" : "1756384452202330047",
      "t" : 1756384452202,
      "tn" : 1756384452202330047,
      "q" : "5692",
      "p" : "0.035080",
      "s" : "sell",
      "i" : "TFUEL_USD",
      "m" : "4611686018430228936"
    }, {
      "d" : "1756384427355927345",
      "t" : 1756384427355,
      "tn" : 1756384427355927345,
      "q" : "14032",
      "p" : "0.035163",
      "s" : "sell",
      "i" : "TFUEL_USD",
      "m" : "4611686018430228935"
    }, {
      "d" : "1756384427355527983",
      "t" : 1756384427355,
      "tn" : 1756384427355527983,
      "q" : "6865",
      "p" : "0.035163",
      "s" : "sell",
      "i" : "TFUEL_USD",
      "m" : "4611686018430228934"
    }, {
      "d" : "1756384427350901479",
      "t" : 1756384427350,
      "tn" : 1756384427350901479,
      "q" : "1376",
      "p" : "0.035163",
      "s" : "buy",
      "i" : "TFUEL_USD",
      "m" : "4611686018430228933"
    }, {
      "d" : "1756384422964586769",
      "t" : 1756384422964,
      "tn" : 1756384422964586769,
      "q" : "4278",
      "p" : "0.035163",
      "s" : "buy",
      "i" : "TFUEL_USD",
      "m" : "4611686018430228932"
    }, {
      "d" : "1756384422201111029",
      "t" : 1756384422201,
      "tn" : 1756384422201111029,
      "q" : "1376",
      "p" : "0.035064",
      "s" : "sell",
      "i" : "TFUEL_USD",
      "m" : "4611686018430228931"
    }, {
      "d" : "1756384422201108902",
      "t" : 1756384422201,
      "tn" : 1756384422201108902,
      "q" : "4277",
      "p" : "0.035065",
      "s" : "sell",
      "i" : "TFUEL_USD",
      "m" : "4611686018430228930"
    }, {
      "d" : "1756384419218014839",
      "t" : 1756384419218,
      "tn" : 1756384419218014839,
      "q" : "4348",
      "p" : "0.035412",
      "s" : "buy",
      "i" : "TFUEL_USD",
      "m" : "4611686018430228929"
    }, {
      "d" : "1756384416023083028",
      "t" : 1756384416023,
      "tn" : 1756384416023083028,
      "q" : "4",
      "p" : "0.035413",
      "s" : "sell",
      "i" : "TFUEL_USD",
      "m" : "4611686018430228928"
    }, {
      "d" : "1756384416021936924",
      "t" : 1756384416021,
      "tn" : 1756384416021936924,
      "q" : "1359",
      "p" : "0.035413",
      "s" : "sell",
      "i" : "TFUEL_USD",
      "m" : "4611686018430228927"
    }, {
      "d" : "1756384416021931046",
      "t" : 1756384416021,
      "tn" : 1756384416021931046,
      "q" : "1850",
      "p" : "0.035413",
      "s" : "sell",
      "i" : "TFUEL_USD",
      "m" : "4611686018430228926"
    }, {
      "d" : "1756384416021428627",
      "t" : 1756384416021,
      "tn" : 1756384416021428627,
      "q" : "10825",
      "p" : "0.035413",
      "s" : "sell",
      "i" : "TFUEL_USD",
      "m" : "4611686018430228925"
    }, {
      "d" : "1756384416014616380",
      "t" : 1756384416014,
      "tn" : 1756384416014616380,
      "q" : "16978",
      "p" : "0.035413",
      "s" : "buy",
      "i" : "TFUEL_USD",
      "m" : "4611686018430228924"
    }, {
      "d" : "1756384415744558991",
      "t" : 1756384415744,
      "tn" : 1756384415744558991,
      "q" : "1",
      "p" : "0.035413",
      "s" : "sell",
      "i" : "TFUEL_USD",
      "m" : "4611686018430228923"
    }, {
      "d" : "1756384415744217286",
      "t" : 1756384415744,
      "tn" : 1756384415744217286,
      "q" : "31015",
      "p" : "0.035413",
      "s" : "sell",
      "i" : "TFUEL_USD",
      "m" : "4611686018430228922"
    }, {
      "d" : "1756384415736882477",
      "t" : 1756384415736,
      "tn" : 1756384415736882477,
      "q" : "4235",
      "p" : "0.035414",
      "s" : "sell",
      "i" : "TFUEL_USD",
      "m" : "4611686018430228921"
    }, {
      "d" : "1756384407042970449",
      "t" : 1756384407042,
      "tn" : 1756384407042970449,
      "q" : "23492",
      "p" : "0.035390",
      "s" : "sell",
      "i" : "TFUEL_USD",
      "m" : "4611686018430228920"
    }, {
      "d" : "1756384405837139895",
      "t" : 1756384405837,
      "tn" : 1756384405837139895,
      "q" : "10992",
      "p" : "0.035084",
      "s" : "sell",
      "i" : "TFUEL_USD",
      "m" : "4611686018430228919"
    }, {
      "d" : "1756384404062939672",
      "t" : 1756384404062,
      "tn" : 1756384404062939672,
      "q" : "20024",
      "p" : "0.035084",
      "s" : "buy",
      "i" : "TFUEL_USD",
      "m" : "4611686018430228918"
    }, {
      "d" : "1756384399205664474",
      "t" : 1756384399205,
      "tn" : 1756384399205664474,
      "q" : "10901",
      "p" : "0.035073",
      "s" : "buy",
      "i" : "TFUEL_USD",
      "m" : "4611686018430228917"
    }, {
      "d" : "1756384396151251479",
      "t" : 1756384396151,
      "tn" : 1756384396151251479,
      "q" : "31016",
      "p" : "0.035058",
      "s" : "buy",
      "i" : "TFUEL_USD",
      "m" : "4611686018430228916"
    }, {
      "d" : "1756383763722547049",
      "t" : 1756383763722,
      "tn" : 1756383763722547049,
      "q" : "24178",
      "p" : "0.034938",
      "s" : "sell",
      "i" : "TFUEL_USD",
      "m" : "4611686018430228915"
    }, {
      "d" : "1756383384914924928",
      "t" : 1756383384914,
      "tn" : 1756383384914924928,
      "q" : "2287",
      "p" : "0.034946",
      "s" : "buy",
      "i" : "TFUEL_USD",
      "m" : "4611686018430228914"
    }, {
      "d" : "1756383384911888156",
      "t" : 1756383384911,
      "tn" : 1756383384911888156,
      "q" : "4272",
      "p" : "0.034946",
      "s" : "sell",
      "i" : "TFUEL_USD",
      "m" : "4611686018430228913"
    }, {
      "d" : "1756383338951785874",
      "t" : 1756383338951,
      "tn" : 1756383338951785874,
      "q" : "361",
      "p" : "0.035005",
      "s" : "sell",
      "i" : "TFUEL_USD",
      "m" : "4611686018430228912"
    }, {
      "d" : "1756381895921225376",
      "t" : 1756381895921,
      "tn" : 1756381895921225376,
      "q" : "6628",
      "p" : "0.034830",
      "s" : "sell",
      "i" : "TFUEL_USD",
      "m" : "4611686018430228911"
    }, {
      "d" : "1756376614313201022",
      "t" : 1756376614313,
      "tn" : 1756376614313201022,
      "q" : "10900",
      "p" : "0.034916",
      "s" : "buy",
      "i" : "TFUEL_USD",
      "m" : "4611686018430228910"
    } ]
  }
}