{
  "id" : -1,
  "method" : "public/get-trades",
  "code" : 0,
  "result" : {
    "data" : [ {
      "d" : "1756453061108028318",
      "t" : 1756453061108,
      "tn" : 1756453061108028318,
      "q" : "21171",
      "p" : "0.034384",
      "s" : "sell",
      "i" : "TFUEL_USDT",
      "m" : "4611686018430454893"
    }, {
      "d" : "1756453061108026021",
      "t" : 1756453061108,
      "tn" : 1756453061108026021,
      "q" : "20024",
      "p" : "0.034388",
      "s" : "sell",
      "i" : "TFUEL_USDT",
      "m" : "4611686018430454892"
    }, {
      "d" : "1756429716129525299",
      "t" : 1756429716129,
      "tn" : 1756429716129525299,
      "q" : "612",
      "p" : "0.034930",
      "s" : "sell",
      "i" : "TFUEL_USDT",
      "m" : "4611686018430454891"
    }, {
      "d" : "1756429716124595852",
      "t" : 1756429716124,
      "tn" : 1756429716124595852,
      "q" : "2839",
      "p" : "0.034930",
      "s" : "sell",
      "i" : "TFUEL_USDT",
      "m" : "4611686018430454890"
    }, {
      "d" : "1756429716119570698",
      "t" : 1756429716119,
      "tn" : 1756429716119570698,
      "q" : "2839",
      "p" : "0.034930",
      "s" : "sell",
      "i" : "TFUEL_USDT",
      "m" : "4611686018430454889"
    }, {
      "d" : "1756429716112917210",
      "t" : 1756429716112,
      "tn" : 1756429716112917210,
      "q" : "361",
      "p" : "0.034930",
      "s" : "sell",
      "i" : "TFUEL_USDT",
      "m" : "4611686018430454888"
    }, {
      "d" : "1756429135999814386",
      "t" : 1756429135999,
      "tn" : 1756429135999814386,
      "q" : "5706",
      "p" : "0.034997",
      "s" : "sell",
      "i" : "TFUEL_USDT",
      "m" : "4611686018430454887"
    }, {
      "d" : "1756429135999812056",
      "t" : 1756429135999,
      "tn" : 1756429135999812056,
      "q" : "286",
      "p" : "0.034998",
      "s" : "sell",
      "i" : "TFUEL_USDT",
      "m" : "4611686018430454886"
    }, {
      "d" : "1756425359194017471",
      "t" : 1756425359194,
      "tn" : 1756425359194017471,
      "q" : "7507",
      "p" : "0.035588",
      "s" : "buy",
      "i" : "TFUEL_USDT",
      "m" : "4611686018430454885"
    }, {
      "d" : "1756425359194015390",
      "t" : 1756425359194,
      "tn" : 1756425359194015390,
      "q" : "10828",
      "p" : "0.035574",
      "s" : "buy",
      "i" : "TFUEL_USDT",
      "m" : "4611686018430454884"
    }, {
      "d" : "1756425359194013062",
      "t" : 1756425359194,
      "tn" : 1756425359194013062,
      "q" : "25644",
      "p" : "0.035573",
      "s" : "buy",
      "i" : "TFUEL_USDT",
      "m" : "4611686018430454883"
    }, {
      "d" : "1756425359194010201",
      "t" : 1756425359194,
      "tn" : 1756425359194010201,
      "q" : "20601",
      "p" : "0.035560",
      "s" : "buy",
      "i" : "TFUEL_USDT",
      "m" : "4611686018430454882"
    }, {
      "d" : "1756425359194007808",
      "t" : 1756425359194,
      "tn" : 1756425359194007808,
      "q" : "5155",
      "p" : "0.035532",
      "s" : "buy",
      "i" : "TFUEL_USDT",
      "m" : "4611686018430454881"
    }, {
      "d" : "1756425359193717853",
      "t" : 1756425359193,
      "tn" : 1756425359193717853,
      "q" : "18005",
      "p" : "0.035532",
      "s" : "buy",
      "i" : "TFUEL_USDT",
      "m" : "4611686018430454880"
    }, {
      "d" : "1756425359193715727",
      "t" : 1756425359193,
      "tn" : 1756425359193715727,
      "q" : "20024",
      "p" : "0.035524",
      "s" : "buy",
      "i" : "TFUEL_USDT",
      "m" : "4611686018430454879"
    }, {
      "d" : "1756425257188340737",
      "t" : 1756425257188,
      "tn" : 1756425257188340737,
      "q" : "2651",
      "p" : "0.035543",
      "s" : "buy",
      "i" : "TFUEL_USDT",
      "m" : "4611686018430454878"
    }, {
      "d" : "1756425257187311096",
      "t" : 1756425257187,
      "tn" : 1756425257187311096,
      "q" : "2679",
      "p" : "0.035543",
      "s" : "buy",
      "i" : "TFUEL_USDT",
      "m" : "4611686018430454877"
    }, {
      "d" : "1756425221836290771",
      "t" : 1756425221836,
      "tn" : 1756425221836290771,
      "q" : "2181",
      "p" : "0.035553",
      "s" : "buy",
      "i" : "TFUEL_USDT",
      "m" : "4611686018430454876"
    }, {
      "d" : "1756425187232819303",
      "t" : 1756425187232,
      "tn" : 1756425187232819303,
      "q" : "10002",
      "p" : "0.035574",
      "s" : "buy",
      "i" : "TFUEL_USDT",
      "m" : "4611686018430454875"
    }, {
      "d" : "1756425187228928254",
      "t" : 1756425187228,
      "tn" : 1756425187228928254,
      "q" : "2530",
      "p" : "0.035574",
      "s" : "buy",
      "i" : "TFUEL_USDT",
      "m" : "4611686018430454874"
    }, {
      "d" : "1756425152627566045",
      "t" : 1756425152627,
      "tn" : 1756425152627566045,
      "q" : "7327",
      "p" : "0.035464",
      "s" : "buy",
      "i" : "TFUEL_USDT",
      "m" : "4611686018430454873"
    }, {
      "d" : "1756425152625859049",
      "t" : 1756425152625,
      "tn" : 1756425152625859049,
      "q" : "12697",
      "p" : "0.035464",
      "s" : "buy",
      "i" : "TFUEL_USDT",
      "m" : "4611686018430454872"
    }, {
      "d" : "1756425152625856232",
      "t" : 1756425152625,
      "tn" : 1756425152625856232,
      "q" : "6850",
      "p" : "0.035463",
      "s" : "buy",
      "i" : "TFUEL_USDT",
      "m" : "4611686018430454871"
    }, {
      "d" : "1756425152625765785",
      "t" : 1756425152625,
      "tn" : 1756425152625765785,
      "q" : "6644",
      "p" : "0.035463",
      "s" : "buy",
      "i" : "TFUEL_USDT",
      "m" : "4611686018430454870"
    }, {
      "d" : "1756424985928868895",
      "t" : 1756424985928,
      "tn" : 1756424985928868895,
      "q" : "20024",
      "p" : "0.035323",
      "s" : "buy",
      "i" : "TFUEL_USDT",
      "m" : "4611686018430454869"
    }, {
      "d" : "1756420947941887884",
      "t" : 1756420947941,
      "tn" : 1756420947941887884,
      "q" : "13494",
      "p" : "0.035297",
      "s" : "sell",
      "i" : "TFUEL_USDT",
      "m" : "4611686018430454868"
    }, {
      "d" : "1756391183550502794",
      "t" : 1756391183550,
      "tn" : 1756391183550502794,
      "q" : "280",
      "p" : "0.035213",
      "s" : "buy",
      "i" : "TFUEL_USDT",
      "m" : "4611686018430454867"
    }, {
      "d" : "1756389577522124042",
      "t" : 1756389577522,
      "tn" : 1756389577522124042,
      "q" : "163",
      "p" : "0.035195",
      "s" : "sell",
      "i" : "TFUEL_USDT",
      "m" : "4611686018430454866"
    }, {
      "d" : "1756387473141188353",
      "t" : 1756387473141,
      "tn" : 1756387473141188353,
      "q" : "1136",
      "p" : "0.035205",
      "s" : "sell",
      "i" : "TFUEL_USDT",
      "m" : "4611686018430454865"
    }, {
      "d" : "1756387473098224646",
      "t" : 1756387473098,
      "tn" : 1756387473098224646,
      "q" : "2744",
      "p" : "0.035205",
      "s" : "sell",
      "i" : "TFUEL_USDT",
      "m" : "4611686018430454864"
    }, {
      "d" : "1756387472045616901",
      "t" : 1756387472045,
      "tn" : 1756387472045616901,
      "q" : "788",
      "p" : "0.035205",
      "s" : "sell",
      "i" : "TFUEL_USDT",
      "m" : "4611686018430454863"
    }, {
      "d" : "1756387471476155594",
      "t" : 1756387471476,
      "tn" : 1756387471476155594,
      "q" : "960",
      "p" : "0.035205",
      "s" : "sell",
      "i" : "TFUEL_USDT",
      "m" : "4611686018430454862"
    }, {
      "d" : "1756387471455554715",
      "t" : 1756387471455,
      "tn" : 1756387471455554715,
      "q" : "960",
      "p" : "0.035205",
      "s" : "sell",
      "i" : "TFUEL_USDT",
      "m" : "4611686018430454861"
    }, {
      "d" : "1756384416022877984",
      "t" : 1756384416022,
      "tn" : 1756384416022877984,
      "q" : "14041",
      "p" : "0.035231",
      "s" : "buy",
      "i" : "TFUEL_USDT",
      "m" : "4611686018430454860"
    }, {
      "d" : "1756384416020837956",
      "t" : 1756384416020,
      "tn" : 1756384416020837956,
      "q" : "1359",
      "p" : "0.035231",
      "s" : "buy",
      "i" : "TFUEL_USDT",
      "m" : "4611686018430454859"
    }, {
      "d" : "1756384416020836201",
      "t" : 1756384416020,
      "tn" : 1756384416020836201,
      "q" : "1851",
      "p" : "0.035230",
      "s" : "buy",
      "i" : "TFUEL_USDT",
      "m" : "4611686018430454858"
    }, {
      "d" : "1756384416020834553",
      "t" : 1756384416020,
      "tn" : 1756384416020834553,
      "q" : "10828",
      "p" : "0.035182",
      "s" : "buy",
      "i" : "TFUEL_USDT",
      "m" : "4611686018430454857"
    }, {
      "d" : "1756384415746218975",
      "t" : 1756384415746,
      "tn" : 1756384415746218975,
      "q" : "18855",
      "p" : "0.035140",
      "s" : "buy",
      "i" : "TFUEL_USDT",
      "m" : "4611686018430454856"
    }, {
      "d" : "1756384415746217430",
      "t" : 1756384415746,
      "tn" : 1756384415746217430,
      "q" : "12161",
      "p" : "0.035112",
      "s" : "buy",
      "i" : "TFUEL_USDT",
      "m" : "4611686018430454855"
    }, {
      "d" : "1756384415743322976",
      "t" : 1756384415743,
      "tn" : 1756384415743322976,
      "q" : "10999",
      "p" : "0.035112",
      "s" : "buy",
      "i" : "TFUEL_USDT",
      "m" : "4611686018430454854"
    }, {
      "d" : "1756384415743321313",
      "t" : 1756384415743,
      "tn" : 1756384415743321313,
      "q" : "20024",
      "p" : "0.035103",
      "s" : "buy",
      "i" : "TFUEL_USDT",
      "m" : "4611686018430454853"
    }, {
      "d" : "1756376614313180595",
      "t" : 1756376614313,
      "tn" : 1756376614313180595,
      "q" : "664",
      "p" : "0.034918",
      "s" : "buy",
      "i" : "TFUEL_USDT",
      "m" : "4611686018430454852"
    } ]
  }
}