{
  "id" : -1,
  "method" : "public/get-trades",
  "code" : 0,
  "result" : {
    "data" : [ {
      "d" : "1756460910573110672",
      "t" : 1756460910573,
      "tn" : 1756460910573110672,
      "q" : "7.6",
      "p" : "0.78780",
      "s" : "buy",
      "i" : "THETA_USDT",
      "m" : "4611686018431116172"
    }, {
      "d" : "1756460910573108830",
      "t" : 1756460910573,
      "tn" : 1756460910573108829,
      "q" : "139.3",
      "p" : "0.78717",
      "s" : "buy",
      "i" : "THETA_USDT",
      "m" : "4611686018431116171"
    }, {
      "d" : "1756460910573108829",
      "t" : 1756460910573,
      "tn" : 1756460910573108829,
      "q" : "38.2",
      "p" : "0.78717",
      "s" : "buy",
      "i" : "THETA_USDT",
      "m" : "4611686018431116171"
    }, {
      "d" : "1756460723534136531",
      "t" : 1756460723534,
      "tn" : 1756460723534136531,
      "q" : "12.4",
      "p" : "0.78469",
      "s" : "buy",
      "i" : "THETA_USDT",
      "m" : "4611686018431116170"
    }, {
      "d" : "1756460673717903678",
      "t" : 1756460673717,
      "tn" : 1756460673717903678,
      "q" : "916.3",
      "p" : "0.77935",
      "s" : "sell",
      "i" : "THETA_USDT",
      "m" : "4611686018431116169"
    }, {
      "d" : "1756460612482509434",
      "t" : 1756460612482,
      "tn" : 1756460612482509434,
      "q" : "310.0",
      "p" : "0.78349",
      "s" : "sell",
      "i" : "THETA_USDT",
      "m" : "4611686018431116168"
    }, {
      "d" : "1756460552095998952",
      "t" : 1756460552095,
      "tn" : 1756460552095998952,
      "q" : "310.0",
      "p" : "0.78309",
      "s" : "sell",
      "i" : "THETA_USDT",
      "m" : "4611686018431116167"
    }, {
      "d" : "1756460552095996827",
      "t" : 1756460552095,
      "tn" : 1756460552095996827,
      "q" : "13.5",
      "p" : "0.78310",
      "s" : "sell",
      "i" : "THETA_USDT",
      "m" : "4611686018431116166"
    }, {
      "d" : "1756460312843374598",
      "t" : 1756460312843,
      "tn" : 1756460312843374598,
      "q" : "70.9",
      "p" : "0.78389",
      "s" : "buy",
      "i" : "THETA_USDT",
      "m" : "4611686018431116165"
    }, {
      "d" : "1756459874424862264",
      "t" : 1756459874424,
      "tn" : 1756459874424862264,
      "q" : "310.0",
      "p" : "0.78439",
      "s" : "sell",
      "i" : "THETA_USDT",
      "m" : "4611686018431116164"
    }, {
      "d" : "1756459433606836661",
      "t" : 1756459433606,
      "tn" : 1756459433606836661,
      "q" : "155.0",
      "p" : "0.78479",
      "s" : "buy",
      "i" : "THETA_USDT",
      "m" : "4611686018431116163"
    }, {
      "d" : "1756459429122245162",
      "t" : 1756459429122,
      "tn" : 1756459429122245162,
      "q" : "155.0",
      "p" : "0.78469",
      "s" : "buy",
      "i" : "THETA_USDT",
      "m" : "4611686018431116162"
    }, {
      "d" : "1756459413888893231",
      "t" : 1756459413888,
      "tn" : 1756459413888893231,
      "q" : "155.0",
      "p" : "0.78529",
      "s" : "buy",
      "i" : "THETA_USDT",
      "m" : "4611686018431116161"
    }, {
      "d" : "1756459405775735701",
      "t" : 1756459405775,
      "tn" : 1756459405775735701,
      "q" : "155.0",
      "p" : "0.78499",
      "s" : "buy",
      "i" : "THETA_USDT",
      "m" : "4611686018431116160"
    }, {
      "d" : "1756459402106837781",
      "t" : 1756459402106,
      "tn" : 1756459402106837781,
      "q" : "155.0",
      "p" : "0.78489",
      "s" : "buy",
      "i" : "THETA_USDT",
      "m" : "4611686018431116159"
    }, {
      "d" : "1756459396258987053",
      "t" : 1756459396258,
      "tn" : 1756459396258987053,
      "q" : "155.0",
      "p" : "0.78529",
      "s" : "buy",
      "i" : "THETA_USDT",
      "m" : "4611686018431116158"
    }, {
      "d" : "1756459379054412821",
      "t" : 1756459379054,
      "tn" : 1756459379054412821,
      "q" : "310.0",
      "p" : "0.78559",
      "s" : "buy",
      "i" : "THETA_USDT",
      "m" : "4611686018431116157"
    }, {
      "d" : "1756459372826235532",
      "t" : 1756459372826,
      "tn" : 1756459372826235532,
      "q" : "310.0",
      "p" : "0.78529",
      "s" : "buy",
      "i" : "THETA_USDT",
      "m" : "4611686018431116156"
    }, {
      "d" : "1756458151033504566",
      "t" : 1756458151033,
      "tn" : 1756458151033504565,
      "q" : "139.5",
      "p" : "0.78068",
      "s" : "sell",
      "i" : "THETA_USDT",
      "m" : "4611686018431116155"
    }, {
      "d" : "1756458151033504565",
      "t" : 1756458151033,
      "tn" : 1756458151033504565,
      "q" : "38.3",
      "p" : "0.78068",
      "s" : "sell",
      "i" : "THETA_USDT",
      "m" : "4611686018431116155"
    }, {
      "d" : "1756457587528347381",
      "t" : 1756457587528,
      "tn" : 1756457587528347381,
      "q" : "70.0",
      "p" : "0.78390",
      "s" : "sell",
      "i" : "THETA_USDT",
      "m" : "4611686018431116154"
    }, {
      "d" : "1756456950959331450",
      "t" : 1756456950959,
      "tn" : 1756456950959331450,
      "q" : "277.7",
      "p" : "0.78582",
      "s" : "sell",
      "i" : "THETA_USDT",
      "m" : "4611686018431116153"
    }, {
      "d" : "1756456950959329547",
      "t" : 1756456950959,
      "tn" : 1756456950959329547,
      "q" : "1272.0",
      "p" : "0.78583",
      "s" : "sell",
      "i" : "THETA_USDT",
      "m" : "4611686018431116152"
    }, {
      "d" : "1756455724637934374",
      "t" : 1756455724637,
      "tn" : 1756455724637934374,
      "q" : "176.8",
      "p" : "0.78861",
      "s" : "buy",
      "i" : "THETA_USDT",
      "m" : "4611686018431116151"
    }, {
      "d" : "1756455628672676270",
      "t" : 1756455628672,
      "tn" : 1756455628672676269,
      "q" : "138.3",
      "p" : "0.78717",
      "s" : "sell",
      "i" : "THETA_USDT",
      "m" : "4611686018431116150"
    }, {
      "d" : "1756455628672676269",
      "t" : 1756455628672,
      "tn" : 1756455628672676269,
      "q" : "38.0",
      "p" : "0.78717",
      "s" : "sell",
      "i" : "THETA_USDT",
      "m" : "4611686018431116150"
    }, {
      "d" : "1756454472620459781",
      "t" : 1756454472620,
      "tn" : 1756454472620459781,
      "q" : "495.8",
      "p" : "0.79500",
      "s" : "buy",
      "i" : "THETA_USDT",
      "m" : "4611686018431116149"
    }, {
      "d" : "1756454459105544867",
      "t" : 1756454459105,
      "tn" : 1756454459105544867,
      "q" : "496.0",
      "p" : "0.79552",
      "s" : "sell",
      "i" : "THETA_USDT",
      "m" : "4611686018431116148"
    }, {
      "d" : "1756454459098114937",
      "t" : 1756454459098,
      "tn" : 1756454459098114937,
      "q" : "155.0",
      "p" : "0.79552",
      "s" : "buy",
      "i" : "THETA_USDT",
      "m" : "4611686018431116147"
    }, {
      "d" : "1756454459098112026",
      "t" : 1756454459098,
      "tn" : 1756454459098112026,
      "q" : "100.0",
      "p" : "0.79551",
      "s" : "buy",
      "i" : "THETA_USDT",
      "m" : "4611686018431116146"
    }, {
      "d" : "1756454459098109129",
      "t" : 1756454459098,
      "tn" : 1756454459098109129,
      "q" : "241.0",
      "p" : "0.79546",
      "s" : "buy",
      "i" : "THETA_USDT",
      "m" : "4611686018431116145"
    }, {
      "d" : "1756454264750679271",
      "t" : 1756454264750,
      "tn" : 1756454264750679270,
      "q" : "37.6",
      "p" : "0.79366",
      "s" : "sell",
      "i" : "THETA_USDT",
      "m" : "4611686018431116144"
    }, {
      "d" : "1756454264750679270",
      "t" : 1756454264750,
      "tn" : 1756454264750679270,
      "q" : "137.2",
      "p" : "0.79366",
      "s" : "sell",
      "i" : "THETA_USDT",
      "m" : "4611686018431116144"
    }, {
      "d" : "1756452265666839727",
      "t" : 1756452265666,
      "tn" : 1756452265666839727,
      "q" : "274.3",
      "p" : "0.79642",
      "s" : "buy",
      "i" : "THETA_USDT",
      "m" : "4611686018431116143"
    }, {
      "d" : "1756451710790193739",
      "t" : 1756451710790,
      "tn" : 1756451710790193739,
      "q" : "100.0",
      "p" : "0.79859",
      "s" : "sell",
      "i" : "THETA_USDT",
      "m" : "4611686018431116142"
    }, {
      "d" : "1756451683855969279",
      "t" : 1756451683855,
      "tn" : 1756451683855969279,
      "q" : "100.0",
      "p" : "0.79934",
      "s" : "sell",
      "i" : "THETA_USDT",
      "m" : "4611686018431116141"
    }, {
      "d" : "1756451664131631636",
      "t" : 1756451664131,
      "tn" : 1756451664131631636,
      "q" : "100.0",
      "p" : "0.79968",
      "s" : "sell",
      "i" : "THETA_USDT",
      "m" : "4611686018431116140"
    }, {
      "d" : "1756451623123395726",
      "t" : 1756451623123,
      "tn" : 1756451623123395724,
      "q" : "100.0",
      "p" : "0.80015",
      "s" : "sell",
      "i" : "THETA_USDT",
      "m" : "4611686018431116139"
    }, {
      "d" : "1756451623123395725",
      "t" : 1756451623123,
      "tn" : 1756451623123395724,
      "q" : "37.3",
      "p" : "0.80015",
      "s" : "sell",
      "i" : "THETA_USDT",
      "m" : "4611686018431116139"
    }, {
      "d" : "1756451623123395724",
      "t" : 1756451623123,
      "tn" : 1756451623123395724,
      "q" : "2.2",
      "p" : "0.80015",
      "s" : "sell",
      "i" : "THETA_USDT",
      "m" : "4611686018431116139"
    }, {
      "d" : "1756451619931528985",
      "t" : 1756451619931,
      "tn" : 1756451619931528985,
      "q" : "62.0",
      "p" : "0.80015",
      "s" : "sell",
      "i" : "THETA_USDT",
      "m" : "4611686018431116138"
    }, {
      "d" : "1756451619930670391",
      "t" : 1756451619930,
      "tn" : 1756451619930670391,
      "q" : "71.9",
      "p" : "0.80015",
      "s" : "sell",
      "i" : "THETA_USDT",
      "m" : "4611686018431116137"
    }, {
      "d" : "1756451619930668347",
      "t" : 1756451619930,
      "tn" : 1756451619930668347,
      "q" : "53.1",
      "p" : "0.80016",
      "s" : "sell",
      "i" : "THETA_USDT",
      "m" : "4611686018431116136"
    }, {
      "d" : "1756451619930360371",
      "t" : 1756451619930,
      "tn" : 1756451619930360371,
      "q" : "46.9",
      "p" : "0.80016",
      "s" : "sell",
      "i" : "THETA_USDT",
      "m" : "4611686018431116135"
    }, {
      "d" : "1756451619930358661",
      "t" : 1756451619930,
      "tn" : 1756451619930358661,
      "q" : "15.1",
      "p" : "0.80017",
      "s" : "sell",
      "i" : "THETA_USDT",
      "m" : "4611686018431116134"
    }, {
      "d" : "1756450901294433245",
      "t" : 1756450901294,
      "tn" : 1756450901294433244,
      "q" : "135.0",
      "p" : "0.80664",
      "s" : "sell",
      "i" : "THETA_USDT",
      "m" : "4611686018431116133"
    }, {
      "d" : "1756450901294433244",
      "t" : 1756450901294,
      "tn" : 1756450901294433244,
      "q" : "37.0",
      "p" : "0.80664",
      "s" : "sell",
      "i" : "THETA_USDT",
      "m" : "4611686018431116133"
    }, {
      "d" : "1756450822249325820",
      "t" : 1756450822249,
      "tn" : 1756450822249325820,
      "q" : "0.2",
      "p" : "0.81411",
      "s" : "sell",
      "i" : "THETA_USDT",
      "m" : "4611686018431116132"
    }, {
      "d" : "1756450822248692217",
      "t" : 1756450822248,
      "tn" : 1756450822248692217,
      "q" : "505.7",
      "p" : "0.81412",
      "s" : "sell",
      "i" : "THETA_USDT",
      "m" : "4611686018431116131"
    }, {
      "d" : "1756450822247196767",
      "t" : 1756450822247,
      "tn" : 1756450822247196767,
      "q" : "115.6",
      "p" : "0.81412",
      "s" : "sell",
      "i" : "THETA_USDT",
      "m" : "4611686018431116130"
    }, {
      "d" : "1756450822243668442",
      "t" : 1756450822243,
      "tn" : 1756450822243668442,
      "q" : "115.6",
      "p" : "0.81412",
      "s" : "sell",
      "i" : "THETA_USDT",
      "m" : "4611686018431116129"
    }, {
      "d" : "1756450822243546639",
      "t" : 1756450822243,
      "tn" : 1756450822243546639,
      "q" : "115.4",
      "p" : "0.81411",
      "s" : "sell",
      "i" : "THETA_USDT",
      "m" : "4611686018431116128"
    }, {
      "d" : "1756450822238289773",
      "t" : 1756450822238,
      "tn" : 1756450822238289773,
      "q" : "115.8",
      "p" : "0.81411",
      "s" : "buy",
      "i" : "THETA_USDT",
      "m" : "4611686018431116127"
    }, {
      "d" : "1756450822235241057",
      "t" : 1756450822235,
      "tn" : 1756450822235241057,
      "q" : "115.8",
      "p" : "0.81398",
      "s" : "sell",
      "i" : "THETA_USDT",
      "m" : "4611686018431116126"
    }, {
      "d" : "1756450822233720994",
      "t" : 1756450822233,
      "tn" : 1756450822233720994,
      "q" : "170.3",
      "p" : "0.81398",
      "s" : "sell",
      "i" : "THETA_USDT",
      "m" : "4611686018431116125"
    }, {
      "d" : "1756450822233719537",
      "t" : 1756450822233,
      "tn" : 1756450822233719537,
      "q" : "115.8",
      "p" : "0.81411",
      "s" : "sell",
      "i" : "THETA_USDT",
      "m" : "4611686018431116124"
    }, {
      "d" : "1756450822230263721",
      "t" : 1756450822230,
      "tn" : 1756450822230263721,
      "q" : "100.0",
      "p" : "0.81399",
      "s" : "buy",
      "i" : "THETA_USDT",
      "m" : "4611686018431116123"
    }, {
      "d" : "1756450822226063089",
      "t" : 1756450822226,
      "tn" : 1756450822226063089,
      "q" : "100.0",
      "p" : "0.81398",
      "s" : "buy",
      "i" : "THETA_USDT",
      "m" : "4611686018431116122"
    }, {
      "d" : "1756450822226060223",
      "t" : 1756450822226,
      "tn" : 1756450822226060223,
      "q" : "307.1",
      "p" : "0.81395",
      "s" : "buy",
      "i" : "THETA_USDT",
      "m" : "4611686018431116121"
    }, {
      "d" : "1756450800061042730",
      "t" : 1756450800061,
      "tn" : 1756450800061042730,
      "q" : "1.2",
      "p" : "0.81301",
      "s" : "buy",
      "i" : "THETA_USDT",
      "m" : "4611686018431116120"
    }, {
      "d" : "1756450375469771529",
      "t" : 1756450375469,
      "tn" : 1756450375469771529,
      "q" : "15.2",
      "p" : "0.80806",
      "s" : "sell",
      "i" : "THETA_USDT",
      "m" : "4611686018431116119"
    }, {
      "d" : "1756450375469125819",
      "t" : 1756450375469,
      "tn" : 1756450375469125819,
      "q" : "134.8",
      "p" : "0.80806",
      "s" : "sell",
      "i" : "THETA_USDT",
      "m" : "4611686018431116118"
    }, {
      "d" : "1756450375469123792",
      "t" : 1756450375469,
      "tn" : 1756450375469123792,
      "q" : "15.0",
      "p" : "0.80807",
      "s" : "sell",
      "i" : "THETA_USDT",
      "m" : "4611686018431116117"
    }, {
      "d" : "1756450367355049232",
      "t" : 1756450367355,
      "tn" : 1756450367355049232,
      "q" : "150.0",
      "p" : "0.81151",
      "s" : "buy",
      "i" : "THETA_USDT",
      "m" : "4611686018431116116"
    }, {
      "d" : "1756448221466298433",
      "t" : 1756448221466,
      "tn" : 1756448221466298433,
      "q" : "6.0",
      "p" : "0.80824",
      "s" : "sell",
      "i" : "THETA_USDT",
      "m" : "4611686018431116115"
    }, {
      "d" : "1756448184448664677",
      "t" : 1756448184448,
      "tn" : 1756448184448664677,
      "q" : "6.0",
      "p" : "0.81170",
      "s" : "buy",
      "i" : "THETA_USDT",
      "m" : "4611686018431116114"
    }, {
      "d" : "1756448083605846377",
      "t" : 1756448083605,
      "tn" : 1756448083605846376,
      "q" : "36.7",
      "p" : "0.81313",
      "s" : "sell",
      "i" : "THETA_USDT",
      "m" : "4611686018431116113"
    }, {
      "d" : "1756448083605846376",
      "t" : 1756448083605,
      "tn" : 1756448083605846376,
      "q" : "6.0",
      "p" : "0.81313",
      "s" : "sell",
      "i" : "THETA_USDT",
      "m" : "4611686018431116113"
    }, {
      "d" : "1756443943887617795",
      "t" : 1756443943887,
      "tn" : 1756443943887617795,
      "q" : "300.0",
      "p" : "0.81532",
      "s" : "buy",
      "i" : "THETA_USDT",
      "m" : "4611686018431116112"
    }, {
      "d" : "1756443943662256452",
      "t" : 1756443943662,
      "tn" : 1756443943662256452,
      "q" : "300.0",
      "p" : "0.81552",
      "s" : "buy",
      "i" : "THETA_USDT",
      "m" : "4611686018431116111"
    }, {
      "d" : "1756443940038763231",
      "t" : 1756443940038,
      "tn" : 1756443940038763231,
      "q" : "300.0",
      "p" : "0.81492",
      "s" : "buy",
      "i" : "THETA_USDT",
      "m" : "4611686018431116110"
    }, {
      "d" : "1756443940018834564",
      "t" : 1756443940018,
      "tn" : 1756443940018834564,
      "q" : "300.0",
      "p" : "0.81502",
      "s" : "buy",
      "i" : "THETA_USDT",
      "m" : "4611686018431116109"
    }, {
      "d" : "1756443939688240376",
      "t" : 1756443939688,
      "tn" : 1756443939688240376,
      "q" : "300.0",
      "p" : "0.81502",
      "s" : "buy",
      "i" : "THETA_USDT",
      "m" : "4611686018431116108"
    }, {
      "d" : "1756443936290897704",
      "t" : 1756443936290,
      "tn" : 1756443936290897704,
      "q" : "300.0",
      "p" : "0.81512",
      "s" : "buy",
      "i" : "THETA_USDT",
      "m" : "4611686018431116107"
    }, {
      "d" : "1756443935093485265",
      "t" : 1756443935093,
      "tn" : 1756443935093485265,
      "q" : "300.0",
      "p" : "0.81492",
      "s" : "buy",
      "i" : "THETA_USDT",
      "m" : "4611686018431116106"
    }, {
      "d" : "1756443932006245926",
      "t" : 1756443932006,
      "tn" : 1756443932006245926,
      "q" : "300.0",
      "p" : "0.81452",
      "s" : "buy",
      "i" : "THETA_USDT",
      "m" : "4611686018431116105"
    }, {
      "d" : "1756443413393493291",
      "t" : 1756443413393,
      "tn" : 1756443413393493291,
      "q" : "300.0",
      "p" : "0.81582",
      "s" : "buy",
      "i" : "THETA_USDT",
      "m" : "4611686018431116104"
    }, {
      "d" : "1756443346110242754",
      "t" : 1756443346110,
      "tn" : 1756443346110242754,
      "q" : "300.0",
      "p" : "0.81745",
      "s" : "sell",
      "i" : "THETA_USDT",
      "m" : "4611686018431116103"
    }, {
      "d" : "1756443122273516477",
      "t" : 1756443122273,
      "tn" : 1756443122273516476,
      "q" : "132.9",
      "p" : "0.81962",
      "s" : "sell",
      "i" : "THETA_USDT",
      "m" : "4611686018431116102"
    }, {
      "d" : "1756443122273516476",
      "t" : 1756443122273,
      "tn" : 1756443122273516476,
      "q" : "36.5",
      "p" : "0.81962",
      "s" : "sell",
      "i" : "THETA_USDT",
      "m" : "4611686018431116102"
    }, {
      "d" : "1756440673049657199",
      "t" : 1756440673049,
      "tn" : 1756440673049657199,
      "q" : "50.2",
      "p" : "0.82079",
      "s" : "buy",
      "i" : "THETA_USDT",
      "m" : "4611686018431116101"
    }, {
      "d" : "1756440622027919377",
      "t" : 1756440622027,
      "tn" : 1756440622027919377,
      "q" : "176.4",
      "p" : "0.82099",
      "s" : "buy",
      "i" : "THETA_USDT",
      "m" : "4611686018431116100"
    }, {
      "d" : "1756440597365760571",
      "t" : 1756440597365,
      "tn" : 1756440597365760571,
      "q" : "226.7",
      "p" : "0.82152",
      "s" : "buy",
      "i" : "THETA_USDT",
      "m" : "4611686018431116099"
    }, {
      "d" : "1756439600290439969",
      "t" : 1756439600290,
      "tn" : 1756439600290439969,
      "q" : "300.0",
      "p" : "0.82552",
      "s" : "buy",
      "i" : "THETA_USDT",
      "m" : "4611686018431116098"
    }, {
      "d" : "1756438877222200714",
      "t" : 1756438877222,
      "tn" : 1756438877222200714,
      "q" : "835.0",
      "p" : "0.82448",
      "s" : "buy",
      "i" : "THETA_USDT",
      "m" : "4611686018431116097"
    }, {
      "d" : "1756438870401946294",
      "t" : 1756438870401,
      "tn" : 1756438870401946294,
      "q" : "190.6",
      "p" : "0.82502",
      "s" : "buy",
      "i" : "THETA_USDT",
      "m" : "4611686018431116096"
    }, {
      "d" : "1756438867409835479",
      "t" : 1756438867409,
      "tn" : 1756438867409835479,
      "q" : "0.1",
      "p" : "0.82611",
      "s" : "buy",
      "i" : "THETA_USDT",
      "m" : "4611686018431116095"
    }, {
      "d" : "1756438867407823849",
      "t" : 1756438867407,
      "tn" : 1756438867407823848,
      "q" : "132.6",
      "p" : "0.82611",
      "s" : "buy",
      "i" : "THETA_USDT",
      "m" : "4611686018431116094"
    }, {
      "d" : "1756438867407823848",
      "t" : 1756438867407,
      "tn" : 1756438867407823848,
      "q" : "36.5",
      "p" : "0.82611",
      "s" : "buy",
      "i" : "THETA_USDT",
      "m" : "4611686018431116094"
    }, {
      "d" : "1756438867407820524",
      "t" : 1756438867407,
      "tn" : 1756438867407820524,
      "q" : "366.3",
      "p" : "0.82610",
      "s" : "buy",
      "i" : "THETA_USDT",
      "m" : "4611686018431116093"
    }, {
      "d" : "1756438867407817999",
      "t" : 1756438867407,
      "tn" : 1756438867407817999,
      "q" : "300.0",
      "p" : "0.82492",
      "s" : "buy",
      "i" : "THETA_USDT",
      "m" : "4611686018431116092"
    }, {
      "d" : "1756436235558650989",
      "t" : 1756436235558,
      "tn" : 1756436235558650989,
      "q" : "89.9",
      "p" : "0.82292",
      "s" : "buy",
      "i" : "THETA_USDT",
      "m" : "4611686018431116091"
    }, {
      "d" : "1756435925191056112",
      "t" : 1756435925191,
      "tn" : 1756435925191056112,
      "q" : "27.0",
      "p" : "0.82202",
      "s" : "buy",
      "i" : "THETA_USDT",
      "m" : "4611686018431116090"
    }, {
      "d" : "1756435190557860546",
      "t" : 1756435190557,
      "tn" : 1756435190557860545,
      "q" : "36.5",
      "p" : "0.81962",
      "s" : "sell",
      "i" : "THETA_USDT",
      "m" : "4611686018431116089"
    }, {
      "d" : "1756435190557860545",
      "t" : 1756435190557,
      "tn" : 1756435190557860545,
      "q" : "132.9",
      "p" : "0.81962",
      "s" : "sell",
      "i" : "THETA_USDT",
      "m" : "4611686018431116089"
    }, {
      "d" : "1756434269865181627",
      "t" : 1756434269865,
      "tn" : 1756434269865181626,
      "q" : "36.4",
      "p" : "0.82611",
      "s" : "buy",
      "i" : "THETA_USDT",
      "m" : "4611686018431116088"
    }, {
      "d" : "1756434269865181626",
      "t" : 1756434269865,
      "tn" : 1756434269865181626,
      "q" : "132.7",
      "p" : "0.82611",
      "s" : "buy",
      "i" : "THETA_USDT",
      "m" : "4611686018431116088"
    }, {
      "d" : "1756434252013581817",
      "t" : 1756434252013,
      "tn" : 1756434252013581817,
      "q" : "100.0",
      "p" : "0.82562",
      "s" : "buy",
      "i" : "THETA_USDT",
      "m" : "4611686018431116087"
    }, {
      "d" : "1756434193788515351",
      "t" : 1756434193788,
      "tn" : 1756434193788515351,
      "q" : "100.0",
      "p" : "0.82452",
      "s" : "buy",
      "i" : "THETA_USDT",
      "m" : "4611686018431116086"
    }, {
      "d" : "1756433198827330234",
      "t" : 1756433198827,
      "tn" : 1756433198827330234,
      "q" : "36.6",
      "p" : "0.81962",
      "s" : "buy",
      "i" : "THETA_USDT",
      "m" : "4611686018431116085"
    }, {
      "d" : "1756430969122254451",
      "t" : 1756430969122,
      "tn" : 1756430969122254451,
      "q" : "6.0",
      "p" : "0.81313",
      "s" : "sell",
      "i" : "THETA_USDT",
      "m" : "4611686018431116084"
    }, {
      "d" : "1756430953391901477",
      "t" : 1756430953391,
      "tn" : 1756430953391901477,
      "q" : "6.0",
      "p" : "0.81806",
      "s" : "buy",
      "i" : "THETA_USDT",
      "m" : "4611686018431116083"
    }, {
      "d" : "1756430502477938512",
      "t" : 1756430502477,
      "tn" : 1756430502477938511,
      "q" : "121.9",
      "p" : "0.81313",
      "s" : "sell",
      "i" : "THETA_USDT",
      "m" : "4611686018431116082"
    }, {
      "d" : "1756430502477938511",
      "t" : 1756430502477,
      "tn" : 1756430502477938511,
      "q" : "30.8",
      "p" : "0.81313",
      "s" : "sell",
      "i" : "THETA_USDT",
      "m" : "4611686018431116082"
    }, {
      "d" : "1756430470574340191",
      "t" : 1756430470574,
      "tn" : 1756430470574340191,
      "q" : "5.9",
      "p" : "0.81313",
      "s" : "sell",
      "i" : "THETA_USDT",
      "m" : "4611686018431116081"
    }, {
      "d" : "1756430355379736107",
      "t" : 1756430355379,
      "tn" : 1756430355379736107,
      "q" : "6.0",
      "p" : "0.81901",
      "s" : "buy",
      "i" : "THETA_USDT",
      "m" : "4611686018431116080"
    }, {
      "d" : "1756430311533658886",
      "t" : 1756430311533,
      "tn" : 1756430311533658886,
      "q" : "100.0",
      "p" : "0.81508",
      "s" : "sell",
      "i" : "THETA_USDT",
      "m" : "4611686018431116079"
    }, {
      "d" : "1756429932360108227",
      "t" : 1756429932360,
      "tn" : 1756429932360108227,
      "q" : "167.7",
      "p" : "0.81685",
      "s" : "sell",
      "i" : "THETA_USDT",
      "m" : "4611686018431116078"
    }, {
      "d" : "1756429932359177313",
      "t" : 1756429932359,
      "tn" : 1756429932359177312,
      "q" : "36.5",
      "p" : "0.81962",
      "s" : "sell",
      "i" : "THETA_USDT",
      "m" : "4611686018431116077"
    }, {
      "d" : "1756429932359177312",
      "t" : 1756429932359,
      "tn" : 1756429932359177312,
      "q" : "132.9",
      "p" : "0.81962",
      "s" : "sell",
      "i" : "THETA_USDT",
      "m" : "4611686018431116077"
    }, {
      "d" : "1756429704176570143",
      "t" : 1756429704176,
      "tn" : 1756429704176570143,
      "q" : "243.9",
      "p" : "0.81969",
      "s" : "sell",
      "i" : "THETA_USDT",
      "m" : "4611686018431116076"
    }, {
      "d" : "1756429180875457583",
      "t" : 1756429180875,
      "tn" : 1756429180875457583,
      "q" : "6.0",
      "p" : "0.82206",
      "s" : "sell",
      "i" : "THETA_USDT",
      "m" : "4611686018431116075"
    }, {
      "d" : "1756429163869007577",
      "t" : 1756429163869,
      "tn" : 1756429163869007577,
      "q" : "6.0",
      "p" : "0.82720",
      "s" : "buy",
      "i" : "THETA_USDT",
      "m" : "4611686018431116074"
    }, {
      "d" : "1756428790467252451",
      "t" : 1756428790467,
      "tn" : 1756428790467252451,
      "q" : "100.0",
      "p" : "0.82185",
      "s" : "sell",
      "i" : "THETA_USDT",
      "m" : "4611686018431116073"
    }, {
      "d" : "1756428580375281605",
      "t" : 1756428580375,
      "tn" : 1756428580375281605,
      "q" : "6.0",
      "p" : "0.82260",
      "s" : "sell",
      "i" : "THETA_USDT",
      "m" : "4611686018431116072"
    }, {
      "d" : "1756428572078584550",
      "t" : 1756428572078,
      "tn" : 1756428572078584550,
      "q" : "6.0",
      "p" : "0.82849",
      "s" : "buy",
      "i" : "THETA_USDT",
      "m" : "4611686018431116071"
    }, {
      "d" : "1756428014314213439",
      "t" : 1756428014314,
      "tn" : 1756428014314213439,
      "q" : "5.8",
      "p" : "0.82396",
      "s" : "sell",
      "i" : "THETA_USDT",
      "m" : "4611686018431116070"
    }, {
      "d" : "1756427976794835945",
      "t" : 1756427976794,
      "tn" : 1756427976794835945,
      "q" : "5.9",
      "p" : "0.82999",
      "s" : "buy",
      "i" : "THETA_USDT",
      "m" : "4611686018431116069"
    }, {
      "d" : "1756427465645389657",
      "t" : 1756427465645,
      "tn" : 1756427465645389657,
      "q" : "14.7",
      "p" : "0.82514",
      "s" : "sell",
      "i" : "THETA_USDT",
      "m" : "4611686018431116068"
    }, {
      "d" : "1756427396806292444",
      "t" : 1756427396806,
      "tn" : 1756427396806292444,
      "q" : "5.9",
      "p" : "0.82402",
      "s" : "sell",
      "i" : "THETA_USDT",
      "m" : "4611686018431116067"
    }, {
      "d" : "1756427382032334401",
      "t" : 1756427382032,
      "tn" : 1756427382032334401,
      "q" : "5.9",
      "p" : "0.83258",
      "s" : "buy",
      "i" : "THETA_USDT",
      "m" : "4611686018431116066"
    }, {
      "d" : "1756426801799973864",
      "t" : 1756426801799,
      "tn" : 1756426801799973864,
      "q" : "6.0",
      "p" : "0.82493",
      "s" : "sell",
      "i" : "THETA_USDT",
      "m" : "4611686018431116065"
    }, {
      "d" : "1756426782443299432",
      "t" : 1756426782443,
      "tn" : 1756426782443299432,
      "q" : "6.0",
      "p" : "0.82942",
      "s" : "buy",
      "i" : "THETA_USDT",
      "m" : "4611686018431116064"
    }, {
      "d" : "1756426208482569407",
      "t" : 1756426208482,
      "tn" : 1756426208482569407,
      "q" : "6.0",
      "p" : "0.82347",
      "s" : "sell",
      "i" : "THETA_USDT",
      "m" : "4611686018431116063"
    }, {
      "d" : "1756426190411254580",
      "t" : 1756426190411,
      "tn" : 1756426190411254580,
      "q" : "6.0",
      "p" : "0.82834",
      "s" : "buy",
      "i" : "THETA_USDT",
      "m" : "4611686018431116062"
    }, {
      "d" : "1756425767785348342",
      "t" : 1756425767785,
      "tn" : 1756425767785348342,
      "q" : "5.9",
      "p" : "0.82685",
      "s" : "sell",
      "i" : "THETA_USDT",
      "m" : "4611686018431116061"
    }, {
      "d" : "1756425595783282626",
      "t" : 1756425595783,
      "tn" : 1756425595783282626,
      "q" : "6.0",
      "p" : "0.83083",
      "s" : "buy",
      "i" : "THETA_USDT",
      "m" : "4611686018431116060"
    }, {
      "d" : "1756425023719123850",
      "t" : 1756425023719,
      "tn" : 1756425023719123850,
      "q" : "6.0",
      "p" : "0.82589",
      "s" : "sell",
      "i" : "THETA_USDT",
      "m" : "4611686018431116059"
    }, {
      "d" : "1756424995651040435",
      "t" : 1756424995651,
      "tn" : 1756424995651040435,
      "q" : "6.0",
      "p" : "0.83210",
      "s" : "buy",
      "i" : "THETA_USDT",
      "m" : "4611686018431116058"
    }, {
      "d" : "1756424427063556630",
      "t" : 1756424427063,
      "tn" : 1756424427063556630,
      "q" : "5.9",
      "p" : "0.82596",
      "s" : "sell",
      "i" : "THETA_USDT",
      "m" : "4611686018431116057"
    }, {
      "d" : "1756424404795765656",
      "t" : 1756424404795,
      "tn" : 1756424404795765656,
      "q" : "5.9",
      "p" : "0.83206",
      "s" : "buy",
      "i" : "THETA_USDT",
      "m" : "4611686018431116056"
    }, {
      "d" : "1756423828439601778",
      "t" : 1756423828439,
      "tn" : 1756423828439601778,
      "q" : "5.9",
      "p" : "0.82357",
      "s" : "sell",
      "i" : "THETA_USDT",
      "m" : "4611686018431116055"
    }, {
      "d" : "1756423805048519156",
      "t" : 1756423805048,
      "tn" : 1756423805048519156,
      "q" : "6.0",
      "p" : "0.82938",
      "s" : "buy",
      "i" : "THETA_USDT",
      "m" : "4611686018431116054"
    }, {
      "d" : "1756423228117676100",
      "t" : 1756423228117,
      "tn" : 1756423228117676100,
      "q" : "6.0",
      "p" : "0.82335",
      "s" : "sell",
      "i" : "THETA_USDT",
      "m" : "4611686018431116053"
    }, {
      "d" : "1756423210715621484",
      "t" : 1756423210715,
      "tn" : 1756423210715621484,
      "q" : "6.0",
      "p" : "0.82870",
      "s" : "buy",
      "i" : "THETA_USDT",
      "m" : "4611686018431116052"
    }, {
      "d" : "1756422853802794099",
      "t" : 1756422853802,
      "tn" : 1756422853802794099,
      "q" : "6.0",
      "p" : "0.82186",
      "s" : "sell",
      "i" : "THETA_USDT",
      "m" : "4611686018431116051"
    }, {
      "d" : "1756421739751277361",
      "t" : 1756421739751,
      "tn" : 1756421739751277360,
      "q" : "36.5",
      "p" : "0.82611",
      "s" : "buy",
      "i" : "THETA_USDT",
      "m" : "4611686018431116050"
    }, {
      "d" : "1756421739751277360",
      "t" : 1756421739751,
      "tn" : 1756421739751277360,
      "q" : "132.7",
      "p" : "0.82611",
      "s" : "buy",
      "i" : "THETA_USDT",
      "m" : "4611686018431116050"
    }, {
      "d" : "1756421427698585065",
      "t" : 1756421427698,
      "tn" : 1756421427698585065,
      "q" : "6.0",
      "p" : "0.82610",
      "s" : "buy",
      "i" : "THETA_USDT",
      "m" : "4611686018431116049"
    }, {
      "d" : "1756421035114287382",
      "t" : 1756421035114,
      "tn" : 1756421035114287382,
      "q" : "5.9",
      "p" : "0.82109",
      "s" : "sell",
      "i" : "THETA_USDT",
      "m" : "4611686018431116048"
    }, {
      "d" : "1756420944608632263",
      "t" : 1756420944608,
      "tn" : 1756420944608632263,
      "q" : "2.9",
      "p" : "0.82610",
      "s" : "buy",
      "i" : "THETA_USDT",
      "m" : "4611686018431116047"
    }, {
      "d" : "1756420944608630293",
      "t" : 1756420944608,
      "tn" : 1756420944608630293,
      "q" : "14.7",
      "p" : "0.82609",
      "s" : "buy",
      "i" : "THETA_USDT",
      "m" : "4611686018431116046"
    }, {
      "d" : "1756420235939431600",
      "t" : 1756420235939,
      "tn" : 1756420235939431600,
      "q" : "6.0",
      "p" : "0.82595",
      "s" : "buy",
      "i" : "THETA_USDT",
      "m" : "4611686018431116045"
    }, {
      "d" : "1756419655461689572",
      "t" : 1756419655461,
      "tn" : 1756419655461689572,
      "q" : "6.0",
      "p" : "0.81914",
      "s" : "sell",
      "i" : "THETA_USDT",
      "m" : "4611686018431116044"
    }, {
      "d" : "1756419640624591812",
      "t" : 1756419640624,
      "tn" : 1756419640624591812,
      "q" : "6.0",
      "p" : "0.82387",
      "s" : "buy",
      "i" : "THETA_USDT",
      "m" : "4611686018431116043"
    }, {
      "d" : "1756419465377856024",
      "t" : 1756419465377,
      "tn" : 1756419465377856023,
      "q" : "133.7",
      "p" : "0.81962",
      "s" : "buy",
      "i" : "THETA_USDT",
      "m" : "4611686018431116042"
    }, {
      "d" : "1756419465377856023",
      "t" : 1756419465377,
      "tn" : 1756419465377856023,
      "q" : "36.7",
      "p" : "0.81962",
      "s" : "buy",
      "i" : "THETA_USDT",
      "m" : "4611686018431116042"
    }, {
      "d" : "1756419465377852768",
      "t" : 1756419465377,
      "tn" : 1756419465377852768,
      "q" : "100.0",
      "p" : "0.81961",
      "s" : "buy",
      "i" : "THETA_USDT",
      "m" : "4611686018431116041"
    }, {
      "d" : "1756419021718413740",
      "t" : 1756419021718,
      "tn" : 1756419021718413740,
      "q" : "12.1",
      "p" : "0.81961",
      "s" : "buy",
      "i" : "THETA_USDT",
      "m" : "4611686018431116040"
    }, {
      "d" : "1756418472690081477",
      "t" : 1756418472690,
      "tn" : 1756418472690081476,
      "q" : "37.0",
      "p" : "0.81313",
      "s" : "buy",
      "i" : "THETA_USDT",
      "m" : "4611686018431116039"
    } ]
  }
}