{
  "id" : -1,
  "method" : "public/get-trades",
  "code" : 0,
  "result" : {
    "data" : [ {
      "d" : "1756459550011977780",
      "t" : 1756459550011,
      "tn" : 1756459550011977780,
      "q" : "255",
      "p" : "0.78400",
      "s" : "sell",
      "i" : "THETAUSD-PERP",
      "m" : "4611686018430845696"
    }, {
      "d" : "1756459550011975995",
      "t" : 1756459550011,
      "tn" : 1756459550011975995,
      "q" : "50",
      "p" : "0.78401",
      "s" : "sell",
      "i" : "THETAUSD-PERP",
      "m" : "4611686018430845695"
    }, {
      "d" : "1756459550011973543",
      "t" : 1756459550011,
      "tn" : 1756459550011973543,
      "q" : "1",
      "p" : "0.78440",
      "s" : "sell",
      "i" : "THETAUSD-PERP",
      "m" : "4611686018430845694"
    }, {
      "d" : "1756459550011970965",
      "t" : 1756459550011,
      "tn" : 1756459550011970965,
      "q" : "1",
      "p" : "0.78465",
      "s" : "sell",
      "i" : "THETAUSD-PERP",
      "m" : "4611686018430845693"
    }, {
      "d" : "1756459181808222747",
      "t" : 1756459181808,
      "tn" : 1756459181808222747,
      "q" : "1",
      "p" : "0.78435",
      "s" : "buy",
      "i" : "THETAUSD-PERP",
      "m" : "4611686018430845692"
    }, {
      "d" : "1756458032749210315",
      "t" : 1756458032749,
      "tn" : 1756458032749210315,
      "q" : "190",
      "p" : "0.78191",
      "s" : "sell",
      "i" : "THETAUSD-PERP",
      "m" : "4611686018430845691"
    }, {
      "d" : "1756458010913588718",
      "t" : 1756458010913,
      "tn" : 1756458010913588718,
      "q" : "62",
      "p" : "0.78176",
      "s" : "sell",
      "i" : "THETAUSD-PERP",
      "m" : "4611686018430845690"
    }, {
      "d" : "1756458007176026717",
      "t" : 1756458007176,
      "tn" : 1756458007176026717,
      "q" : "107",
      "p" : "0.78174",
      "s" : "sell",
      "i" : "THETAUSD-PERP",
      "m" : "4611686018430845689"
    }, {
      "d" : "1756458000459740784",
      "t" : 1756458000459,
      "tn" : 1756458000459740784,
      "q" : "63",
      "p" : "0.78240",
      "s" : "sell",
      "i" : "THETAUSD-PERP",
      "m" : "4611686018430845688"
    }, {
      "d" : "1756457980127830497",
      "t" : 1756457980127,
      "tn" : 1756457980127830497,
      "q" : "63",
      "p" : "0.78240",
      "s" : "sell",
      "i" : "THETAUSD-PERP",
      "m" : "4611686018430845687"
    }, {
      "d" : "1756457946665442469",
      "t" : 1756457946665,
      "tn" : 1756457946665442469,
      "q" : "46",
      "p" : "0.78224",
      "s" : "sell",
      "i" : "THETAUSD-PERP",
      "m" : "4611686018430845686"
    }, {
      "d" : "1756457736155430395",
      "t" : 1756457736155,
      "tn" : 1756457736155430395,
      "q" : "1",
      "p" : "0.78224",
      "s" : "sell",
      "i" : "THETAUSD-PERP",
      "m" : "4611686018430845685"
    }, {
      "d" : "1756455747312196827",
      "t" : 1756455747312,
      "tn" : 1756455747312196827,
      "q" : "49",
      "p" : "0.78785",
      "s" : "sell",
      "i" : "THETAUSD-PERP",
      "m" : "4611686018430845684"
    }, {
      "d" : "1756455724571174977",
      "t" : 1756455724571,
      "tn" : 1756455724571174977,
      "q" : "1",
      "p" : "0.78796",
      "s" : "sell",
      "i" : "THETAUSD-PERP",
      "m" : "4611686018430845683"
    }, {
      "d" : "1756454736341428660",
      "t" : 1756454736341,
      "tn" : 1756454736341428660,
      "q" : "1",
      "p" : "0.79187",
      "s" : "sell",
      "i" : "THETAUSD-PERP",
      "m" : "4611686018430845682"
    }, {
      "d" : "1756452387188441678",
      "t" : 1756452387188,
      "tn" : 1756452387188441678,
      "q" : "1",
      "p" : "0.79379",
      "s" : "sell",
      "i" : "THETAUSD-PERP",
      "m" : "4611686018430845681"
    }, {
      "d" : "1756452364017806098",
      "t" : 1756452364017,
      "tn" : 1756452364017806098,
      "q" : "148",
      "p" : "0.79399",
      "s" : "buy",
      "i" : "THETAUSD-PERP",
      "m" : "4611686018430845680"
    }, {
      "d" : "1756452363303597462",
      "t" : 1756452363303,
      "tn" : 1756452363303597462,
      "q" : "1",
      "p" : "0.79410",
      "s" : "sell",
      "i" : "THETAUSD-PERP",
      "m" : "4611686018430845679"
    }, {
      "d" : "1756452109673805236",
      "t" : 1756452109673,
      "tn" : 1756452109673805236,
      "q" : "1",
      "p" : "0.79671",
      "s" : "sell",
      "i" : "THETAUSD-PERP",
      "m" : "4611686018430845678"
    }, {
      "d" : "1756452099480793386",
      "t" : 1756452099480,
      "tn" : 1756452099480793386,
      "q" : "1",
      "p" : "0.79702",
      "s" : "sell",
      "i" : "THETAUSD-PERP",
      "m" : "4611686018430845677"
    }, {
      "d" : "1756451619930024056",
      "t" : 1756451619930,
      "tn" : 1756451619930024056,
      "q" : "62",
      "p" : "0.79920",
      "s" : "sell",
      "i" : "THETAUSD-PERP",
      "m" : "4611686018430845676"
    }, {
      "d" : "1756451619929437169",
      "t" : 1756451619929,
      "tn" : 1756451619929437169,
      "q" : "125",
      "p" : "0.79927",
      "s" : "sell",
      "i" : "THETAUSD-PERP",
      "m" : "4611686018430845675"
    }, {
      "d" : "1756451619929401989",
      "t" : 1756451619929,
      "tn" : 1756451619929401989,
      "q" : "62",
      "p" : "0.79927",
      "s" : "sell",
      "i" : "THETAUSD-PERP",
      "m" : "4611686018430845674"
    }, {
      "d" : "1756450995211699250",
      "t" : 1756450995211,
      "tn" : 1756450995211699250,
      "q" : "50",
      "p" : "0.80416",
      "s" : "sell",
      "i" : "THETAUSD-PERP",
      "m" : "4611686018430845673"
    }, {
      "d" : "1756450992249776462",
      "t" : 1756450992249,
      "tn" : 1756450992249776462,
      "q" : "50",
      "p" : "0.80416",
      "s" : "sell",
      "i" : "THETAUSD-PERP",
      "m" : "4611686018430845672"
    }, {
      "d" : "1756450981372519772",
      "t" : 1756450981372,
      "tn" : 1756450981372519772,
      "q" : "50",
      "p" : "0.80416",
      "s" : "sell",
      "i" : "THETAUSD-PERP",
      "m" : "4611686018430845671"
    }, {
      "d" : "1756450907204668954",
      "t" : 1756450907204,
      "tn" : 1756450907204668954,
      "q" : "50",
      "p" : "0.80822",
      "s" : "sell",
      "i" : "THETAUSD-PERP",
      "m" : "4611686018430845670"
    }, {
      "d" : "1756450906217177755",
      "t" : 1756450906217,
      "tn" : 1756450906217177755,
      "q" : "50",
      "p" : "0.80822",
      "s" : "sell",
      "i" : "THETAUSD-PERP",
      "m" : "4611686018430845669"
    }, {
      "d" : "1756450905228666922",
      "t" : 1756450905228,
      "tn" : 1756450905228666922,
      "q" : "50",
      "p" : "0.80822",
      "s" : "sell",
      "i" : "THETAUSD-PERP",
      "m" : "4611686018430845668"
    }, {
      "d" : "1756450904241335911",
      "t" : 1756450904241,
      "tn" : 1756450904241335911,
      "q" : "50",
      "p" : "0.80822",
      "s" : "sell",
      "i" : "THETAUSD-PERP",
      "m" : "4611686018430845667"
    }, {
      "d" : "1756450903253520873",
      "t" : 1756450903253,
      "tn" : 1756450903253520873,
      "q" : "50",
      "p" : "0.80822",
      "s" : "sell",
      "i" : "THETAUSD-PERP",
      "m" : "4611686018430845666"
    }, {
      "d" : "1756450822244223640",
      "t" : 1756450822244,
      "tn" : 1756450822244223640,
      "q" : "61",
      "p" : "0.81248",
      "s" : "sell",
      "i" : "THETAUSD-PERP",
      "m" : "4611686018430845665"
    }, {
      "d" : "1756450822244221238",
      "t" : 1756450822244,
      "tn" : 1756450822244221238,
      "q" : "61",
      "p" : "0.81264",
      "s" : "sell",
      "i" : "THETAUSD-PERP",
      "m" : "4611686018430845664"
    }, {
      "d" : "1756450822244219793",
      "t" : 1756450822244,
      "tn" : 1756450822244219793,
      "q" : "61",
      "p" : "0.81280",
      "s" : "sell",
      "i" : "THETAUSD-PERP",
      "m" : "4611686018430845663"
    }, {
      "d" : "1756450822244218310",
      "t" : 1756450822244,
      "tn" : 1756450822244218310,
      "q" : "61",
      "p" : "0.81296",
      "s" : "sell",
      "i" : "THETAUSD-PERP",
      "m" : "4611686018430845662"
    }, {
      "d" : "1756449610740469240",
      "t" : 1756449610740,
      "tn" : 1756449610740469240,
      "q" : "61",
      "p" : "0.80832",
      "s" : "buy",
      "i" : "THETAUSD-PERP",
      "m" : "4611686018430845661"
    }, {
      "d" : "1756448067548156201",
      "t" : 1756448067548,
      "tn" : 1756448067548156201,
      "q" : "61",
      "p" : "0.81360",
      "s" : "sell",
      "i" : "THETAUSD-PERP",
      "m" : "4611686018430845660"
    }, {
      "d" : "1756448059470550201",
      "t" : 1756448059470,
      "tn" : 1756448059470550201,
      "q" : "47",
      "p" : "0.81392",
      "s" : "sell",
      "i" : "THETAUSD-PERP",
      "m" : "4611686018430845659"
    }, {
      "d" : "1756448059470549507",
      "t" : 1756448059470,
      "tn" : 1756448059470549507,
      "q" : "1",
      "p" : "0.81395",
      "s" : "sell",
      "i" : "THETAUSD-PERP",
      "m" : "4611686018430845658"
    }, {
      "d" : "1756444213052395806",
      "t" : 1756444213052,
      "tn" : 1756444213052395806,
      "q" : "1",
      "p" : "0.81568",
      "s" : "buy",
      "i" : "THETAUSD-PERP",
      "m" : "4611686018430845657"
    }, {
      "d" : "1756444213052394012",
      "t" : 1756444213052,
      "tn" : 1756444213052394012,
      "q" : "1",
      "p" : "0.81565",
      "s" : "buy",
      "i" : "THETAUSD-PERP",
      "m" : "4611686018430845656"
    }, {
      "d" : "1756443998947717383",
      "t" : 1756443998947,
      "tn" : 1756443998947717383,
      "q" : "49",
      "p" : "0.81521",
      "s" : "sell",
      "i" : "THETAUSD-PERP",
      "m" : "4611686018430845655"
    }, {
      "d" : "1756443998947715669",
      "t" : 1756443998947,
      "tn" : 1756443998947715669,
      "q" : "1",
      "p" : "0.81525",
      "s" : "sell",
      "i" : "THETAUSD-PERP",
      "m" : "4611686018430845654"
    }, {
      "d" : "1756443346105799705",
      "t" : 1756443346105,
      "tn" : 1756443346105799705,
      "q" : "1",
      "p" : "0.81816",
      "s" : "sell",
      "i" : "THETAUSD-PERP",
      "m" : "4611686018430845653"
    }, {
      "d" : "1756443346105540242",
      "t" : 1756443346105,
      "tn" : 1756443346105540242,
      "q" : "1",
      "p" : "0.81856",
      "s" : "sell",
      "i" : "THETAUSD-PERP",
      "m" : "4611686018430845652"
    }, {
      "d" : "1756442597096326876",
      "t" : 1756442597096,
      "tn" : 1756442597096326876,
      "q" : "1",
      "p" : "0.82268",
      "s" : "sell",
      "i" : "THETAUSD-PERP",
      "m" : "4611686018430845651"
    }, {
      "d" : "1756442596837571611",
      "t" : 1756442596837,
      "tn" : 1756442596837571611,
      "q" : "1",
      "p" : "0.82269",
      "s" : "sell",
      "i" : "THETAUSD-PERP",
      "m" : "4611686018430845650"
    }, {
      "d" : "1756442596578699822",
      "t" : 1756442596578,
      "tn" : 1756442596578699822,
      "q" : "1",
      "p" : "0.82271",
      "s" : "sell",
      "i" : "THETAUSD-PERP",
      "m" : "4611686018430845649"
    }, {
      "d" : "1756442594346353057",
      "t" : 1756442594346,
      "tn" : 1756442594346353057,
      "q" : "1",
      "p" : "0.82271",
      "s" : "sell",
      "i" : "THETAUSD-PERP",
      "m" : "4611686018430845648"
    }, {
      "d" : "1756442594064441242",
      "t" : 1756442594064,
      "tn" : 1756442594064441242,
      "q" : "1",
      "p" : "0.82271",
      "s" : "sell",
      "i" : "THETAUSD-PERP",
      "m" : "4611686018430845647"
    }, {
      "d" : "1756442580431548684",
      "t" : 1756442580431,
      "tn" : 1756442580431548684,
      "q" : "1",
      "p" : "0.82254",
      "s" : "sell",
      "i" : "THETAUSD-PERP",
      "m" : "4611686018430845646"
    }, {
      "d" : "1756442560036308977",
      "t" : 1756442560036,
      "tn" : 1756442560036308977,
      "q" : "1",
      "p" : "0.82254",
      "s" : "sell",
      "i" : "THETAUSD-PERP",
      "m" : "4611686018430845645"
    }, {
      "d" : "1756438211109372891",
      "t" : 1756438211109,
      "tn" : 1756438211109372891,
      "q" : "1",
      "p" : "0.82285",
      "s" : "buy",
      "i" : "THETAUSD-PERP",
      "m" : "4611686018430845644"
    }, {
      "d" : "1756438211109368098",
      "t" : 1756438211109,
      "tn" : 1756438211109368098,
      "q" : "1",
      "p" : "0.82280",
      "s" : "buy",
      "i" : "THETAUSD-PERP",
      "m" : "4611686018430845643"
    }, {
      "d" : "1756435146618818445",
      "t" : 1756435146618,
      "tn" : 1756435146618818445,
      "q" : "1",
      "p" : "0.81999",
      "s" : "sell",
      "i" : "THETAUSD-PERP",
      "m" : "4611686018430845642"
    }, {
      "d" : "1756429542865721571",
      "t" : 1756429542865,
      "tn" : 1756429542865721571,
      "q" : "1",
      "p" : "0.82136",
      "s" : "sell",
      "i" : "THETAUSD-PERP",
      "m" : "4611686018430845641"
    }, {
      "d" : "1756428449894230372",
      "t" : 1756428449894,
      "tn" : 1756428449894230372,
      "q" : "1",
      "p" : "0.82466",
      "s" : "buy",
      "i" : "THETAUSD-PERP",
      "m" : "4611686018430845640"
    }, {
      "d" : "1756428449894229190",
      "t" : 1756428449894,
      "tn" : 1756428449894229190,
      "q" : "1",
      "p" : "0.82456",
      "s" : "buy",
      "i" : "THETAUSD-PERP",
      "m" : "4611686018430845639"
    }, {
      "d" : "1756427256833726105",
      "t" : 1756427256833,
      "tn" : 1756427256833726105,
      "q" : "198",
      "p" : "0.82567",
      "s" : "buy",
      "i" : "THETAUSD-PERP",
      "m" : "4611686018430845638"
    }, {
      "d" : "1756425619665371615",
      "t" : 1756425619665,
      "tn" : 1756425619665371615,
      "q" : "49",
      "p" : "0.83024",
      "s" : "buy",
      "i" : "THETAUSD-PERP",
      "m" : "4611686018430845637"
    }, {
      "d" : "1756425568995043117",
      "t" : 1756425568995,
      "tn" : 1756425568995043117,
      "q" : "1",
      "p" : "0.82886",
      "s" : "buy",
      "i" : "THETAUSD-PERP",
      "m" : "4611686018430845636"
    }, {
      "d" : "1756425552984960174",
      "t" : 1756425552984,
      "tn" : 1756425552984960174,
      "q" : "1",
      "p" : "0.82856",
      "s" : "buy",
      "i" : "THETAUSD-PERP",
      "m" : "4611686018430845635"
    }, {
      "d" : "1756425362563474426",
      "t" : 1756425362563,
      "tn" : 1756425362563474426,
      "q" : "240",
      "p" : "0.82856",
      "s" : "buy",
      "i" : "THETAUSD-PERP",
      "m" : "4611686018430845634"
    }, {
      "d" : "1756425355556527214",
      "t" : 1756425355556,
      "tn" : 1756425355556527214,
      "q" : "1",
      "p" : "0.82885",
      "s" : "buy",
      "i" : "THETAUSD-PERP",
      "m" : "4611686018430845633"
    }, {
      "d" : "1756425354555467189",
      "t" : 1756425354555,
      "tn" : 1756425354555467189,
      "q" : "1",
      "p" : "0.82885",
      "s" : "buy",
      "i" : "THETAUSD-PERP",
      "m" : "4611686018430845632"
    }, {
      "d" : "1756425346547872611",
      "t" : 1756425346547,
      "tn" : 1756425346547872611,
      "q" : "1",
      "p" : "0.82875",
      "s" : "buy",
      "i" : "THETAUSD-PERP",
      "m" : "4611686018430845631"
    }, {
      "d" : "1756425301532747826",
      "t" : 1756425301532,
      "tn" : 1756425301532747826,
      "q" : "1",
      "p" : "0.82855",
      "s" : "buy",
      "i" : "THETAUSD-PERP",
      "m" : "4611686018430845630"
    }, {
      "d" : "1756425283526464760",
      "t" : 1756425283526,
      "tn" : 1756425283526464760,
      "q" : "1",
      "p" : "0.82784",
      "s" : "buy",
      "i" : "THETAUSD-PERP",
      "m" : "4611686018430845629"
    }, {
      "d" : "1756425282525981473",
      "t" : 1756425282525,
      "tn" : 1756425282525981473,
      "q" : "1",
      "p" : "0.82784",
      "s" : "buy",
      "i" : "THETAUSD-PERP",
      "m" : "4611686018430845628"
    }, {
      "d" : "1756425278524981947",
      "t" : 1756425278524,
      "tn" : 1756425278524981947,
      "q" : "1",
      "p" : "0.82784",
      "s" : "buy",
      "i" : "THETAUSD-PERP",
      "m" : "4611686018430845627"
    }, {
      "d" : "1756425265519311242",
      "t" : 1756425265519,
      "tn" : 1756425265519311242,
      "q" : "1",
      "p" : "0.82783",
      "s" : "buy",
      "i" : "THETAUSD-PERP",
      "m" : "4611686018430845626"
    }, {
      "d" : "1756425264519519118",
      "t" : 1756425264519,
      "tn" : 1756425264519519118,
      "q" : "1",
      "p" : "0.82783",
      "s" : "buy",
      "i" : "THETAUSD-PERP",
      "m" : "4611686018430845625"
    }, {
      "d" : "1756425182468980262",
      "t" : 1756425182468,
      "tn" : 1756425182468980262,
      "q" : "1",
      "p" : "0.82623",
      "s" : "buy",
      "i" : "THETAUSD-PERP",
      "m" : "4611686018430845624"
    }, {
      "d" : "1756425165454441159",
      "t" : 1756425165454,
      "tn" : 1756425165454441159,
      "q" : "1",
      "p" : "0.82648",
      "s" : "buy",
      "i" : "THETAUSD-PERP",
      "m" : "4611686018430845623"
    }, {
      "d" : "1756425159447865446",
      "t" : 1756425159447,
      "tn" : 1756425159447865446,
      "q" : "1",
      "p" : "0.82672",
      "s" : "buy",
      "i" : "THETAUSD-PERP",
      "m" : "4611686018430845622"
    }, {
      "d" : "1756425158446616100",
      "t" : 1756425158446,
      "tn" : 1756425158446616100,
      "q" : "1",
      "p" : "0.82672",
      "s" : "buy",
      "i" : "THETAUSD-PERP",
      "m" : "4611686018430845621"
    }, {
      "d" : "1756425146436290815",
      "t" : 1756425146436,
      "tn" : 1756425146436290815,
      "q" : "1",
      "p" : "0.82680",
      "s" : "buy",
      "i" : "THETAUSD-PERP",
      "m" : "4611686018430845620"
    }, {
      "d" : "1756425145436020580",
      "t" : 1756425145436,
      "tn" : 1756425145436020580,
      "q" : "1",
      "p" : "0.82680",
      "s" : "buy",
      "i" : "THETAUSD-PERP",
      "m" : "4611686018430845619"
    }, {
      "d" : "1756425130422108091",
      "t" : 1756425130422,
      "tn" : 1756425130422108091,
      "q" : "1",
      "p" : "0.82769",
      "s" : "buy",
      "i" : "THETAUSD-PERP",
      "m" : "4611686018430845618"
    }, {
      "d" : "1756425129421335883",
      "t" : 1756425129421,
      "tn" : 1756425129421335883,
      "q" : "1",
      "p" : "0.82769",
      "s" : "buy",
      "i" : "THETAUSD-PERP",
      "m" : "4611686018430845617"
    }, {
      "d" : "1756425128420006253",
      "t" : 1756425128420,
      "tn" : 1756425128420006253,
      "q" : "1",
      "p" : "0.82760",
      "s" : "buy",
      "i" : "THETAUSD-PERP",
      "m" : "4611686018430845616"
    }, {
      "d" : "1756425124415532893",
      "t" : 1756425124415,
      "tn" : 1756425124415532893,
      "q" : "1",
      "p" : "0.82778",
      "s" : "buy",
      "i" : "THETAUSD-PERP",
      "m" : "4611686018430845615"
    }, {
      "d" : "1756425123414846836",
      "t" : 1756425123414,
      "tn" : 1756425123414846836,
      "q" : "1",
      "p" : "0.82778",
      "s" : "buy",
      "i" : "THETAUSD-PERP",
      "m" : "4611686018430845614"
    }, {
      "d" : "1756425070383492873",
      "t" : 1756425070383,
      "tn" : 1756425070383492873,
      "q" : "1",
      "p" : "0.82717",
      "s" : "buy",
      "i" : "THETAUSD-PERP",
      "m" : "4611686018430845613"
    }, {
      "d" : "1756425069381934635",
      "t" : 1756425069381,
      "tn" : 1756425069381934635,
      "q" : "1",
      "p" : "0.82717",
      "s" : "buy",
      "i" : "THETAUSD-PERP",
      "m" : "4611686018430845612"
    }, {
      "d" : "1756425068381120171",
      "t" : 1756425068381,
      "tn" : 1756425068381120171,
      "q" : "1",
      "p" : "0.82727",
      "s" : "buy",
      "i" : "THETAUSD-PERP",
      "m" : "4611686018430845611"
    }, {
      "d" : "1756425067379594123",
      "t" : 1756425067379,
      "tn" : 1756425067379594123,
      "q" : "1",
      "p" : "0.82747",
      "s" : "buy",
      "i" : "THETAUSD-PERP",
      "m" : "4611686018430845610"
    }, {
      "d" : "1756425066379138296",
      "t" : 1756425066379,
      "tn" : 1756425066379138296,
      "q" : "1",
      "p" : "0.82752",
      "s" : "buy",
      "i" : "THETAUSD-PERP",
      "m" : "4611686018430845609"
    }, {
      "d" : "1756425064942172260",
      "t" : 1756425064942,
      "tn" : 1756425064942172260,
      "q" : "245",
      "p" : "0.82823",
      "s" : "buy",
      "i" : "THETAUSD-PERP",
      "m" : "4611686018430845608"
    }, {
      "d" : "1756425064938267001",
      "t" : 1756425064938,
      "tn" : 1756425064938267001,
      "q" : "1",
      "p" : "0.82766",
      "s" : "buy",
      "i" : "THETAUSD-PERP",
      "m" : "4611686018430845607"
    }, {
      "d" : "1756425064938264247",
      "t" : 1756425064938,
      "tn" : 1756425064938264247,
      "q" : "1",
      "p" : "0.82752",
      "s" : "buy",
      "i" : "THETAUSD-PERP",
      "m" : "4611686018430845606"
    }, {
      "d" : "1756425037355772657",
      "t" : 1756425037355,
      "tn" : 1756425037355772657,
      "q" : "1",
      "p" : "0.82696",
      "s" : "buy",
      "i" : "THETAUSD-PERP",
      "m" : "4611686018430845605"
    }, {
      "d" : "1756425031352867104",
      "t" : 1756425031352,
      "tn" : 1756425031352867104,
      "q" : "1",
      "p" : "0.82695",
      "s" : "buy",
      "i" : "THETAUSD-PERP",
      "m" : "4611686018430845604"
    }, {
      "d" : "1756425030351567366",
      "t" : 1756425030351,
      "tn" : 1756425030351567366,
      "q" : "1",
      "p" : "0.82695",
      "s" : "buy",
      "i" : "THETAUSD-PERP",
      "m" : "4611686018430845603"
    }, {
      "d" : "1756425026346028239",
      "t" : 1756425026346,
      "tn" : 1756425026346028239,
      "q" : "1",
      "p" : "0.82704",
      "s" : "buy",
      "i" : "THETAUSD-PERP",
      "m" : "4611686018430845602"
    }, {
      "d" : "1756425013332579768",
      "t" : 1756425013332,
      "tn" : 1756425013332579768,
      "q" : "1",
      "p" : "0.82745",
      "s" : "buy",
      "i" : "THETAUSD-PERP",
      "m" : "4611686018430845601"
    }, {
      "d" : "1756424954663290267",
      "t" : 1756424954663,
      "tn" : 1756424954663290267,
      "q" : "19",
      "p" : "0.82903",
      "s" : "buy",
      "i" : "THETAUSD-PERP",
      "m" : "4611686018430845600"
    }, {
      "d" : "1756424954649437245",
      "t" : 1756424954649,
      "tn" : 1756424954649437245,
      "q" : "103",
      "p" : "0.82903",
      "s" : "buy",
      "i" : "THETAUSD-PERP",
      "m" : "4611686018430845599"
    }, {
      "d" : "1756424954649436051",
      "t" : 1756424954649,
      "tn" : 1756424954649436051,
      "q" : "1",
      "p" : "0.82863",
      "s" : "buy",
      "i" : "THETAUSD-PERP",
      "m" : "4611686018430845598"
    }, {
      "d" : "1756424954649434477",
      "t" : 1756424954649,
      "tn" : 1756424954649434477,
      "q" : "1",
      "p" : "0.82848",
      "s" : "buy",
      "i" : "THETAUSD-PERP",
      "m" : "4611686018430845597"
    }, {
      "d" : "1756424954527690573",
      "t" : 1756424954527,
      "tn" : 1756424954527690573,
      "q" : "28",
      "p" : "0.82921",
      "s" : "buy",
      "i" : "THETAUSD-PERP",
      "m" : "4611686018430845596"
    }, {
      "d" : "1756424954527689125",
      "t" : 1756424954527,
      "tn" : 1756424954527689125,
      "q" : "1",
      "p" : "0.82892",
      "s" : "buy",
      "i" : "THETAUSD-PERP",
      "m" : "4611686018430845595"
    }, {
      "d" : "1756424954527687282",
      "t" : 1756424954527,
      "tn" : 1756424954527687282,
      "q" : "1",
      "p" : "0.82880",
      "s" : "buy",
      "i" : "THETAUSD-PERP",
      "m" : "4611686018430845594"
    }, {
      "d" : "1756424951269678891",
      "t" : 1756424951269,
      "tn" : 1756424951269678891,
      "q" : "1",
      "p" : "0.82911",
      "s" : "buy",
      "i" : "THETAUSD-PERP",
      "m" : "4611686018430845593"
    }, {
      "d" : "1756424950269475317",
      "t" : 1756424950269,
      "tn" : 1756424950269475317,
      "q" : "1",
      "p" : "0.82911",
      "s" : "buy",
      "i" : "THETAUSD-PERP",
      "m" : "4611686018430845592"
    }, {
      "d" : "1756424945062919210",
      "t" : 1756424945062,
      "tn" : 1756424945062919210,
      "q" : "25",
      "p" : "0.82930",
      "s" : "buy",
      "i" : "THETAUSD-PERP",
      "m" : "4611686018430845591"
    }, {
      "d" : "1756424945062917366",
      "t" : 1756424945062,
      "tn" : 1756424945062917366,
      "q" : "1",
      "p" : "0.82880",
      "s" : "buy",
      "i" : "THETAUSD-PERP",
      "m" : "4611686018430845590"
    }, {
      "d" : "1756424945062915311",
      "t" : 1756424945062,
      "tn" : 1756424945062915311,
      "q" : "1",
      "p" : "0.82872",
      "s" : "buy",
      "i" : "THETAUSD-PERP",
      "m" : "4611686018430845589"
    }, {
      "d" : "1756424944844829579",
      "t" : 1756424944844,
      "tn" : 1756424944844829579,
      "q" : "1",
      "p" : "0.82909",
      "s" : "buy",
      "i" : "THETAUSD-PERP",
      "m" : "4611686018430845588"
    }, {
      "d" : "1756424944840977506",
      "t" : 1756424944840,
      "tn" : 1756424944840977506,
      "q" : "49",
      "p" : "0.82909",
      "s" : "buy",
      "i" : "THETAUSD-PERP",
      "m" : "4611686018430845587"
    }, {
      "d" : "1756424944840975713",
      "t" : 1756424944840,
      "tn" : 1756424944840975712,
      "q" : "1",
      "p" : "0.82879",
      "s" : "buy",
      "i" : "THETAUSD-PERP",
      "m" : "4611686018430845586"
    }, {
      "d" : "1756424944840975712",
      "t" : 1756424944840,
      "tn" : 1756424944840975712,
      "q" : "1",
      "p" : "0.82879",
      "s" : "buy",
      "i" : "THETAUSD-PERP",
      "m" : "4611686018430845586"
    }, {
      "d" : "1756424944574866123",
      "t" : 1756424944574,
      "tn" : 1756424944574866123,
      "q" : "314",
      "p" : "0.82938",
      "s" : "buy",
      "i" : "THETAUSD-PERP",
      "m" : "4611686018430845585"
    }, {
      "d" : "1756424944544826989",
      "t" : 1756424944544,
      "tn" : 1756424944544826989,
      "q" : "1",
      "p" : "0.82935",
      "s" : "buy",
      "i" : "THETAUSD-PERP",
      "m" : "4611686018430845584"
    }, {
      "d" : "1756424944540429698",
      "t" : 1756424944540,
      "tn" : 1756424944540429698,
      "q" : "331",
      "p" : "0.82935",
      "s" : "buy",
      "i" : "THETAUSD-PERP",
      "m" : "4611686018430845583"
    }, {
      "d" : "1756424944540428464",
      "t" : 1756424944540,
      "tn" : 1756424944540428464,
      "q" : "1",
      "p" : "0.82868",
      "s" : "buy",
      "i" : "THETAUSD-PERP",
      "m" : "4611686018430845582"
    }, {
      "d" : "1756424944540426445",
      "t" : 1756424944540,
      "tn" : 1756424944540426445,
      "q" : "1",
      "p" : "0.82856",
      "s" : "buy",
      "i" : "THETAUSD-PERP",
      "m" : "4611686018430845581"
    }, {
      "d" : "1756424944424132114",
      "t" : 1756424944424,
      "tn" : 1756424944424132114,
      "q" : "1",
      "p" : "0.82931",
      "s" : "buy",
      "i" : "THETAUSD-PERP",
      "m" : "4611686018430845580"
    }, {
      "d" : "1756424944419968928",
      "t" : 1756424944419,
      "tn" : 1756424944419968928,
      "q" : "331",
      "p" : "0.82931",
      "s" : "buy",
      "i" : "THETAUSD-PERP",
      "m" : "4611686018430845579"
    }, {
      "d" : "1756424944397792461",
      "t" : 1756424944397,
      "tn" : 1756424944397792461,
      "q" : "1",
      "p" : "0.82928",
      "s" : "buy",
      "i" : "THETAUSD-PERP",
      "m" : "4611686018430845578"
    }, {
      "d" : "1756424944393926513",
      "t" : 1756424944393,
      "tn" : 1756424944393926513,
      "q" : "331",
      "p" : "0.82928",
      "s" : "buy",
      "i" : "THETAUSD-PERP",
      "m" : "4611686018430845577"
    }, {
      "d" : "1756424944393925171",
      "t" : 1756424944393,
      "tn" : 1756424944393925170,
      "q" : "1",
      "p" : "0.82866",
      "s" : "buy",
      "i" : "THETAUSD-PERP",
      "m" : "4611686018430845576"
    }, {
      "d" : "1756424944393925170",
      "t" : 1756424944393,
      "tn" : 1756424944393925170,
      "q" : "1",
      "p" : "0.82866",
      "s" : "buy",
      "i" : "THETAUSD-PERP",
      "m" : "4611686018430845576"
    }, {
      "d" : "1756424944363779398",
      "t" : 1756424944363,
      "tn" : 1756424944363779398,
      "q" : "1",
      "p" : "0.82925",
      "s" : "buy",
      "i" : "THETAUSD-PERP",
      "m" : "4611686018430845575"
    }, {
      "d" : "1756424944359775788",
      "t" : 1756424944359,
      "tn" : 1756424944359775788,
      "q" : "331",
      "p" : "0.82925",
      "s" : "buy",
      "i" : "THETAUSD-PERP",
      "m" : "4611686018430845574"
    }, {
      "d" : "1756424944321957146",
      "t" : 1756424944321,
      "tn" : 1756424944321957146,
      "q" : "1",
      "p" : "0.82864",
      "s" : "buy",
      "i" : "THETAUSD-PERP",
      "m" : "4611686018430845573"
    }, {
      "d" : "1756424944317544376",
      "t" : 1756424944317,
      "tn" : 1756424944317544376,
      "q" : "1",
      "p" : "0.82923",
      "s" : "buy",
      "i" : "THETAUSD-PERP",
      "m" : "4611686018430845572"
    }, {
      "d" : "1756424944313562115",
      "t" : 1756424944313,
      "tn" : 1756424944313562115,
      "q" : "331",
      "p" : "0.82923",
      "s" : "buy",
      "i" : "THETAUSD-PERP",
      "m" : "4611686018430845571"
    }, {
      "d" : "1756424944264163159",
      "t" : 1756424944264,
      "tn" : 1756424944264163159,
      "q" : "240",
      "p" : "0.82976",
      "s" : "buy",
      "i" : "THETAUSD-PERP",
      "m" : "4611686018430845570"
    }, {
      "d" : "1756424944264161459",
      "t" : 1756424944264,
      "tn" : 1756424944264161459,
      "q" : "309",
      "p" : "0.82933",
      "s" : "buy",
      "i" : "THETAUSD-PERP",
      "m" : "4611686018430845569"
    }, {
      "d" : "1756424944264158948",
      "t" : 1756424944264,
      "tn" : 1756424944264158948,
      "q" : "50",
      "p" : "0.82909",
      "s" : "buy",
      "i" : "THETAUSD-PERP",
      "m" : "4611686018430845568"
    }, {
      "d" : "1756424944264156447",
      "t" : 1756424944264,
      "tn" : 1756424944264156447,
      "q" : "1",
      "p" : "0.82865",
      "s" : "buy",
      "i" : "THETAUSD-PERP",
      "m" : "4611686018430845567"
    }, {
      "d" : "1756424944264153742",
      "t" : 1756424944264,
      "tn" : 1756424944264153742,
      "q" : "1",
      "p" : "0.82856",
      "s" : "buy",
      "i" : "THETAUSD-PERP",
      "m" : "4611686018430845566"
    }, {
      "d" : "1756423990923337593",
      "t" : 1756423990923,
      "tn" : 1756423990923337593,
      "q" : "49",
      "p" : "0.82442",
      "s" : "buy",
      "i" : "THETAUSD-PERP",
      "m" : "4611686018430845565"
    }, {
      "d" : "1756423990923335610",
      "t" : 1756423990923,
      "tn" : 1756423990923335610,
      "q" : "1",
      "p" : "0.82432",
      "s" : "buy",
      "i" : "THETAUSD-PERP",
      "m" : "4611686018430845564"
    }, {
      "d" : "1756421949380353319",
      "t" : 1756421949380,
      "tn" : 1756421949380353318,
      "q" : "171",
      "p" : "0.82632",
      "s" : "buy",
      "i" : "THETAUSD-PERP",
      "m" : "4611686018430845563"
    }, {
      "d" : "1756421949380353318",
      "t" : 1756421949380,
      "tn" : 1756421949380353318,
      "q" : "1",
      "p" : "0.82632",
      "s" : "buy",
      "i" : "THETAUSD-PERP",
      "m" : "4611686018430845563"
    }, {
      "d" : "1756421948129881129",
      "t" : 1756421948129,
      "tn" : 1756421948129881129,
      "q" : "211",
      "p" : "0.82624",
      "s" : "buy",
      "i" : "THETAUSD-PERP",
      "m" : "4611686018430845562"
    }, {
      "d" : "1756421939334598433",
      "t" : 1756421939334,
      "tn" : 1756421939334598433,
      "q" : "143",
      "p" : "0.82704",
      "s" : "buy",
      "i" : "THETAUSD-PERP",
      "m" : "4611686018430845561"
    }, {
      "d" : "1756421939334120865",
      "t" : 1756421939334,
      "tn" : 1756421939334120864,
      "q" : "90",
      "p" : "0.82704",
      "s" : "buy",
      "i" : "THETAUSD-PERP",
      "m" : "4611686018430845560"
    }, {
      "d" : "1756421939334120864",
      "t" : 1756421939334,
      "tn" : 1756421939334120864,
      "q" : "1",
      "p" : "0.82704",
      "s" : "buy",
      "i" : "THETAUSD-PERP",
      "m" : "4611686018430845560"
    }, {
      "d" : "1756419347246505331",
      "t" : 1756419347246,
      "tn" : 1756419347246505331,
      "q" : "1",
      "p" : "0.81840",
      "s" : "buy",
      "i" : "THETAUSD-PERP",
      "m" : "4611686018430845559"
    }, {
      "d" : "1756417013912278601",
      "t" : 1756417013912,
      "tn" : 1756417013912278600,
      "q" : "356",
      "p" : "0.81008",
      "s" : "buy",
      "i" : "THETAUSD-PERP",
      "m" : "4611686018430845558"
    }, {
      "d" : "1756417013912278600",
      "t" : 1756417013912,
      "tn" : 1756417013912278600,
      "q" : "1",
      "p" : "0.81008",
      "s" : "buy",
      "i" : "THETAUSD-PERP",
      "m" : "4611686018430845558"
    }, {
      "d" : "1756417011572431723",
      "t" : 1756417011572,
      "tn" : 1756417011572431723,
      "q" : "109",
      "p" : "0.81008",
      "s" : "buy",
      "i" : "THETAUSD-PERP",
      "m" : "4611686018430845557"
    }, {
      "d" : "1756417011568884364",
      "t" : 1756417011568,
      "tn" : 1756417011568884363,
      "q" : "59",
      "p" : "0.81008",
      "s" : "buy",
      "i" : "THETAUSD-PERP",
      "m" : "4611686018430845556"
    }, {
      "d" : "1756417011568884363",
      "t" : 1756417011568,
      "tn" : 1756417011568884363,
      "q" : "1",
      "p" : "0.81008",
      "s" : "buy",
      "i" : "THETAUSD-PERP",
      "m" : "4611686018430845556"
    }, {
      "d" : "1756417011568881012",
      "t" : 1756417011568,
      "tn" : 1756417011568881012,
      "q" : "1",
      "p" : "0.81007",
      "s" : "buy",
      "i" : "THETAUSD-PERP",
      "m" : "4611686018430845555"
    }, {
      "d" : "1756415417762036659",
      "t" : 1756415417762,
      "tn" : 1756415417762036659,
      "q" : "248",
      "p" : "0.80607",
      "s" : "sell",
      "i" : "THETAUSD-PERP",
      "m" : "4611686018430845554"
    }, {
      "d" : "1756415374335204389",
      "t" : 1756415374335,
      "tn" : 1756415374335204389,
      "q" : "62",
      "p" : "0.80640",
      "s" : "sell",
      "i" : "THETAUSD-PERP",
      "m" : "4611686018430845553"
    } ]
  }
}