{
  "id" : -1,
  "method" : "public/get-trades",
  "code" : 0,
  "result" : {
    "data" : [ {
      "d" : "1756462433060800258",
      "t" : 1756462433060,
      "tn" : 1756462433060800258,
      "q" : "197.7",
      "p" : "0.79132",
      "s" : "sell",
      "i" : "THETA_USD",
      "m" : "4611686018430461865"
    }, {
      "d" : "1756460842418507296",
      "t" : 1756460842418,
      "tn" : 1756460842418507296,
      "q" : "123.0",
      "p" : "0.78592",
      "s" : "buy",
      "i" : "THETA_USD",
      "m" : "4611686018430461864"
    }, {
      "d" : "1756460723531268035",
      "t" : 1756460723531,
      "tn" : 1756460723531268035,
      "q" : "12.4",
      "p" : "0.78637",
      "s" : "sell",
      "i" : "THETA_USD",
      "m" : "4611686018430461863"
    }, {
      "d" : "1756460701889840304",
      "t" : 1756460701889,
      "tn" : 1756460701889840304,
      "q" : "18.6",
      "p" : "0.78717",
      "s" : "sell",
      "i" : "THETA_USD",
      "m" : "4611686018430461862"
    }, {
      "d" : "1756459550012414335",
      "t" : 1756459550012,
      "tn" : 1756459550012414335,
      "q" : "19.9",
      "p" : "0.78326",
      "s" : "sell",
      "i" : "THETA_USD",
      "m" : "4611686018430461861"
    }, {
      "d" : "1756459387262809603",
      "t" : 1756459387262,
      "tn" : 1756459387262809603,
      "q" : "19.9",
      "p" : "0.78424",
      "s" : "buy",
      "i" : "THETA_USD",
      "m" : "4611686018430461860"
    }, {
      "d" : "1756458032856692070",
      "t" : 1756458032856,
      "tn" : 1756458032856692070,
      "q" : "80.7",
      "p" : "0.78278",
      "s" : "sell",
      "i" : "THETA_USD",
      "m" : "4611686018430461859"
    }, {
      "d" : "1756458032750608954",
      "t" : 1756458032750,
      "tn" : 1756458032750608954,
      "q" : "190.0",
      "p" : "0.78278",
      "s" : "sell",
      "i" : "THETA_USD",
      "m" : "4611686018430461858"
    }, {
      "d" : "1756458010914656782",
      "t" : 1756458010914,
      "tn" : 1756458010914656782,
      "q" : "62.0",
      "p" : "0.78252",
      "s" : "sell",
      "i" : "THETA_USD",
      "m" : "4611686018430461857"
    }, {
      "d" : "1756458007177360722",
      "t" : 1756458007177,
      "tn" : 1756458007177360722,
      "q" : "107.0",
      "p" : "0.78276",
      "s" : "sell",
      "i" : "THETA_USD",
      "m" : "4611686018430461856"
    }, {
      "d" : "1756458000461224011",
      "t" : 1756458000461,
      "tn" : 1756458000461224011,
      "q" : "63.0",
      "p" : "0.78317",
      "s" : "sell",
      "i" : "THETA_USD",
      "m" : "4611686018430461855"
    }, {
      "d" : "1756457980129425138",
      "t" : 1756457980129,
      "tn" : 1756457980129425138,
      "q" : "63.0",
      "p" : "0.78317",
      "s" : "sell",
      "i" : "THETA_USD",
      "m" : "4611686018430461854"
    }, {
      "d" : "1756457946666836623",
      "t" : 1756457946666,
      "tn" : 1756457946666836623,
      "q" : "46.0",
      "p" : "0.78337",
      "s" : "sell",
      "i" : "THETA_USD",
      "m" : "4611686018430461853"
    }, {
      "d" : "1756457886347395119",
      "t" : 1756457886347,
      "tn" : 1756457886347395119,
      "q" : "40.6",
      "p" : "0.78432",
      "s" : "buy",
      "i" : "THETA_USD",
      "m" : "4611686018430461852"
    }, {
      "d" : "1756457550169050130",
      "t" : 1756457550169,
      "tn" : 1756457550169050130,
      "q" : "55.7",
      "p" : "0.78370",
      "s" : "buy",
      "i" : "THETA_USD",
      "m" : "4611686018430461851"
    }, {
      "d" : "1756457547118959529",
      "t" : 1756457547118,
      "tn" : 1756457547118959529,
      "q" : "1500.0",
      "p" : "0.78398",
      "s" : "buy",
      "i" : "THETA_USD",
      "m" : "4611686018430461850"
    }, {
      "d" : "1756457544368414687",
      "t" : 1756457544368,
      "tn" : 1756457544368414687,
      "q" : "1500.0",
      "p" : "0.78368",
      "s" : "buy",
      "i" : "THETA_USD",
      "m" : "4611686018430461849"
    }, {
      "d" : "1756457541595334479",
      "t" : 1756457541595,
      "tn" : 1756457541595334479,
      "q" : "1500.0",
      "p" : "0.78396",
      "s" : "buy",
      "i" : "THETA_USD",
      "m" : "4611686018430461848"
    }, {
      "d" : "1756457228244544690",
      "t" : 1756457228244,
      "tn" : 1756457228244544690,
      "q" : "13.6",
      "p" : "0.78546",
      "s" : "buy",
      "i" : "THETA_USD",
      "m" : "4611686018430461847"
    }, {
      "d" : "1756454531087120473",
      "t" : 1756454531087,
      "tn" : 1756454531087120473,
      "q" : "3.5",
      "p" : "0.79450",
      "s" : "sell",
      "i" : "THETA_USD",
      "m" : "4611686018430461846"
    }, {
      "d" : "1756454501086164520",
      "t" : 1756454501086,
      "tn" : 1756454501086164520,
      "q" : "73.5",
      "p" : "0.79111",
      "s" : "sell",
      "i" : "THETA_USD",
      "m" : "4611686018430461845"
    }, {
      "d" : "1756454501086162949",
      "t" : 1756454501086,
      "tn" : 1756454501086162949,
      "q" : "25.2",
      "p" : "0.79371",
      "s" : "sell",
      "i" : "THETA_USD",
      "m" : "4611686018430461844"
    }, {
      "d" : "1756454501086160469",
      "t" : 1756454501086,
      "tn" : 1756454501086160469,
      "q" : "46.7",
      "p" : "0.79397",
      "s" : "sell",
      "i" : "THETA_USD",
      "m" : "4611686018430461843"
    }, {
      "d" : "1756454501086157435",
      "t" : 1756454501086,
      "tn" : 1756454501086157435,
      "q" : "106.0",
      "p" : "0.79398",
      "s" : "sell",
      "i" : "THETA_USD",
      "m" : "4611686018430461842"
    }, {
      "d" : "1756454459098873707",
      "t" : 1756454459098,
      "tn" : 1756454459098873707,
      "q" : "61.1",
      "p" : "0.79376",
      "s" : "sell",
      "i" : "THETA_USD",
      "m" : "4611686018430461841"
    }, {
      "d" : "1756454459098872158",
      "t" : 1756454459098,
      "tn" : 1756454459098872158,
      "q" : "179.8",
      "p" : "0.79725",
      "s" : "sell",
      "i" : "THETA_USD",
      "m" : "4611686018430461840"
    }, {
      "d" : "1756454459097170404",
      "t" : 1756454459097,
      "tn" : 1756454459097170404,
      "q" : "627.2",
      "p" : "0.79725",
      "s" : "sell",
      "i" : "THETA_USD",
      "m" : "4611686018430461839"
    }, {
      "d" : "1756454414936244769",
      "t" : 1756454414936,
      "tn" : 1756454414936244769,
      "q" : "18.4",
      "p" : "0.79356",
      "s" : "sell",
      "i" : "THETA_USD",
      "m" : "4611686018430461838"
    }, {
      "d" : "1756454373309665468",
      "t" : 1756454373309,
      "tn" : 1756454373309665468,
      "q" : "9.1",
      "p" : "0.79746",
      "s" : "buy",
      "i" : "THETA_USD",
      "m" : "4611686018430461837"
    }, {
      "d" : "1756454373309663256",
      "t" : 1756454373309,
      "tn" : 1756454373309663256,
      "q" : "116.1",
      "p" : "0.79425",
      "s" : "buy",
      "i" : "THETA_USD",
      "m" : "4611686018430461836"
    }, {
      "d" : "1756453697707397767",
      "t" : 1756453697707,
      "tn" : 1756453697707397767,
      "q" : "90.7",
      "p" : "0.79479",
      "s" : "buy",
      "i" : "THETA_USD",
      "m" : "4611686018430461835"
    }, {
      "d" : "1756453450651654322",
      "t" : 1756453450651,
      "tn" : 1756453450651654322,
      "q" : "31.4",
      "p" : "0.79661",
      "s" : "sell",
      "i" : "THETA_USD",
      "m" : "4611686018430461834"
    }, {
      "d" : "1756452347889034814",
      "t" : 1756452347889,
      "tn" : 1756452347889034814,
      "q" : "209.0",
      "p" : "0.79455",
      "s" : "buy",
      "i" : "THETA_USD",
      "m" : "4611686018430461833"
    }, {
      "d" : "1756450931023302546",
      "t" : 1756450931023,
      "tn" : 1756450931023302546,
      "q" : "28.3",
      "p" : "0.80313",
      "s" : "sell",
      "i" : "THETA_USD",
      "m" : "4611686018430461832"
    }, {
      "d" : "1756450931023300729",
      "t" : 1756450931023,
      "tn" : 1756450931023300729,
      "q" : "24.8",
      "p" : "0.80578",
      "s" : "sell",
      "i" : "THETA_USD",
      "m" : "4611686018430461831"
    }, {
      "d" : "1756450931023297912",
      "t" : 1756450931023,
      "tn" : 1756450931023297912,
      "q" : "74.9",
      "p" : "0.80597",
      "s" : "sell",
      "i" : "THETA_USD",
      "m" : "4611686018430461830"
    }, {
      "d" : "1756450871022044319",
      "t" : 1756450871022,
      "tn" : 1756450871022044319,
      "q" : "60.7",
      "p" : "0.80500",
      "s" : "sell",
      "i" : "THETA_USD",
      "m" : "4611686018430461829"
    }, {
      "d" : "1756450871022042545",
      "t" : 1756450871022,
      "tn" : 1756450871022042545,
      "q" : "186.1",
      "p" : "0.80567",
      "s" : "sell",
      "i" : "THETA_USD",
      "m" : "4611686018430461828"
    }, {
      "d" : "1756450848223553351",
      "t" : 1756450848223,
      "tn" : 1756450848223553351,
      "q" : "2.4",
      "p" : "0.80523",
      "s" : "sell",
      "i" : "THETA_USD",
      "m" : "4611686018430461827"
    }, {
      "d" : "1756450841021766101",
      "t" : 1756450841021,
      "tn" : 1756450841021766101,
      "q" : "9.7",
      "p" : "0.80500",
      "s" : "sell",
      "i" : "THETA_USD",
      "m" : "4611686018430461826"
    }, {
      "d" : "1756450841021764431",
      "t" : 1756450841021,
      "tn" : 1756450841021764431,
      "q" : "50.9",
      "p" : "0.80619",
      "s" : "sell",
      "i" : "THETA_USD",
      "m" : "4611686018430461825"
    }, {
      "d" : "1756450841021762156",
      "t" : 1756450841021,
      "tn" : 1756450841021762156,
      "q" : "186.0",
      "p" : "0.80626",
      "s" : "sell",
      "i" : "THETA_USD",
      "m" : "4611686018430461824"
    }, {
      "d" : "1756450822246983782",
      "t" : 1756450822246,
      "tn" : 1756450822246983782,
      "q" : "392.7",
      "p" : "0.81561",
      "s" : "sell",
      "i" : "THETA_USD",
      "m" : "4611686018430461823"
    }, {
      "d" : "1756450822246114857",
      "t" : 1756450822246,
      "tn" : 1756450822246114857,
      "q" : "183.0",
      "p" : "0.81561",
      "s" : "sell",
      "i" : "THETA_USD",
      "m" : "4611686018430461822"
    }, {
      "d" : "1756450822245340138",
      "t" : 1756450822245,
      "tn" : 1756450822245340138,
      "q" : "60.9",
      "p" : "0.81561",
      "s" : "sell",
      "i" : "THETA_USD",
      "m" : "4611686018430461821"
    }, {
      "d" : "1756450822244511553",
      "t" : 1756450822244,
      "tn" : 1756450822244511553,
      "q" : "115.6",
      "p" : "0.81561",
      "s" : "sell",
      "i" : "THETA_USD",
      "m" : "4611686018430461820"
    }, {
      "d" : "1756450822239498442",
      "t" : 1756450822239,
      "tn" : 1756450822239498442,
      "q" : "115.7",
      "p" : "0.81561",
      "s" : "sell",
      "i" : "THETA_USD",
      "m" : "4611686018430461819"
    }, {
      "d" : "1756450822238348440",
      "t" : 1756450822238,
      "tn" : 1756450822238348440,
      "q" : "115.8",
      "p" : "0.81561",
      "s" : "sell",
      "i" : "THETA_USD",
      "m" : "4611686018430461818"
    }, {
      "d" : "1756450822232943454",
      "t" : 1756450822232,
      "tn" : 1756450822232943454,
      "q" : "414.1",
      "p" : "0.81561",
      "s" : "sell",
      "i" : "THETA_USD",
      "m" : "4611686018430461817"
    }, {
      "d" : "1756450822232786374",
      "t" : 1756450822232,
      "tn" : 1756450822232786374,
      "q" : "613.0",
      "p" : "0.81561",
      "s" : "sell",
      "i" : "THETA_USD",
      "m" : "4611686018430461816"
    }, {
      "d" : "1756450822227973097",
      "t" : 1756450822227,
      "tn" : 1756450822227973097,
      "q" : "414.1",
      "p" : "0.81561",
      "s" : "sell",
      "i" : "THETA_USD",
      "m" : "4611686018430461815"
    }, {
      "d" : "1756450822227829018",
      "t" : 1756450822227,
      "tn" : 1756450822227829018,
      "q" : "4115.8",
      "p" : "0.81561",
      "s" : "sell",
      "i" : "THETA_USD",
      "m" : "4611686018430461814"
    }, {
      "d" : "1756450822227823955",
      "t" : 1756450822227,
      "tn" : 1756450822227823955,
      "q" : "286.2",
      "p" : "0.81561",
      "s" : "sell",
      "i" : "THETA_USD",
      "m" : "4611686018430461813"
    }, {
      "d" : "1756450822227434928",
      "t" : 1756450822227,
      "tn" : 1756450822227434928,
      "q" : "99.9",
      "p" : "0.81561",
      "s" : "sell",
      "i" : "THETA_USD",
      "m" : "4611686018430461812"
    }, {
      "d" : "1756450822226837405",
      "t" : 1756450822226,
      "tn" : 1756450822226837405,
      "q" : "307.0",
      "p" : "0.81561",
      "s" : "sell",
      "i" : "THETA_USD",
      "m" : "4611686018430461811"
    }, {
      "d" : "1756450822220042436",
      "t" : 1756450822220,
      "tn" : 1756450822220042436,
      "q" : "870.4",
      "p" : "0.81547",
      "s" : "buy",
      "i" : "THETA_USD",
      "m" : "4611686018430461810"
    }, {
      "d" : "1756450822220040024",
      "t" : 1756450822220,
      "tn" : 1756450822220040024,
      "q" : "50.4",
      "p" : "0.81514",
      "s" : "buy",
      "i" : "THETA_USD",
      "m" : "4611686018430461809"
    }, {
      "d" : "1756450822220037269",
      "t" : 1756450822220,
      "tn" : 1756450822220037269,
      "q" : "1121.6",
      "p" : "0.81509",
      "s" : "buy",
      "i" : "THETA_USD",
      "m" : "4611686018430461808"
    }, {
      "d" : "1756450822220034229",
      "t" : 1756450822220,
      "tn" : 1756450822220034229,
      "q" : "205.1",
      "p" : "0.81507",
      "s" : "buy",
      "i" : "THETA_USD",
      "m" : "4611686018430461807"
    }, {
      "d" : "1756450375807446514",
      "t" : 1756450375807,
      "tn" : 1756450375807446514,
      "q" : "137.7",
      "p" : "0.81435",
      "s" : "buy",
      "i" : "THETA_USD",
      "m" : "4611686018430461806"
    }, {
      "d" : "1756450375807444894",
      "t" : 1756450375807,
      "tn" : 1756450375807444894,
      "q" : "12.4",
      "p" : "0.81434",
      "s" : "buy",
      "i" : "THETA_USD",
      "m" : "4611686018430461805"
    }, {
      "d" : "1756450375467815031",
      "t" : 1756450375467,
      "tn" : 1756450375467815031,
      "q" : "149.9",
      "p" : "0.80516",
      "s" : "buy",
      "i" : "THETA_USD",
      "m" : "4611686018430461804"
    }, {
      "d" : "1756450367351739043",
      "t" : 1756450367351,
      "tn" : 1756450367351739043,
      "q" : "457.3",
      "p" : "0.81285",
      "s" : "sell",
      "i" : "THETA_USD",
      "m" : "4611686018430461803"
    }, {
      "d" : "1756448067567229151",
      "t" : 1756448067567,
      "tn" : 1756448067567229151,
      "q" : "655.0",
      "p" : "0.81459",
      "s" : "sell",
      "i" : "THETA_USD",
      "m" : "4611686018430461802"
    }, {
      "d" : "1756448067549474659",
      "t" : 1756448067549,
      "tn" : 1756448067549474659,
      "q" : "61.0",
      "p" : "0.81459",
      "s" : "sell",
      "i" : "THETA_USD",
      "m" : "4611686018430461801"
    }, {
      "d" : "1756448059471804876",
      "t" : 1756448059471,
      "tn" : 1756448059471804876,
      "q" : "47.0",
      "p" : "0.81486",
      "s" : "sell",
      "i" : "THETA_USD",
      "m" : "4611686018430461800"
    }, {
      "d" : "1756447341224935551",
      "t" : 1756447341224,
      "tn" : 1756447341224935551,
      "q" : "11.9",
      "p" : "0.81825",
      "s" : "buy",
      "i" : "THETA_USD",
      "m" : "4611686018430461799"
    }, {
      "d" : "1756447197649900453",
      "t" : 1756447197649,
      "tn" : 1756447197649900453,
      "q" : "23.7",
      "p" : "0.81740",
      "s" : "buy",
      "i" : "THETA_USD",
      "m" : "4611686018430461798"
    }, {
      "d" : "1756446760547608712",
      "t" : 1756446760547,
      "tn" : 1756446760547608712,
      "q" : "18.8",
      "p" : "0.81594",
      "s" : "sell",
      "i" : "THETA_USD",
      "m" : "4611686018430461797"
    }, {
      "d" : "1756446734111398447",
      "t" : 1756446734111,
      "tn" : 1756446734111398447,
      "q" : "18.8",
      "p" : "0.81611",
      "s" : "buy",
      "i" : "THETA_USD",
      "m" : "4611686018430461796"
    }, {
      "d" : "1756446733926146946",
      "t" : 1756446733926,
      "tn" : 1756446733926146946,
      "q" : "18.8",
      "p" : "0.81607",
      "s" : "buy",
      "i" : "THETA_USD",
      "m" : "4611686018430461795"
    }, {
      "d" : "1756446733795055098",
      "t" : 1756446733795,
      "tn" : 1756446733795055098,
      "q" : "18.8",
      "p" : "0.81605",
      "s" : "buy",
      "i" : "THETA_USD",
      "m" : "4611686018430461794"
    }, {
      "d" : "1756446733625539783",
      "t" : 1756446733625,
      "tn" : 1756446733625539783,
      "q" : "18.8",
      "p" : "0.81604",
      "s" : "buy",
      "i" : "THETA_USD",
      "m" : "4611686018430461793"
    }, {
      "d" : "1756446733499763335",
      "t" : 1756446733499,
      "tn" : 1756446733499763335,
      "q" : "18.8",
      "p" : "0.81605",
      "s" : "buy",
      "i" : "THETA_USD",
      "m" : "4611686018430461792"
    }, {
      "d" : "1756446733338439650",
      "t" : 1756446733338,
      "tn" : 1756446733338439650,
      "q" : "18.8",
      "p" : "0.81604",
      "s" : "buy",
      "i" : "THETA_USD",
      "m" : "4611686018430461791"
    }, {
      "d" : "1756446733178043764",
      "t" : 1756446733178,
      "tn" : 1756446733178043764,
      "q" : "18.8",
      "p" : "0.81604",
      "s" : "buy",
      "i" : "THETA_USD",
      "m" : "4611686018430461790"
    }, {
      "d" : "1756446486677986539",
      "t" : 1756446486677,
      "tn" : 1756446486677986539,
      "q" : "18.9",
      "p" : "0.81807",
      "s" : "buy",
      "i" : "THETA_USD",
      "m" : "4611686018430461789"
    }, {
      "d" : "1756446339850948081",
      "t" : 1756446339850,
      "tn" : 1756446339850948081,
      "q" : "12.4",
      "p" : "0.81565",
      "s" : "buy",
      "i" : "THETA_USD",
      "m" : "4611686018430461788"
    }, {
      "d" : "1756446201612769298",
      "t" : 1756446201612,
      "tn" : 1756446201612769298,
      "q" : "18.9",
      "p" : "0.81603",
      "s" : "buy",
      "i" : "THETA_USD",
      "m" : "4611686018430461787"
    }, {
      "d" : "1756446000389380201",
      "t" : 1756446000389,
      "tn" : 1756446000389380201,
      "q" : "16.2",
      "p" : "0.81605",
      "s" : "buy",
      "i" : "THETA_USD",
      "m" : "4611686018430461786"
    }, {
      "d" : "1756445959535235768",
      "t" : 1756445959535,
      "tn" : 1756445959535235768,
      "q" : "19.1",
      "p" : "0.81507",
      "s" : "buy",
      "i" : "THETA_USD",
      "m" : "4611686018430461785"
    }, {
      "d" : "1756445588712280837",
      "t" : 1756445588712,
      "tn" : 1756445588712280837,
      "q" : "19.2",
      "p" : "0.81512",
      "s" : "buy",
      "i" : "THETA_USD",
      "m" : "4611686018430461784"
    }, {
      "d" : "1756445520312983804",
      "t" : 1756445520312,
      "tn" : 1756445520312983804,
      "q" : "19.2",
      "p" : "0.81486",
      "s" : "buy",
      "i" : "THETA_USD",
      "m" : "4611686018430461783"
    }, {
      "d" : "1756445305804446754",
      "t" : 1756445305804,
      "tn" : 1756445305804446754,
      "q" : "19.4",
      "p" : "0.81448",
      "s" : "buy",
      "i" : "THETA_USD",
      "m" : "4611686018430461782"
    }, {
      "d" : "1756445298190074218",
      "t" : 1756445298190,
      "tn" : 1756445298190074218,
      "q" : "19.4",
      "p" : "0.81445",
      "s" : "buy",
      "i" : "THETA_USD",
      "m" : "4611686018430461781"
    }, {
      "d" : "1756445289508234679",
      "t" : 1756445289508,
      "tn" : 1756445289508234679,
      "q" : "19.5",
      "p" : "0.81444",
      "s" : "buy",
      "i" : "THETA_USD",
      "m" : "4611686018430461780"
    }, {
      "d" : "1756445289508233155",
      "t" : 1756445289508,
      "tn" : 1756445289508233155,
      "q" : "175.8",
      "p" : "0.81443",
      "s" : "buy",
      "i" : "THETA_USD",
      "m" : "4611686018430461779"
    }, {
      "d" : "1756445280675945420",
      "t" : 1756445280675,
      "tn" : 1756445280675945420,
      "q" : "39.1",
      "p" : "0.81410",
      "s" : "sell",
      "i" : "THETA_USD",
      "m" : "4611686018430461778"
    }, {
      "d" : "1756445205104221023",
      "t" : 1756445205104,
      "tn" : 1756445205104221023,
      "q" : "19.5",
      "p" : "0.81405",
      "s" : "buy",
      "i" : "THETA_USD",
      "m" : "4611686018430461777"
    }, {
      "d" : "1756444812712962943",
      "t" : 1756444812712,
      "tn" : 1756444812712962943,
      "q" : "19.6",
      "p" : "0.81503",
      "s" : "buy",
      "i" : "THETA_USD",
      "m" : "4611686018430461776"
    }, {
      "d" : "1756444732910201975",
      "t" : 1756444732910,
      "tn" : 1756444732910201975,
      "q" : "19.7",
      "p" : "0.81395",
      "s" : "buy",
      "i" : "THETA_USD",
      "m" : "4611686018430461775"
    }, {
      "d" : "1756444475739310986",
      "t" : 1756444475739,
      "tn" : 1756444475739310986,
      "q" : "19.7",
      "p" : "0.81597",
      "s" : "sell",
      "i" : "THETA_USD",
      "m" : "4611686018430461774"
    }, {
      "d" : "1756444338712294246",
      "t" : 1756444338712,
      "tn" : 1756444338712294246,
      "q" : "19.7",
      "p" : "0.81609",
      "s" : "buy",
      "i" : "THETA_USD",
      "m" : "4611686018430461773"
    }, {
      "d" : "1756444279497327299",
      "t" : 1756444279497,
      "tn" : 1756444279497327299,
      "q" : "701.0",
      "p" : "0.81719",
      "s" : "sell",
      "i" : "THETA_USD",
      "m" : "4611686018430461772"
    }, {
      "d" : "1756444266563723158",
      "t" : 1756444266563,
      "tn" : 1756444266563723158,
      "q" : "25.5",
      "p" : "0.81699",
      "s" : "sell",
      "i" : "THETA_USD",
      "m" : "4611686018430461771"
    }, {
      "d" : "1756444213052241281",
      "t" : 1756444213052,
      "tn" : 1756444213052241281,
      "q" : "19.8",
      "p" : "0.81585",
      "s" : "buy",
      "i" : "THETA_USD",
      "m" : "4611686018430461770"
    }, {
      "d" : "1756443781454418655",
      "t" : 1756443781454,
      "tn" : 1756443781454418655,
      "q" : "19.8",
      "p" : "0.81704",
      "s" : "buy",
      "i" : "THETA_USD",
      "m" : "4611686018430461769"
    }, {
      "d" : "1756443612539071202",
      "t" : 1756443612539,
      "tn" : 1756443612539071202,
      "q" : "24.5",
      "p" : "0.81592",
      "s" : "sell",
      "i" : "THETA_USD",
      "m" : "4611686018430461768"
    }, {
      "d" : "1756443482612315791",
      "t" : 1756443482612,
      "tn" : 1756443482612315791,
      "q" : "19.8",
      "p" : "0.81498",
      "s" : "buy",
      "i" : "THETA_USD",
      "m" : "4611686018430461767"
    }, {
      "d" : "1756443420079254439",
      "t" : 1756443420079,
      "tn" : 1756443420079254439,
      "q" : "19.9",
      "p" : "0.81511",
      "s" : "buy",
      "i" : "THETA_USD",
      "m" : "4611686018430461766"
    }, {
      "d" : "1756443346525965529",
      "t" : 1756443346525,
      "tn" : 1756443346525965529,
      "q" : "19.9",
      "p" : "0.81706",
      "s" : "buy",
      "i" : "THETA_USD",
      "m" : "4611686018430461765"
    }, {
      "d" : "1756443346110282571",
      "t" : 1756443346110,
      "tn" : 1756443346110282571,
      "q" : "24.4",
      "p" : "0.81804",
      "s" : "sell",
      "i" : "THETA_USD",
      "m" : "4611686018430461764"
    }, {
      "d" : "1756443119780136982",
      "t" : 1756443119780,
      "tn" : 1756443119780136982,
      "q" : "982.5",
      "p" : "0.81491",
      "s" : "sell",
      "i" : "THETA_USD",
      "m" : "4611686018430461763"
    }, {
      "d" : "1756443119780135251",
      "t" : 1756443119780,
      "tn" : 1756443119780135251,
      "q" : "244.0",
      "p" : "0.81909",
      "s" : "sell",
      "i" : "THETA_USD",
      "m" : "4611686018430461762"
    }, {
      "d" : "1756443119780132228",
      "t" : 1756443119780,
      "tn" : 1756443119780132228,
      "q" : "24.4",
      "p" : "0.81924",
      "s" : "sell",
      "i" : "THETA_USD",
      "m" : "4611686018430461761"
    }, {
      "d" : "1756442790404341000",
      "t" : 1756442790404,
      "tn" : 1756442790404341000,
      "q" : "19.9",
      "p" : "0.82216",
      "s" : "buy",
      "i" : "THETA_USD",
      "m" : "4611686018430461760"
    }, {
      "d" : "1756442319383787721",
      "t" : 1756442319383,
      "tn" : 1756442319383787721,
      "q" : "19.9",
      "p" : "0.82113",
      "s" : "buy",
      "i" : "THETA_USD",
      "m" : "4611686018430461759"
    }, {
      "d" : "1756441591682523470",
      "t" : 1756441591682,
      "tn" : 1756441591682523470,
      "q" : "20.0",
      "p" : "0.82414",
      "s" : "buy",
      "i" : "THETA_USD",
      "m" : "4611686018430461758"
    }, {
      "d" : "1756440597361865367",
      "t" : 1756440597361,
      "tn" : 1756440597361865367,
      "q" : "226.7",
      "p" : "0.82343",
      "s" : "sell",
      "i" : "THETA_USD",
      "m" : "4611686018430461757"
    }, {
      "d" : "1756440393456638574",
      "t" : 1756440393456,
      "tn" : 1756440393456638574,
      "q" : "122.0",
      "p" : "0.82310",
      "s" : "sell",
      "i" : "THETA_USD",
      "m" : "4611686018430461756"
    }, {
      "d" : "1756440315582356075",
      "t" : 1756440315582,
      "tn" : 1756440315582356075,
      "q" : "97.7",
      "p" : "0.82353",
      "s" : "sell",
      "i" : "THETA_USD",
      "m" : "4611686018430461755"
    }, {
      "d" : "1756440315582354371",
      "t" : 1756440315582,
      "tn" : 1756440315582354371,
      "q" : "24.3",
      "p" : "0.82371",
      "s" : "sell",
      "i" : "THETA_USD",
      "m" : "4611686018430461754"
    }, {
      "d" : "1756439636863328650",
      "t" : 1756439636863,
      "tn" : 1756439636863328650,
      "q" : "122.0",
      "p" : "0.82469",
      "s" : "sell",
      "i" : "THETA_USD",
      "m" : "4611686018430461753"
    }, {
      "d" : "1756438870402071384",
      "t" : 1756438870402,
      "tn" : 1756438870402071384,
      "q" : "190.2",
      "p" : "0.82700",
      "s" : "sell",
      "i" : "THETA_USD",
      "m" : "4611686018430461752"
    }, {
      "d" : "1756438870396734278",
      "t" : 1756438870396,
      "tn" : 1756438870396734278,
      "q" : "20.0",
      "p" : "0.82634",
      "s" : "buy",
      "i" : "THETA_USD",
      "m" : "4611686018430461751"
    }, {
      "d" : "1756438867408028476",
      "t" : 1756438867408,
      "tn" : 1756438867408028476,
      "q" : "646.0",
      "p" : "0.82774",
      "s" : "sell",
      "i" : "THETA_USD",
      "m" : "4611686018430461750"
    }, {
      "d" : "1756438867407135302",
      "t" : 1756438867407,
      "tn" : 1756438867407135302,
      "q" : "234.8",
      "p" : "0.82774",
      "s" : "sell",
      "i" : "THETA_USD",
      "m" : "4611686018430461749"
    }, {
      "d" : "1756438867406822414",
      "t" : 1756438867406,
      "tn" : 1756438867406822414,
      "q" : "619.2",
      "p" : "0.82774",
      "s" : "sell",
      "i" : "THETA_USD",
      "m" : "4611686018430461748"
    }, {
      "d" : "1756438605963216320",
      "t" : 1756438605963,
      "tn" : 1756438605963216320,
      "q" : "20.1",
      "p" : "0.82110",
      "s" : "buy",
      "i" : "THETA_USD",
      "m" : "4611686018430461747"
    }, {
      "d" : "1756437835315216903",
      "t" : 1756437835315,
      "tn" : 1756437835315216903,
      "q" : "20.1",
      "p" : "0.82210",
      "s" : "buy",
      "i" : "THETA_USD",
      "m" : "4611686018430461746"
    }, {
      "d" : "1756436235557678771",
      "t" : 1756436235557,
      "tn" : 1756436235557678771,
      "q" : "89.8",
      "p" : "0.82402",
      "s" : "sell",
      "i" : "THETA_USD",
      "m" : "4611686018430461745"
    }, {
      "d" : "1756436235552612672",
      "t" : 1756436235552,
      "tn" : 1756436235552612672,
      "q" : "20.2",
      "p" : "0.82212",
      "s" : "buy",
      "i" : "THETA_USD",
      "m" : "4611686018430461744"
    }, {
      "d" : "1756436157459340225",
      "t" : 1756436157459,
      "tn" : 1756436157459340225,
      "q" : "20.3",
      "p" : "0.82110",
      "s" : "buy",
      "i" : "THETA_USD",
      "m" : "4611686018430461743"
    }, {
      "d" : "1756436018580642912",
      "t" : 1756436018580,
      "tn" : 1756436018580642912,
      "q" : "58.9",
      "p" : "0.82362",
      "s" : "sell",
      "i" : "THETA_USD",
      "m" : "4611686018430461742"
    }, {
      "d" : "1756435928509987131",
      "t" : 1756435928509,
      "tn" : 1756435928509987131,
      "q" : "26.9",
      "p" : "0.82009",
      "s" : "buy",
      "i" : "THETA_USD",
      "m" : "4611686018430461741"
    }, {
      "d" : "1756435925188662751",
      "t" : 1756435925188,
      "tn" : 1756435925188662751,
      "q" : "27.0",
      "p" : "0.82368",
      "s" : "sell",
      "i" : "THETA_USD",
      "m" : "4611686018430461740"
    }, {
      "d" : "1756434198227114763",
      "t" : 1756434198227,
      "tn" : 1756434198227114763,
      "q" : "24.3",
      "p" : "0.82395",
      "s" : "sell",
      "i" : "THETA_USD",
      "m" : "4611686018430461739"
    }, {
      "d" : "1756433781771135227",
      "t" : 1756433781771,
      "tn" : 1756433781771135227,
      "q" : "20.3",
      "p" : "0.82008",
      "s" : "buy",
      "i" : "THETA_USD",
      "m" : "4611686018430461738"
    }, {
      "d" : "1756433760112771008",
      "t" : 1756433760112,
      "tn" : 1756433760112771008,
      "q" : "7.0",
      "p" : "0.82022",
      "s" : "buy",
      "i" : "THETA_USD",
      "m" : "4611686018430461737"
    }, {
      "d" : "1756433559489170000",
      "t" : 1756433559489,
      "tn" : 1756433559489170000,
      "q" : "20.3",
      "p" : "0.81991",
      "s" : "buy",
      "i" : "THETA_USD",
      "m" : "4611686018430461736"
    }, {
      "d" : "1756433527094127794",
      "t" : 1756433527094,
      "tn" : 1756433527094127794,
      "q" : "24.4",
      "p" : "0.81920",
      "s" : "sell",
      "i" : "THETA_USD",
      "m" : "4611686018430461735"
    }, {
      "d" : "1756432965440435923",
      "t" : 1756432965440,
      "tn" : 1756432965440435923,
      "q" : "24.5",
      "p" : "0.81595",
      "s" : "sell",
      "i" : "THETA_USD",
      "m" : "4611686018430461734"
    }, {
      "d" : "1756432921108170418",
      "t" : 1756432921108,
      "tn" : 1756432921108170418,
      "q" : "20.4",
      "p" : "0.81594",
      "s" : "buy",
      "i" : "THETA_USD",
      "m" : "4611686018430461733"
    }, {
      "d" : "1756432872193070673",
      "t" : 1756432872193,
      "tn" : 1756432872193070673,
      "q" : "5.8",
      "p" : "0.81864",
      "s" : "sell",
      "i" : "THETA_USD",
      "m" : "4611686018430461732"
    }, {
      "d" : "1756432872191541699",
      "t" : 1756432872191,
      "tn" : 1756432872191541699,
      "q" : "20.4",
      "p" : "0.81859",
      "s" : "buy",
      "i" : "THETA_USD",
      "m" : "4611686018430461731"
    }, {
      "d" : "1756432218214293876",
      "t" : 1756432218214,
      "tn" : 1756432218214293876,
      "q" : "48.7",
      "p" : "0.81452",
      "s" : "buy",
      "i" : "THETA_USD",
      "m" : "4611686018430461730"
    }, {
      "d" : "1756432188994637050",
      "t" : 1756432188994,
      "tn" : 1756432188994637050,
      "q" : "24.6",
      "p" : "0.81462",
      "s" : "sell",
      "i" : "THETA_USD",
      "m" : "4611686018430461729"
    }, {
      "d" : "1756431457993218710",
      "t" : 1756431457993,
      "tn" : 1756431457993218710,
      "q" : "27.1",
      "p" : "0.81775",
      "s" : "sell",
      "i" : "THETA_USD",
      "m" : "4611686018430461728"
    }, {
      "d" : "1756431457993067724",
      "t" : 1756431457993,
      "tn" : 1756431457993067724,
      "q" : "48.9",
      "p" : "0.81775",
      "s" : "sell",
      "i" : "THETA_USD",
      "m" : "4611686018430461727"
    }, {
      "d" : "1756431457989376797",
      "t" : 1756431457989,
      "tn" : 1756431457989376797,
      "q" : "131.5",
      "p" : "0.81775",
      "s" : "sell",
      "i" : "THETA_USD",
      "m" : "4611686018430461726"
    }, {
      "d" : "1756431265983049074",
      "t" : 1756431265983,
      "tn" : 1756431265983049074,
      "q" : "20.3",
      "p" : "0.81483",
      "s" : "buy",
      "i" : "THETA_USD",
      "m" : "4611686018430461725"
    }, {
      "d" : "1756431178728530628",
      "t" : 1756431178728,
      "tn" : 1756431178728530628,
      "q" : "20.4",
      "p" : "0.81410",
      "s" : "buy",
      "i" : "THETA_USD",
      "m" : "4611686018430461724"
    }, {
      "d" : "1756431178586254177",
      "t" : 1756431178586,
      "tn" : 1756431178586254177,
      "q" : "20.4",
      "p" : "0.81405",
      "s" : "buy",
      "i" : "THETA_USD",
      "m" : "4611686018430461723"
    }, {
      "d" : "1756431150788350983",
      "t" : 1756431150788,
      "tn" : 1756431150788350983,
      "q" : "24.5",
      "p" : "0.81495",
      "s" : "sell",
      "i" : "THETA_USD",
      "m" : "4611686018430461722"
    }, {
      "d" : "1756431014407142278",
      "t" : 1756431014407,
      "tn" : 1756431014407142278,
      "q" : "20.5",
      "p" : "0.81404",
      "s" : "buy",
      "i" : "THETA_USD",
      "m" : "4611686018430461721"
    }, {
      "d" : "1756430857463070632",
      "t" : 1756430857463,
      "tn" : 1756430857463070632,
      "q" : "2.4",
      "p" : "0.81611",
      "s" : "buy",
      "i" : "THETA_USD",
      "m" : "4611686018430461720"
    }, {
      "d" : "1756430421359961893",
      "t" : 1756430421359,
      "tn" : 1756430421359961893,
      "q" : "48.3",
      "p" : "0.81436",
      "s" : "sell",
      "i" : "THETA_USD",
      "m" : "4611686018430461719"
    }, {
      "d" : "1756430417052601683",
      "t" : 1756430417052,
      "tn" : 1756430417052601683,
      "q" : "20.6",
      "p" : "0.81403",
      "s" : "buy",
      "i" : "THETA_USD",
      "m" : "4611686018430461718"
    }, {
      "d" : "1756430340594331623",
      "t" : 1756430340594,
      "tn" : 1756430340594331623,
      "q" : "20.6",
      "p" : "0.81508",
      "s" : "buy",
      "i" : "THETA_USD",
      "m" : "4611686018430461717"
    }, {
      "d" : "1756429932359238916",
      "t" : 1756429932359,
      "tn" : 1756429932359238916,
      "q" : "167.7",
      "p" : "0.81793",
      "s" : "sell",
      "i" : "THETA_USD",
      "m" : "4611686018430461716"
    } ]
  }
}