{
  "id" : -1,
  "method" : "public/get-trades",
  "code" : 0,
  "result" : {
    "data" : [ {
      "d" : "1756457158539491081",
      "t" : 1756457158539,
      "tn" : 1756457158539491081,
      "q" : "17.09",
      "p" : "1.656",
      "s" : "buy",
      "i" : "TIA_USDT",
      "m" : "4611686018428790089"
    }, {
      "d" : "1756457158537899934",
      "t" : 1756457158537,
      "tn" : 1756457158537899934,
      "q" : "58.39",
      "p" : "1.656",
      "s" : "buy",
      "i" : "TIA_USDT",
      "m" : "4611686018428790088"
    }, {
      "d" : "1756455143992107436",
      "t" : 1756455143992,
      "tn" : 1756455143992107436,
      "q" : "2.39",
      "p" : "1.652",
      "s" : "sell",
      "i" : "TIA_USDT",
      "m" : "4611686018428790087"
    }, {
      "d" : "1756455048185175579",
      "t" : 1756455048185,
      "tn" : 1756455048185175579,
      "q" : "197.07",
      "p" : "1.657",
      "s" : "sell",
      "i" : "TIA_USDT",
      "m" : "4611686018428790086"
    }, {
      "d" : "1756454717069258725",
      "t" : 1756454717069,
      "tn" : 1756454717069258725,
      "q" : "74.80",
      "p" : "1.657",
      "s" : "sell",
      "i" : "TIA_USDT",
      "m" : "4611686018428790085"
    }, {
      "d" : "1756450950040915213",
      "t" : 1756450950040,
      "tn" : 1756450950040915213,
      "q" : "44.67",
      "p" : "1.687",
      "s" : "sell",
      "i" : "TIA_USDT",
      "m" : "4611686018428790084"
    }, {
      "d" : "1756449603971171596",
      "t" : 1756449603971,
      "tn" : 1756449603971171596,
      "q" : "158.62",
      "p" : "1.700",
      "s" : "sell",
      "i" : "TIA_USDT",
      "m" : "4611686018428790083"
    }, {
      "d" : "1756449603897820615",
      "t" : 1756449603897,
      "tn" : 1756449603897820615,
      "q" : "114.26",
      "p" : "1.700",
      "s" : "sell",
      "i" : "TIA_USDT",
      "m" : "4611686018428790082"
    }, {
      "d" : "1756445470691911074",
      "t" : 1756445470691,
      "tn" : 1756445470691911073,
      "q" : "46.77",
      "p" : "1.715",
      "s" : "sell",
      "i" : "TIA_USDT",
      "m" : "4611686018428790081"
    }, {
      "d" : "1756445470691911073",
      "t" : 1756445470691,
      "tn" : 1756445470691911073,
      "q" : "58.30",
      "p" : "1.715",
      "s" : "sell",
      "i" : "TIA_USDT",
      "m" : "4611686018428790081"
    }, {
      "d" : "1756436729206094568",
      "t" : 1756436729206,
      "tn" : 1756436729206094568,
      "q" : "0.08",
      "p" : "1.722",
      "s" : "sell",
      "i" : "TIA_USDT",
      "m" : "4611686018428790080"
    }, {
      "d" : "1756436729204510215",
      "t" : 1756436729204,
      "tn" : 1756436729204510215,
      "q" : "7.46",
      "p" : "1.722",
      "s" : "sell",
      "i" : "TIA_USDT",
      "m" : "4611686018428790079"
    }, {
      "d" : "1756435325336300054",
      "t" : 1756435325336,
      "tn" : 1756435325336300054,
      "q" : "72.58",
      "p" : "1.722",
      "s" : "buy",
      "i" : "TIA_USDT",
      "m" : "4611686018428790078"
    }, {
      "d" : "1756402333324973666",
      "t" : 1756402333324,
      "tn" : 1756402333324973666,
      "q" : "14.61",
      "p" : "1.709",
      "s" : "buy",
      "i" : "TIA_USDT",
      "m" : "4611686018428790077"
    }, {
      "d" : "1756396142093649197",
      "t" : 1756396142093,
      "tn" : 1756396142093649197,
      "q" : "58.10",
      "p" : "1.721",
      "s" : "sell",
      "i" : "TIA_USDT",
      "m" : "4611686018428790076"
    }, {
      "d" : "1756395584255351218",
      "t" : 1756395584255,
      "tn" : 1756395584255351218,
      "q" : "28.88",
      "p" : "1.724",
      "s" : "sell",
      "i" : "TIA_USDT",
      "m" : "4611686018428790075"
    }, {
      "d" : "1756393584998790759",
      "t" : 1756393584998,
      "tn" : 1756393584998790759,
      "q" : "252.47",
      "p" : "1.746",
      "s" : "buy",
      "i" : "TIA_USDT",
      "m" : "4611686018428790074"
    }, {
      "d" : "1756393313764114394",
      "t" : 1756393313764,
      "tn" : 1756393313764114394,
      "q" : "35.96",
      "p" : "1.753",
      "s" : "buy",
      "i" : "TIA_USDT",
      "m" : "4611686018428790073"
    }, {
      "d" : "1756393309519798330",
      "t" : 1756393309519,
      "tn" : 1756393309519798330,
      "q" : "19.27",
      "p" : "1.754",
      "s" : "sell",
      "i" : "TIA_USDT",
      "m" : "4611686018428790072"
    }, {
      "d" : "1756393309517191532",
      "t" : 1756393309517,
      "tn" : 1756393309517191532,
      "q" : "269.24",
      "p" : "1.752",
      "s" : "buy",
      "i" : "TIA_USDT",
      "m" : "4611686018428790071"
    }, {
      "d" : "1756393309506632616",
      "t" : 1756393309506,
      "tn" : 1756393309506632616,
      "q" : "71.50",
      "p" : "1.748",
      "s" : "buy",
      "i" : "TIA_USDT",
      "m" : "4611686018428790070"
    }, {
      "d" : "1756391526031989732",
      "t" : 1756391526031,
      "tn" : 1756391526031989732,
      "q" : "58.14",
      "p" : "1.720",
      "s" : "sell",
      "i" : "TIA_USDT",
      "m" : "4611686018428790069"
    }, {
      "d" : "1756382859247544088",
      "t" : 1756382859247,
      "tn" : 1756382859247544088,
      "q" : "43.10",
      "p" : "1.719",
      "s" : "buy",
      "i" : "TIA_USDT",
      "m" : "4611686018428790068"
    }, {
      "d" : "1756382859239738271",
      "t" : 1756382859239,
      "tn" : 1756382859239738271,
      "q" : "72.75",
      "p" : "1.718",
      "s" : "buy",
      "i" : "TIA_USDT",
      "m" : "4611686018428790067"
    } ]
  }
}