{
  "id" : -1,
  "method" : "public/get-trades",
  "code" : 0,
  "result" : {
    "data" : [ {
      "d" : "1756457839778025955",
      "t" : 1756457839778,
      "tn" : 1756457839778025955,
      "q" : "21.73",
      "p" : "1.643",
      "s" : "sell",
      "i" : "TIA_USD",
      "m" : "4611686018428952086"
    }, {
      "d" : "1756457316142222610",
      "t" : 1756457316142,
      "tn" : 1756457316142222610,
      "q" : "0.25",
      "p" : "1.652",
      "s" : "buy",
      "i" : "TIA_USD",
      "m" : "4611686018428952085"
    }, {
      "d" : "1756457158541293274",
      "t" : 1756457158541,
      "tn" : 1756457158541293274,
      "q" : "43.22",
      "p" : "1.658",
      "s" : "buy",
      "i" : "TIA_USD",
      "m" : "4611686018428952084"
    }, {
      "d" : "1756457158531124241",
      "t" : 1756457158531,
      "tn" : 1756457158531124241,
      "q" : "75.52",
      "p" : "1.655",
      "s" : "buy",
      "i" : "TIA_USD",
      "m" : "4611686018428952083"
    }, {
      "d" : "1756455674661331612",
      "t" : 1756455674661,
      "tn" : 1756455674661331611,
      "q" : "1.13",
      "p" : "1.645",
      "s" : "sell",
      "i" : "TIA_USD",
      "m" : "4611686018428952082"
    }, {
      "d" : "1756455674661331611",
      "t" : 1756455674661,
      "tn" : 1756455674661331611,
      "q" : "1.26",
      "p" : "1.645",
      "s" : "sell",
      "i" : "TIA_USD",
      "m" : "4611686018428952082"
    }, {
      "d" : "1756455442071286905",
      "t" : 1756455442071,
      "tn" : 1756455442071286905,
      "q" : "1.63",
      "p" : "1.649",
      "s" : "sell",
      "i" : "TIA_USD",
      "m" : "4611686018428952081"
    }, {
      "d" : "1756454672320165164",
      "t" : 1756454672320,
      "tn" : 1756454672320165164,
      "q" : "12.16",
      "p" : "1.661",
      "s" : "sell",
      "i" : "TIA_USD",
      "m" : "4611686018428952080"
    }, {
      "d" : "1756453788381131008",
      "t" : 1756453788381,
      "tn" : 1756453788381131008,
      "q" : "60.09",
      "p" : "1.664",
      "s" : "sell",
      "i" : "TIA_USD",
      "m" : "4611686018428952079"
    }, {
      "d" : "1756452415987736405",
      "t" : 1756452415987,
      "tn" : 1756452415987736405,
      "q" : "21.47",
      "p" : "1.663",
      "s" : "sell",
      "i" : "TIA_USD",
      "m" : "4611686018428952078"
    }, {
      "d" : "1756451664767014683",
      "t" : 1756451664767,
      "tn" : 1756451664767014683,
      "q" : "1.24",
      "p" : "1.671",
      "s" : "sell",
      "i" : "TIA_USD",
      "m" : "4611686018428952077"
    }, {
      "d" : "1756451623112382934",
      "t" : 1756451623112,
      "tn" : 1756451623112382934,
      "q" : "1.60",
      "p" : "1.674",
      "s" : "sell",
      "i" : "TIA_USD",
      "m" : "4611686018428952076"
    }, {
      "d" : "1756451287001699438",
      "t" : 1756451287001,
      "tn" : 1756451287001699438,
      "q" : "110.37",
      "p" : "1.676",
      "s" : "sell",
      "i" : "TIA_USD",
      "m" : "4611686018428952075"
    }, {
      "d" : "1756451287001697186",
      "t" : 1756451287001,
      "tn" : 1756451287001697186,
      "q" : "59.63",
      "p" : "1.677",
      "s" : "sell",
      "i" : "TIA_USD",
      "m" : "4611686018428952074"
    }, {
      "d" : "1756451281630292354",
      "t" : 1756451281630,
      "tn" : 1756451281630292354,
      "q" : "1.11",
      "p" : "1.681",
      "s" : "sell",
      "i" : "TIA_USD",
      "m" : "4611686018428952073"
    }, {
      "d" : "1756451105039908062",
      "t" : 1756451105039,
      "tn" : 1756451105039908062,
      "q" : "73.74",
      "p" : "1.695",
      "s" : "buy",
      "i" : "TIA_USD",
      "m" : "4611686018428952072"
    }, {
      "d" : "1756450970409105382",
      "t" : 1756450970409,
      "tn" : 1756450970409105382,
      "q" : "7.88",
      "p" : "1.685",
      "s" : "sell",
      "i" : "TIA_USD",
      "m" : "4611686018428952071"
    }, {
      "d" : "1756450951812207303",
      "t" : 1756450951812,
      "tn" : 1756450951812207303,
      "q" : "13.31",
      "p" : "1.685",
      "s" : "sell",
      "i" : "TIA_USD",
      "m" : "4611686018428952070"
    }, {
      "d" : "1756450950085293329",
      "t" : 1756450950085,
      "tn" : 1756450950085293329,
      "q" : "31.99",
      "p" : "1.686",
      "s" : "sell",
      "i" : "TIA_USD",
      "m" : "4611686018428952069"
    }, {
      "d" : "1756450950084731572",
      "t" : 1756450950084,
      "tn" : 1756450950084731572,
      "q" : "224.90",
      "p" : "1.686",
      "s" : "sell",
      "i" : "TIA_USD",
      "m" : "4611686018428952068"
    }, {
      "d" : "1756450950063630161",
      "t" : 1756450950063,
      "tn" : 1756450950063630161,
      "q" : "212.80",
      "p" : "1.686",
      "s" : "sell",
      "i" : "TIA_USD",
      "m" : "4611686018428952067"
    }, {
      "d" : "1756450946685806920",
      "t" : 1756450946685,
      "tn" : 1756450946685806920,
      "q" : "59.17",
      "p" : "1.690",
      "s" : "sell",
      "i" : "TIA_USD",
      "m" : "4611686018428952066"
    }, {
      "d" : "1756450897275798313",
      "t" : 1756450897275,
      "tn" : 1756450897275798313,
      "q" : "1.22",
      "p" : "1.695",
      "s" : "sell",
      "i" : "TIA_USD",
      "m" : "4611686018428952065"
    }, {
      "d" : "1756449603982540916",
      "t" : 1756449603982,
      "tn" : 1756449603982540916,
      "q" : "1.58",
      "p" : "1.699",
      "s" : "sell",
      "i" : "TIA_USD",
      "m" : "4611686018428952064"
    }, {
      "d" : "1756449566887161386",
      "t" : 1756449566887,
      "tn" : 1756449566887161386,
      "q" : "20.94",
      "p" : "1.705",
      "s" : "sell",
      "i" : "TIA_USD",
      "m" : "4611686018428952063"
    }, {
      "d" : "1756443262308723245",
      "t" : 1756443262308,
      "tn" : 1756443262308723245,
      "q" : "20.67",
      "p" : "1.727",
      "s" : "sell",
      "i" : "TIA_USD",
      "m" : "4611686018428952062"
    }, {
      "d" : "1756442916142239830",
      "t" : 1756442916142,
      "tn" : 1756442916142239830,
      "q" : "0.25",
      "p" : "1.733",
      "s" : "buy",
      "i" : "TIA_USD",
      "m" : "4611686018428952061"
    }, {
      "d" : "1756442211668368438",
      "t" : 1756442211668,
      "tn" : 1756442211668368431,
      "q" : "20.65",
      "p" : "1.729",
      "s" : "sell",
      "i" : "TIA_USD",
      "m" : "4611686018428952060"
    }, {
      "d" : "1756442211668368437",
      "t" : 1756442211668,
      "tn" : 1756442211668368431,
      "q" : "20.65",
      "p" : "1.729",
      "s" : "sell",
      "i" : "TIA_USD",
      "m" : "4611686018428952060"
    }, {
      "d" : "1756442211668368436",
      "t" : 1756442211668,
      "tn" : 1756442211668368431,
      "q" : "20.65",
      "p" : "1.729",
      "s" : "sell",
      "i" : "TIA_USD",
      "m" : "4611686018428952060"
    }, {
      "d" : "1756442211668368435",
      "t" : 1756442211668,
      "tn" : 1756442211668368431,
      "q" : "20.65",
      "p" : "1.729",
      "s" : "sell",
      "i" : "TIA_USD",
      "m" : "4611686018428952060"
    }, {
      "d" : "1756442211668368434",
      "t" : 1756442211668,
      "tn" : 1756442211668368431,
      "q" : "20.65",
      "p" : "1.729",
      "s" : "sell",
      "i" : "TIA_USD",
      "m" : "4611686018428952060"
    }, {
      "d" : "1756442211668368433",
      "t" : 1756442211668,
      "tn" : 1756442211668368431,
      "q" : "20.65",
      "p" : "1.729",
      "s" : "sell",
      "i" : "TIA_USD",
      "m" : "4611686018428952060"
    }, {
      "d" : "1756442211668368432",
      "t" : 1756442211668,
      "tn" : 1756442211668368431,
      "q" : "20.65",
      "p" : "1.729",
      "s" : "sell",
      "i" : "TIA_USD",
      "m" : "4611686018428952060"
    }, {
      "d" : "1756442211668368431",
      "t" : 1756442211668,
      "tn" : 1756442211668368431,
      "q" : "20.65",
      "p" : "1.729",
      "s" : "sell",
      "i" : "TIA_USD",
      "m" : "4611686018428952060"
    }, {
      "d" : "1756441228297022674",
      "t" : 1756441228297,
      "tn" : 1756441228297022674,
      "q" : "881.44",
      "p" : "1.729",
      "s" : "buy",
      "i" : "TIA_USD",
      "m" : "4611686018428952059"
    }, {
      "d" : "1756440307653970839",
      "t" : 1756440307653,
      "tn" : 1756440307653970839,
      "q" : "42.80",
      "p" : "1.725",
      "s" : "sell",
      "i" : "TIA_USD",
      "m" : "4611686018428952058"
    }, {
      "d" : "1756438798114843055",
      "t" : 1756438798114,
      "tn" : 1756438798114843055,
      "q" : "32.17",
      "p" : "1.729",
      "s" : "buy",
      "i" : "TIA_USD",
      "m" : "4611686018428952057"
    }, {
      "d" : "1756436729203341785",
      "t" : 1756436729203,
      "tn" : 1756436729203341785,
      "q" : "7.46",
      "p" : "1.720",
      "s" : "sell",
      "i" : "TIA_USD",
      "m" : "4611686018428952056"
    }, {
      "d" : "1756430290481306483",
      "t" : 1756430290481,
      "tn" : 1756430290481306483,
      "q" : "1.20",
      "p" : "1.721",
      "s" : "sell",
      "i" : "TIA_USD",
      "m" : "4611686018428952055"
    }, {
      "d" : "1756428516142531064",
      "t" : 1756428516142,
      "tn" : 1756428516142531064,
      "q" : "0.25",
      "p" : "1.735",
      "s" : "buy",
      "i" : "TIA_USD",
      "m" : "4611686018428952054"
    }, {
      "d" : "1756428327102629727",
      "t" : 1756428327102,
      "tn" : 1756428327102629727,
      "q" : "99.05",
      "p" : "1.734",
      "s" : "sell",
      "i" : "TIA_USD",
      "m" : "4611686018428952053"
    }, {
      "d" : "1756427940985389715",
      "t" : 1756427940985,
      "tn" : 1756427940985389715,
      "q" : "41.80",
      "p" : "1.734",
      "s" : "sell",
      "i" : "TIA_USD",
      "m" : "4611686018428952052"
    }, {
      "d" : "1756427166214910470",
      "t" : 1756427166214,
      "tn" : 1756427166214910470,
      "q" : "2.43",
      "p" : "1.743",
      "s" : "sell",
      "i" : "TIA_USD",
      "m" : "4611686018428952051"
    }, {
      "d" : "1756422570695444334",
      "t" : 1756422570695,
      "tn" : 1756422570695444334,
      "q" : "42.91",
      "p" : "1.749",
      "s" : "buy",
      "i" : "TIA_USD",
      "m" : "4611686018428952050"
    }, {
      "d" : "1756420548361734566",
      "t" : 1756420548361,
      "tn" : 1756420548361734565,
      "q" : "114.37",
      "p" : "1.747",
      "s" : "sell",
      "i" : "TIA_USD",
      "m" : "4611686018428952049"
    }, {
      "d" : "1756420548361734565",
      "t" : 1756420548361,
      "tn" : 1756420548361734565,
      "q" : "114.09",
      "p" : "1.747",
      "s" : "sell",
      "i" : "TIA_USD",
      "m" : "4611686018428952049"
    }, {
      "d" : "1756419702240964947",
      "t" : 1756419702240,
      "tn" : 1756419702240964947,
      "q" : "1.19",
      "p" : "1.745",
      "s" : "buy",
      "i" : "TIA_USD",
      "m" : "4611686018428952048"
    }, {
      "d" : "1756419416387001731",
      "t" : 1756419416387,
      "tn" : 1756419416387001731,
      "q" : "1.57",
      "p" : "1.738",
      "s" : "buy",
      "i" : "TIA_USD",
      "m" : "4611686018428952047"
    }, {
      "d" : "1756417288112918156",
      "t" : 1756417288112,
      "tn" : 1756417288112918156,
      "q" : "27.38",
      "p" : "1.723",
      "s" : "buy",
      "i" : "TIA_USD",
      "m" : "4611686018428952046"
    }, {
      "d" : "1756417288112916122",
      "t" : 1756417288112,
      "tn" : 1756417288112916122,
      "q" : "15.64",
      "p" : "1.722",
      "s" : "buy",
      "i" : "TIA_USD",
      "m" : "4611686018428952045"
    }, {
      "d" : "1756416240244362496",
      "t" : 1756416240244,
      "tn" : 1756416240244362496,
      "q" : "1.21",
      "p" : "1.721",
      "s" : "buy",
      "i" : "TIA_USD",
      "m" : "4611686018428952044"
    }, {
      "d" : "1756414116141582614",
      "t" : 1756414116141,
      "tn" : 1756414116141582614,
      "q" : "0.25",
      "p" : "1.706",
      "s" : "buy",
      "i" : "TIA_USD",
      "m" : "4611686018428952043"
    }, {
      "d" : "1756410429638636555",
      "t" : 1756410429638,
      "tn" : 1756410429638636555,
      "q" : "0.89",
      "p" : "1.699",
      "s" : "sell",
      "i" : "TIA_USD",
      "m" : "4611686018428952042"
    }, {
      "d" : "1756410203990201631",
      "t" : 1756410203990,
      "tn" : 1756410203990201631,
      "q" : "1.22",
      "p" : "1.695",
      "s" : "sell",
      "i" : "TIA_USD",
      "m" : "4611686018428952041"
    }, {
      "d" : "1756406288805452629",
      "t" : 1756406288805,
      "tn" : 1756406288805452629,
      "q" : "1.22",
      "p" : "1.721",
      "s" : "buy",
      "i" : "TIA_USD",
      "m" : "4611686018428952040"
    }, {
      "d" : "1756405574018264595",
      "t" : 1756405574018,
      "tn" : 1756405574018264595,
      "q" : "15.00",
      "p" : "1.712",
      "s" : "sell",
      "i" : "TIA_USD",
      "m" : "4611686018428952039"
    }, {
      "d" : "1756402205829391987",
      "t" : 1756402205829,
      "tn" : 1756402205829391987,
      "q" : "75.34",
      "p" : "1.713",
      "s" : "buy",
      "i" : "TIA_USD",
      "m" : "4611686018428952038"
    }, {
      "d" : "1756402205829390279",
      "t" : 1756402205829,
      "tn" : 1756402205829390279,
      "q" : "40.70",
      "p" : "1.712",
      "s" : "buy",
      "i" : "TIA_USD",
      "m" : "4611686018428952037"
    }, {
      "d" : "1756400658328611804",
      "t" : 1756400658328,
      "tn" : 1756400658328611804,
      "q" : "40.70",
      "p" : "1.700",
      "s" : "sell",
      "i" : "TIA_USD",
      "m" : "4611686018428952036"
    }, {
      "d" : "1756400373588137587",
      "t" : 1756400373588,
      "tn" : 1756400373588137587,
      "q" : "1.22",
      "p" : "1.695",
      "s" : "sell",
      "i" : "TIA_USD",
      "m" : "4611686018428952035"
    }, {
      "d" : "1756400361449558368",
      "t" : 1756400361449,
      "tn" : 1756400361449558368,
      "q" : "1.58",
      "p" : "1.699",
      "s" : "sell",
      "i" : "TIA_USD",
      "m" : "4611686018428952034"
    }, {
      "d" : "1756399716141822729",
      "t" : 1756399716141,
      "tn" : 1756399716141822729,
      "q" : "0.25",
      "p" : "1.720",
      "s" : "buy",
      "i" : "TIA_USD",
      "m" : "4611686018428952033"
    }, {
      "d" : "1756398228093012116",
      "t" : 1756398228093,
      "tn" : 1756398228093012116,
      "q" : "457.56",
      "p" : "1.723",
      "s" : "sell",
      "i" : "TIA_USD",
      "m" : "4611686018428952032"
    }, {
      "d" : "1756396246092790812",
      "t" : 1756396246092,
      "tn" : 1756396246092790812,
      "q" : "1.09",
      "p" : "1.717",
      "s" : "sell",
      "i" : "TIA_USD",
      "m" : "4611686018428952031"
    }, {
      "d" : "1756396152987126677",
      "t" : 1756396152987,
      "tn" : 1756396152987126677,
      "q" : "1.20",
      "p" : "1.721",
      "s" : "sell",
      "i" : "TIA_USD",
      "m" : "4611686018428952030"
    }, {
      "d" : "1756395537839115503",
      "t" : 1756395537839,
      "tn" : 1756395537839115503,
      "q" : "192.67",
      "p" : "1.733",
      "s" : "buy",
      "i" : "TIA_USD",
      "m" : "4611686018428952029"
    }, {
      "d" : "1756395537839113282",
      "t" : 1756395537839,
      "tn" : 1756395537839113282,
      "q" : "151.85",
      "p" : "1.732",
      "s" : "buy",
      "i" : "TIA_USD",
      "m" : "4611686018428952028"
    }, {
      "d" : "1756395537839110770",
      "t" : 1756395537839,
      "tn" : 1756395537839110769,
      "q" : "117.25",
      "p" : "1.731",
      "s" : "buy",
      "i" : "TIA_USD",
      "m" : "4611686018428952027"
    }, {
      "d" : "1756395537839110769",
      "t" : 1756395537839,
      "tn" : 1756395537839110769,
      "q" : "115.62",
      "p" : "1.731",
      "s" : "buy",
      "i" : "TIA_USD",
      "m" : "4611686018428952027"
    }, {
      "d" : "1756395443434399083",
      "t" : 1756395443434,
      "tn" : 1756395443434399083,
      "q" : "164.49",
      "p" : "1.732",
      "s" : "buy",
      "i" : "TIA_USD",
      "m" : "4611686018428952026"
    }, {
      "d" : "1756394594960289969",
      "t" : 1756394594960,
      "tn" : 1756394594960289969,
      "q" : "0.85",
      "p" : "1.743",
      "s" : "buy",
      "i" : "TIA_USD",
      "m" : "4611686018428952025"
    }, {
      "d" : "1756394590213174407",
      "t" : 1756394590213,
      "tn" : 1756394590213174407,
      "q" : "3.41",
      "p" : "1.744",
      "s" : "buy",
      "i" : "TIA_USD",
      "m" : "4611686018428952024"
    }, {
      "d" : "1756394585866575257",
      "t" : 1756394585866,
      "tn" : 1756394585866575257,
      "q" : "13.66",
      "p" : "1.743",
      "s" : "buy",
      "i" : "TIA_USD",
      "m" : "4611686018428952023"
    }, {
      "d" : "1756394581515525129",
      "t" : 1756394581515,
      "tn" : 1756394581515525129,
      "q" : "18.22",
      "p" : "1.742",
      "s" : "buy",
      "i" : "TIA_USD",
      "m" : "4611686018428952022"
    }, {
      "d" : "1756394575954005741",
      "t" : 1756394575954,
      "tn" : 1756394575954005741,
      "q" : "44.28",
      "p" : "1.742",
      "s" : "buy",
      "i" : "TIA_USD",
      "m" : "4611686018428952021"
    }, {
      "d" : "1756394575954003337",
      "t" : 1756394575954,
      "tn" : 1756394575954003337,
      "q" : "64.18",
      "p" : "1.741",
      "s" : "buy",
      "i" : "TIA_USD",
      "m" : "4611686018428952020"
    }, {
      "d" : "1756393523213325923",
      "t" : 1756393523213,
      "tn" : 1756393523213325923,
      "q" : "3.62",
      "p" : "1.745",
      "s" : "sell",
      "i" : "TIA_USD",
      "m" : "4611686018428952019"
    }, {
      "d" : "1756393313675313270",
      "t" : 1756393313675,
      "tn" : 1756393313675313270,
      "q" : "105.68",
      "p" : "1.753",
      "s" : "buy",
      "i" : "TIA_USD",
      "m" : "4611686018428952018"
    }, {
      "d" : "1756393312741856584",
      "t" : 1756393312741,
      "tn" : 1756393312741856584,
      "q" : "182.75",
      "p" : "1.753",
      "s" : "buy",
      "i" : "TIA_USD",
      "m" : "4611686018428952017"
    }, {
      "d" : "1756393309857003523",
      "t" : 1756393309857,
      "tn" : 1756393309857003523,
      "q" : "1.09",
      "p" : "1.754",
      "s" : "buy",
      "i" : "TIA_USD",
      "m" : "4611686018428952016"
    }, {
      "d" : "1756393309722035760",
      "t" : 1756393309722,
      "tn" : 1756393309722035760,
      "q" : "52.00",
      "p" : "1.752",
      "s" : "buy",
      "i" : "TIA_USD",
      "m" : "4611686018428952015"
    }, {
      "d" : "1756393309673727005",
      "t" : 1756393309673,
      "tn" : 1756393309673727005,
      "q" : "265.99",
      "p" : "1.752",
      "s" : "buy",
      "i" : "TIA_USD",
      "m" : "4611686018428952014"
    }, {
      "d" : "1756393309673203611",
      "t" : 1756393309673,
      "tn" : 1756393309673203611,
      "q" : "44.92",
      "p" : "1.752",
      "s" : "buy",
      "i" : "TIA_USD",
      "m" : "4611686018428952013"
    }, {
      "d" : "1756393309556968880",
      "t" : 1756393309556,
      "tn" : 1756393309556968880,
      "q" : "28.03",
      "p" : "1.752",
      "s" : "buy",
      "i" : "TIA_USD",
      "m" : "4611686018428952012"
    }, {
      "d" : "1756393309531242807",
      "t" : 1756393309531,
      "tn" : 1756393309531242807,
      "q" : "28.40",
      "p" : "1.752",
      "s" : "buy",
      "i" : "TIA_USD",
      "m" : "4611686018428952011"
    }, {
      "d" : "1756393309528672259",
      "t" : 1756393309528,
      "tn" : 1756393309528672259,
      "q" : "28.41",
      "p" : "1.752",
      "s" : "buy",
      "i" : "TIA_USD",
      "m" : "4611686018428952010"
    }, {
      "d" : "1756393309515945221",
      "t" : 1756393309515,
      "tn" : 1756393309515945221,
      "q" : "57.11",
      "p" : "1.752",
      "s" : "buy",
      "i" : "TIA_USD",
      "m" : "4611686018428952009"
    }, {
      "d" : "1756393309513307322",
      "t" : 1756393309513,
      "tn" : 1756393309513307322,
      "q" : "288.51",
      "p" : "1.752",
      "s" : "buy",
      "i" : "TIA_USD",
      "m" : "4611686018428952008"
    }, {
      "d" : "1756393309510973076",
      "t" : 1756393309510,
      "tn" : 1756393309510973076,
      "q" : "71.46",
      "p" : "1.749",
      "s" : "buy",
      "i" : "TIA_USD",
      "m" : "4611686018428952007"
    }, {
      "d" : "1756393026376623272",
      "t" : 1756393026376,
      "tn" : 1756393026376623272,
      "q" : "1.20",
      "p" : "1.745",
      "s" : "buy",
      "i" : "TIA_USD",
      "m" : "4611686018428952006"
    }, {
      "d" : "1756392905196835901",
      "t" : 1756392905196,
      "tn" : 1756392905196835901,
      "q" : "149.64",
      "p" : "1.742",
      "s" : "sell",
      "i" : "TIA_USD",
      "m" : "4611686018428952005"
    }, {
      "d" : "1756392745251096140",
      "t" : 1756392745251,
      "tn" : 1756392745251096140,
      "q" : "57.53",
      "p" : "1.738",
      "s" : "sell",
      "i" : "TIA_USD",
      "m" : "4611686018428952004"
    }, {
      "d" : "1756392133224879795",
      "t" : 1756392133224,
      "tn" : 1756392133224879795,
      "q" : "2.00",
      "p" : "1.741",
      "s" : "buy",
      "i" : "TIA_USD",
      "m" : "4611686018428952003"
    }, {
      "d" : "1756392051714067410",
      "t" : 1756392051714,
      "tn" : 1756392051714067410,
      "q" : "39.60",
      "p" : "1.738",
      "s" : "sell",
      "i" : "TIA_USD",
      "m" : "4611686018428952002"
    }, {
      "d" : "1756390504918244752",
      "t" : 1756390504918,
      "tn" : 1756390504918244752,
      "q" : "8.25",
      "p" : "1.734",
      "s" : "buy",
      "i" : "TIA_USD",
      "m" : "4611686018428952001"
    }, {
      "d" : "1756390504915725465",
      "t" : 1756390504915,
      "tn" : 1756390504915725465,
      "q" : "107.56",
      "p" : "1.734",
      "s" : "sell",
      "i" : "TIA_USD",
      "m" : "4611686018428952000"
    }, {
      "d" : "1756390352879127875",
      "t" : 1756390352879,
      "tn" : 1756390352879127875,
      "q" : "38.50",
      "p" : "1.735",
      "s" : "sell",
      "i" : "TIA_USD",
      "m" : "4611686018428951999"
    }, {
      "d" : "1756389941129527141",
      "t" : 1756389941129,
      "tn" : 1756389941129527141,
      "q" : "1.57",
      "p" : "1.738",
      "s" : "buy",
      "i" : "TIA_USD",
      "m" : "4611686018428951998"
    }, {
      "d" : "1756389924935285997",
      "t" : 1756389924935,
      "tn" : 1756389924935285997,
      "q" : "59.28",
      "p" : "1.734",
      "s" : "buy",
      "i" : "TIA_USD",
      "m" : "4611686018428951997"
    }, {
      "d" : "1756389185477887768",
      "t" : 1756389185477,
      "tn" : 1756389185477887768,
      "q" : "58.13",
      "p" : "1.720",
      "s" : "sell",
      "i" : "TIA_USD",
      "m" : "4611686018428951996"
    }, {
      "d" : "1756389041307104158",
      "t" : 1756389041307,
      "tn" : 1756389041307104158,
      "q" : "8.56",
      "p" : "1.716",
      "s" : "sell",
      "i" : "TIA_USD",
      "m" : "4611686018428951995"
    }, {
      "d" : "1756387897032264007",
      "t" : 1756387897032,
      "tn" : 1756387897032264007,
      "q" : "35.32",
      "p" : "1.725",
      "s" : "buy",
      "i" : "TIA_USD",
      "m" : "4611686018428951994"
    }, {
      "d" : "1756387410059454257",
      "t" : 1756387410059,
      "tn" : 1756387410059454257,
      "q" : "72.45",
      "p" : "1.725",
      "s" : "buy",
      "i" : "TIA_USD",
      "m" : "4611686018428951993"
    }, {
      "d" : "1756385194208580251",
      "t" : 1756385194208,
      "tn" : 1756385194208580251,
      "q" : "10.63",
      "p" : "1.717",
      "s" : "sell",
      "i" : "TIA_USD",
      "m" : "4611686018428951992"
    }, {
      "d" : "1756384749688681852",
      "t" : 1756384749688,
      "tn" : 1756384749688681852,
      "q" : "15.12",
      "p" : "1.714",
      "s" : "sell",
      "i" : "TIA_USD",
      "m" : "4611686018428951991"
    }, {
      "d" : "1756384204289213721",
      "t" : 1756384204289,
      "tn" : 1756384204289213721,
      "q" : "311.89",
      "p" : "1.714",
      "s" : "buy",
      "i" : "TIA_USD",
      "m" : "4611686018428951990"
    }, {
      "d" : "1756384204153226332",
      "t" : 1756384204153,
      "tn" : 1756384204153226332,
      "q" : "116.02",
      "p" : "1.714",
      "s" : "buy",
      "i" : "TIA_USD",
      "m" : "4611686018428951989"
    }, {
      "d" : "1756384203707392373",
      "t" : 1756384203707,
      "tn" : 1756384203707392373,
      "q" : "416.21",
      "p" : "1.713",
      "s" : "buy",
      "i" : "TIA_USD",
      "m" : "4611686018428951988"
    }, {
      "d" : "1756384203596853110",
      "t" : 1756384203596,
      "tn" : 1756384203596853109,
      "q" : "49.83",
      "p" : "1.713",
      "s" : "buy",
      "i" : "TIA_USD",
      "m" : "4611686018428951987"
    }, {
      "d" : "1756384203596853109",
      "t" : 1756384203596,
      "tn" : 1756384203596853109,
      "q" : "66.22",
      "p" : "1.713",
      "s" : "buy",
      "i" : "TIA_USD",
      "m" : "4611686018428951987"
    }, {
      "d" : "1756381882320904525",
      "t" : 1756381882320,
      "tn" : 1756381882320904525,
      "q" : "39.71",
      "p" : "1.709",
      "s" : "buy",
      "i" : "TIA_USD",
      "m" : "4611686018428951986"
    }, {
      "d" : "1756379237985112395",
      "t" : 1756379237985,
      "tn" : 1756379237985112395,
      "q" : "118.13",
      "p" : "1.703",
      "s" : "sell",
      "i" : "TIA_USD",
      "m" : "4611686018428951985"
    }, {
      "d" : "1756379237984491589",
      "t" : 1756379237984,
      "tn" : 1756379237984491589,
      "q" : "1246.55",
      "p" : "1.703",
      "s" : "sell",
      "i" : "TIA_USD",
      "m" : "4611686018428951984"
    }, {
      "d" : "1756379237981984097",
      "t" : 1756379237981,
      "tn" : 1756379237981984097,
      "q" : "239.86",
      "p" : "1.703",
      "s" : "sell",
      "i" : "TIA_USD",
      "m" : "4611686018428951983"
    }, {
      "d" : "1756379237976623644",
      "t" : 1756379237976,
      "tn" : 1756379237976623644,
      "q" : "118.13",
      "p" : "1.703",
      "s" : "buy",
      "i" : "TIA_USD",
      "m" : "4611686018428951982"
    }, {
      "d" : "1756378594913056562",
      "t" : 1756378594913,
      "tn" : 1756378594913056562,
      "q" : "49.42",
      "p" : "1.708",
      "s" : "sell",
      "i" : "TIA_USD",
      "m" : "4611686018428951981"
    } ]
  }
}