{
  "id" : -1,
  "method" : "public/get-trades",
  "code" : 0,
  "result" : {
    "data" : [ {
      "d" : "1756461801693987610",
      "t" : 1756461801693,
      "tn" : 1756461801693987609,
      "q" : "29.7",
      "p" : "1.654",
      "s" : "buy",
      "i" : "TIAUSD-PERP",
      "m" : "4611686018428759154"
    }, {
      "d" : "1756461801693987609",
      "t" : 1756461801693,
      "tn" : 1756461801693987609,
      "q" : "0.1",
      "p" : "1.654",
      "s" : "buy",
      "i" : "TIAUSD-PERP",
      "m" : "4611686018428759154"
    }, {
      "d" : "1756461801693984995",
      "t" : 1756461801693,
      "tn" : 1756461801693984995,
      "q" : "0.1",
      "p" : "1.653",
      "s" : "buy",
      "i" : "TIAUSD-PERP",
      "m" : "4611686018428759153"
    }, {
      "d" : "1756460305653003947",
      "t" : 1756460305653,
      "tn" : 1756460305653003944,
      "q" : "790.2",
      "p" : "1.645",
      "s" : "sell",
      "i" : "TIAUSD-PERP",
      "m" : "4611686018428759152"
    }, {
      "d" : "1756460305653003946",
      "t" : 1756460305653,
      "tn" : 1756460305653003944,
      "q" : "0.1",
      "p" : "1.645",
      "s" : "sell",
      "i" : "TIAUSD-PERP",
      "m" : "4611686018428759152"
    }, {
      "d" : "1756460305653003945",
      "t" : 1756460305653,
      "tn" : 1756460305653003944,
      "q" : "0.1",
      "p" : "1.645",
      "s" : "sell",
      "i" : "TIAUSD-PERP",
      "m" : "4611686018428759152"
    }, {
      "d" : "1756460305653003944",
      "t" : 1756460305653,
      "tn" : 1756460305653003944,
      "q" : "121.5",
      "p" : "1.645",
      "s" : "sell",
      "i" : "TIAUSD-PERP",
      "m" : "4611686018428759152"
    }, {
      "d" : "1756460186567583127",
      "t" : 1756460186567,
      "tn" : 1756460186567583127,
      "q" : "0.1",
      "p" : "1.646",
      "s" : "buy",
      "i" : "TIAUSD-PERP",
      "m" : "4611686018428759151"
    }, {
      "d" : "1756460101867694722",
      "t" : 1756460101867,
      "tn" : 1756460101867694722,
      "q" : "0.1",
      "p" : "1.646",
      "s" : "buy",
      "i" : "TIAUSD-PERP",
      "m" : "4611686018428759150"
    }, {
      "d" : "1756459858567482748",
      "t" : 1756459858567,
      "tn" : 1756459858567482748,
      "q" : "0.1",
      "p" : "1.650",
      "s" : "buy",
      "i" : "TIAUSD-PERP",
      "m" : "4611686018428759149"
    }, {
      "d" : "1756459814867558912",
      "t" : 1756459814867,
      "tn" : 1756459814867558912,
      "q" : "0.1",
      "p" : "1.649",
      "s" : "buy",
      "i" : "TIAUSD-PERP",
      "m" : "4611686018428759148"
    }, {
      "d" : "1756459678867512910",
      "t" : 1756459678867,
      "tn" : 1756459678867512910,
      "q" : "0.1",
      "p" : "1.647",
      "s" : "buy",
      "i" : "TIAUSD-PERP",
      "m" : "4611686018428759147"
    }, {
      "d" : "1756458188467557655",
      "t" : 1756458188467,
      "tn" : 1756458188467557655,
      "q" : "0.1",
      "p" : "1.629",
      "s" : "buy",
      "i" : "TIAUSD-PERP",
      "m" : "4611686018428759146"
    }, {
      "d" : "1756457158655042245",
      "t" : 1756457158655,
      "tn" : 1756457158655042245,
      "q" : "0.1",
      "p" : "1.655",
      "s" : "buy",
      "i" : "TIAUSD-PERP",
      "m" : "4611686018428759145"
    }, {
      "d" : "1756457158537782326",
      "t" : 1756457158537,
      "tn" : 1756457158537782325,
      "q" : "1.2",
      "p" : "1.656",
      "s" : "buy",
      "i" : "TIAUSD-PERP",
      "m" : "4611686018428759144"
    }, {
      "d" : "1756457158537782325",
      "t" : 1756457158537,
      "tn" : 1756457158537782325,
      "q" : "60.3",
      "p" : "1.656",
      "s" : "buy",
      "i" : "TIAUSD-PERP",
      "m" : "4611686018428759144"
    }, {
      "d" : "1756457158537778737",
      "t" : 1756457158537,
      "tn" : 1756457158537778737,
      "q" : "0.1",
      "p" : "1.655",
      "s" : "buy",
      "i" : "TIAUSD-PERP",
      "m" : "4611686018428759143"
    }, {
      "d" : "1756457158531029131",
      "t" : 1756457158531,
      "tn" : 1756457158531029130,
      "q" : "785.9",
      "p" : "1.654",
      "s" : "buy",
      "i" : "TIAUSD-PERP",
      "m" : "4611686018428759142"
    }, {
      "d" : "1756457158531029130",
      "t" : 1756457158531,
      "tn" : 1756457158531029130,
      "q" : "0.1",
      "p" : "1.654",
      "s" : "buy",
      "i" : "TIAUSD-PERP",
      "m" : "4611686018428759142"
    }, {
      "d" : "1756455442071282159",
      "t" : 1756455442071,
      "tn" : 1756455442071282159,
      "q" : "23.0",
      "p" : "1.650",
      "s" : "sell",
      "i" : "TIAUSD-PERP",
      "m" : "4611686018428759141"
    }, {
      "d" : "1756455143992114184",
      "t" : 1756455143992,
      "tn" : 1756455143992114183,
      "q" : "0.1",
      "p" : "1.652",
      "s" : "sell",
      "i" : "TIAUSD-PERP",
      "m" : "4611686018428759140"
    }, {
      "d" : "1756455143992114183",
      "t" : 1756455143992,
      "tn" : 1756455143992114183,
      "q" : "0.1",
      "p" : "1.652",
      "s" : "sell",
      "i" : "TIAUSD-PERP",
      "m" : "4611686018428759140"
    }, {
      "d" : "1756453793512103987",
      "t" : 1756453793512,
      "tn" : 1756453793512103987,
      "q" : "0.1",
      "p" : "1.664",
      "s" : "sell",
      "i" : "TIAUSD-PERP",
      "m" : "4611686018428759139"
    }, {
      "d" : "1756453788377816891",
      "t" : 1756453788377,
      "tn" : 1756453788377816891,
      "q" : "0.1",
      "p" : "1.663",
      "s" : "sell",
      "i" : "TIAUSD-PERP",
      "m" : "4611686018428759138"
    }, {
      "d" : "1756453788377703872",
      "t" : 1756453788377,
      "tn" : 1756453788377703871,
      "q" : "120.1",
      "p" : "1.663",
      "s" : "sell",
      "i" : "TIAUSD-PERP",
      "m" : "4611686018428759137"
    }, {
      "d" : "1756453788377703871",
      "t" : 1756453788377,
      "tn" : 1756453788377703871,
      "q" : "1.2",
      "p" : "1.663",
      "s" : "sell",
      "i" : "TIAUSD-PERP",
      "m" : "4611686018428759137"
    }, {
      "d" : "1756453788377178477",
      "t" : 1756453788377,
      "tn" : 1756453788377178475,
      "q" : "780.7",
      "p" : "1.665",
      "s" : "sell",
      "i" : "TIAUSD-PERP",
      "m" : "4611686018428759136"
    }, {
      "d" : "1756453788377178476",
      "t" : 1756453788377,
      "tn" : 1756453788377178475,
      "q" : "0.1",
      "p" : "1.665",
      "s" : "sell",
      "i" : "TIAUSD-PERP",
      "m" : "4611686018428759136"
    }, {
      "d" : "1756453788377178475",
      "t" : 1756453788377,
      "tn" : 1756453788377178475,
      "q" : "0.1",
      "p" : "1.665",
      "s" : "sell",
      "i" : "TIAUSD-PERP",
      "m" : "4611686018428759136"
    }, {
      "d" : "1756451700672031033",
      "t" : 1756451700672,
      "tn" : 1756451700672031033,
      "q" : "0.1",
      "p" : "1.670",
      "s" : "sell",
      "i" : "TIAUSD-PERP",
      "m" : "4611686018428759135"
    }, {
      "d" : "1756451121486240975",
      "t" : 1756451121486,
      "tn" : 1756451121486240974,
      "q" : "78.8",
      "p" : "1.692",
      "s" : "buy",
      "i" : "TIAUSD-PERP",
      "m" : "4611686018428759134"
    }, {
      "d" : "1756451121486240974",
      "t" : 1756451121486,
      "tn" : 1756451121486240974,
      "q" : "0.1",
      "p" : "1.692",
      "s" : "buy",
      "i" : "TIAUSD-PERP",
      "m" : "4611686018428759134"
    }, {
      "d" : "1756451121486237766",
      "t" : 1756451121486,
      "tn" : 1756451121486237766,
      "q" : "0.1",
      "p" : "1.691",
      "s" : "buy",
      "i" : "TIAUSD-PERP",
      "m" : "4611686018428759133"
    }, {
      "d" : "1756451105026925229",
      "t" : 1756451105026,
      "tn" : 1756451105026925228,
      "q" : "117.7",
      "p" : "1.694",
      "s" : "buy",
      "i" : "TIAUSD-PERP",
      "m" : "4611686018428759132"
    }, {
      "d" : "1756451105026925228",
      "t" : 1756451105026,
      "tn" : 1756451105026925228,
      "q" : "0.1",
      "p" : "1.694",
      "s" : "buy",
      "i" : "TIAUSD-PERP",
      "m" : "4611686018428759132"
    }, {
      "d" : "1756451105026921484",
      "t" : 1756451105026,
      "tn" : 1756451105026921484,
      "q" : "0.1",
      "p" : "1.693",
      "s" : "buy",
      "i" : "TIAUSD-PERP",
      "m" : "4611686018428759131"
    }, {
      "d" : "1756444955871872390",
      "t" : 1756444955871,
      "tn" : 1756444955871872388,
      "q" : "5.4",
      "p" : "1.717",
      "s" : "sell",
      "i" : "TIAUSD-PERP",
      "m" : "4611686018428759130"
    }, {
      "d" : "1756444955871872389",
      "t" : 1756444955871,
      "tn" : 1756444955871872388,
      "q" : "0.1",
      "p" : "1.717",
      "s" : "sell",
      "i" : "TIAUSD-PERP",
      "m" : "4611686018428759130"
    }, {
      "d" : "1756444955871872388",
      "t" : 1756444955871,
      "tn" : 1756444955871872388,
      "q" : "0.1",
      "p" : "1.717",
      "s" : "sell",
      "i" : "TIAUSD-PERP",
      "m" : "4611686018428759130"
    }, {
      "d" : "1756430723672444851",
      "t" : 1756430723672,
      "tn" : 1756430723672444850,
      "q" : "0.1",
      "p" : "1.713",
      "s" : "sell",
      "i" : "TIAUSD-PERP",
      "m" : "4611686018428759129"
    }, {
      "d" : "1756430723672444850",
      "t" : 1756430723672,
      "tn" : 1756430723672444850,
      "q" : "0.1",
      "p" : "1.713",
      "s" : "sell",
      "i" : "TIAUSD-PERP",
      "m" : "4611686018428759129"
    }, {
      "d" : "1756429556171944370",
      "t" : 1756429556171,
      "tn" : 1756429556171944369,
      "q" : "0.1",
      "p" : "1.727",
      "s" : "sell",
      "i" : "TIAUSD-PERP",
      "m" : "4611686018428759128"
    }, {
      "d" : "1756429556171944369",
      "t" : 1756429556171,
      "tn" : 1756429556171944369,
      "q" : "0.1",
      "p" : "1.727",
      "s" : "sell",
      "i" : "TIAUSD-PERP",
      "m" : "4611686018428759128"
    }, {
      "d" : "1756428330152365588",
      "t" : 1756428330152,
      "tn" : 1756428330152365588,
      "q" : "0.1",
      "p" : "1.733",
      "s" : "sell",
      "i" : "TIAUSD-PERP",
      "m" : "4611686018428759127"
    }, {
      "d" : "1756427934412507381",
      "t" : 1756427934412,
      "tn" : 1756427934412507381,
      "q" : "5.7",
      "p" : "1.734",
      "s" : "sell",
      "i" : "TIAUSD-PERP",
      "m" : "4611686018428759126"
    }, {
      "d" : "1756427934412505140",
      "t" : 1756427934412,
      "tn" : 1756427934412505140,
      "q" : "0.1",
      "p" : "1.735",
      "s" : "sell",
      "i" : "TIAUSD-PERP",
      "m" : "4611686018428759125"
    }, {
      "d" : "1756424846671665186",
      "t" : 1756424846671,
      "tn" : 1756424846671665184,
      "q" : "6.6",
      "p" : "1.744",
      "s" : "sell",
      "i" : "TIAUSD-PERP",
      "m" : "4611686018428759124"
    }, {
      "d" : "1756424846671665185",
      "t" : 1756424846671,
      "tn" : 1756424846671665184,
      "q" : "0.1",
      "p" : "1.744",
      "s" : "sell",
      "i" : "TIAUSD-PERP",
      "m" : "4611686018428759124"
    }, {
      "d" : "1756424846671665184",
      "t" : 1756424846671,
      "tn" : 1756424846671665184,
      "q" : "0.1",
      "p" : "1.744",
      "s" : "sell",
      "i" : "TIAUSD-PERP",
      "m" : "4611686018428759124"
    }, {
      "d" : "1756421860991825646",
      "t" : 1756421860991,
      "tn" : 1756421860991825644,
      "q" : "7.8",
      "p" : "1.750",
      "s" : "sell",
      "i" : "TIAUSD-PERP",
      "m" : "4611686018428759123"
    }, {
      "d" : "1756421008467472204",
      "t" : 1756421008467,
      "tn" : 1756421008467472204,
      "q" : "0.2",
      "p" : "1.749",
      "s" : "sell",
      "i" : "TIAUSD-PERP",
      "m" : "4611686018428759122"
    }, {
      "d" : "1756420607118951538",
      "t" : 1756420607118,
      "tn" : 1756420607118951537,
      "q" : "0.1",
      "p" : "1.748",
      "s" : "sell",
      "i" : "TIAUSD-PERP",
      "m" : "4611686018428759121"
    }, {
      "d" : "1756420607118951537",
      "t" : 1756420607118,
      "tn" : 1756420607118951537,
      "q" : "0.1",
      "p" : "1.748",
      "s" : "sell",
      "i" : "TIAUSD-PERP",
      "m" : "4611686018428759121"
    }, {
      "d" : "1756420553492316840",
      "t" : 1756420553492,
      "tn" : 1756420553492316840,
      "q" : "6.4",
      "p" : "1.746",
      "s" : "sell",
      "i" : "TIAUSD-PERP",
      "m" : "4611686018428759120"
    }, {
      "d" : "1756420553492314401",
      "t" : 1756420553492,
      "tn" : 1756420553492314400,
      "q" : "0.1",
      "p" : "1.747",
      "s" : "sell",
      "i" : "TIAUSD-PERP",
      "m" : "4611686018428759119"
    }, {
      "d" : "1756420553492314400",
      "t" : 1756420553492,
      "tn" : 1756420553492314400,
      "q" : "0.1",
      "p" : "1.747",
      "s" : "sell",
      "i" : "TIAUSD-PERP",
      "m" : "4611686018428759119"
    }, {
      "d" : "1756420548366059160",
      "t" : 1756420548366,
      "tn" : 1756420548366059159,
      "q" : "112.4",
      "p" : "1.746",
      "s" : "sell",
      "i" : "TIAUSD-PERP",
      "m" : "4611686018428759118"
    }, {
      "d" : "1756420548366059159",
      "t" : 1756420548366,
      "tn" : 1756420548366059159,
      "q" : "1.2",
      "p" : "1.746",
      "s" : "sell",
      "i" : "TIAUSD-PERP",
      "m" : "4611686018428759118"
    }, {
      "d" : "1756420548366057673",
      "t" : 1756420548366,
      "tn" : 1756420548366057673,
      "q" : "0.1",
      "p" : "1.747",
      "s" : "sell",
      "i" : "TIAUSD-PERP",
      "m" : "4611686018428759117"
    }, {
      "d" : "1756420548366054830",
      "t" : 1756420548366,
      "tn" : 1756420548366054830,
      "q" : "0.1",
      "p" : "1.748",
      "s" : "sell",
      "i" : "TIAUSD-PERP",
      "m" : "4611686018428759116"
    }, {
      "d" : "1756407460801509270",
      "t" : 1756407460801,
      "tn" : 1756407460801509270,
      "q" : "472.7",
      "p" : "1.718",
      "s" : "sell",
      "i" : "TIAUSD-PERP",
      "m" : "4611686018428759115"
    }, {
      "d" : "1756407460801507139",
      "t" : 1756407460801,
      "tn" : 1756407460801507139,
      "q" : "0.1",
      "p" : "1.719",
      "s" : "sell",
      "i" : "TIAUSD-PERP",
      "m" : "4611686018428759114"
    }, {
      "d" : "1756407086846008076",
      "t" : 1756407086846,
      "tn" : 1756407086846008075,
      "q" : "472.6",
      "p" : "1.721",
      "s" : "buy",
      "i" : "TIAUSD-PERP",
      "m" : "4611686018428759113"
    }, {
      "d" : "1756407086846008075",
      "t" : 1756407086846,
      "tn" : 1756407086846008075,
      "q" : "0.1",
      "p" : "1.721",
      "s" : "buy",
      "i" : "TIAUSD-PERP",
      "m" : "4611686018428759113"
    }, {
      "d" : "1756407086846004482",
      "t" : 1756407086846,
      "tn" : 1756407086846004482,
      "q" : "0.1",
      "p" : "1.720",
      "s" : "buy",
      "i" : "TIAUSD-PERP",
      "m" : "4611686018428759112"
    }, {
      "d" : "1756400404040152001",
      "t" : 1756400404040,
      "tn" : 1756400404040152001,
      "q" : "0.1",
      "p" : "1.688",
      "s" : "sell",
      "i" : "TIAUSD-PERP",
      "m" : "4611686018428759111"
    }, {
      "d" : "1756400357188035605",
      "t" : 1756400357188,
      "tn" : 1756400357188035605,
      "q" : "10.0",
      "p" : "1.700",
      "s" : "sell",
      "i" : "TIAUSD-PERP",
      "m" : "4611686018428759110"
    }, {
      "d" : "1756400130539313204",
      "t" : 1756400130539,
      "tn" : 1756400130539313204,
      "q" : "8.0",
      "p" : "1.712",
      "s" : "sell",
      "i" : "TIAUSD-PERP",
      "m" : "4611686018428759109"
    }, {
      "d" : "1756398877255905772",
      "t" : 1756398877255,
      "tn" : 1756398877255905770,
      "q" : "580.3",
      "p" : "1.722",
      "s" : "sell",
      "i" : "TIAUSD-PERP",
      "m" : "4611686018428759108"
    }, {
      "d" : "1756398877255905771",
      "t" : 1756398877255,
      "tn" : 1756398877255905770,
      "q" : "0.1",
      "p" : "1.722",
      "s" : "sell",
      "i" : "TIAUSD-PERP",
      "m" : "4611686018428759108"
    }, {
      "d" : "1756398877255905770",
      "t" : 1756398877255,
      "tn" : 1756398877255905770,
      "q" : "0.1",
      "p" : "1.722",
      "s" : "sell",
      "i" : "TIAUSD-PERP",
      "m" : "4611686018428759108"
    }, {
      "d" : "1756398652670676938",
      "t" : 1756398652670,
      "tn" : 1756398652670676937,
      "q" : "0.1",
      "p" : "1.723",
      "s" : "sell",
      "i" : "TIAUSD-PERP",
      "m" : "4611686018428759107"
    }, {
      "d" : "1756398652670676937",
      "t" : 1756398652670,
      "tn" : 1756398652670676937,
      "q" : "0.1",
      "p" : "1.723",
      "s" : "sell",
      "i" : "TIAUSD-PERP",
      "m" : "4611686018428759107"
    }, {
      "d" : "1756398491359796966",
      "t" : 1756398491359,
      "tn" : 1756398491359796966,
      "q" : "0.1",
      "p" : "1.730",
      "s" : "sell",
      "i" : "TIAUSD-PERP",
      "m" : "4611686018428759106"
    }, {
      "d" : "1756398350555827401",
      "t" : 1756398350555,
      "tn" : 1756398350555827401,
      "q" : "0.1",
      "p" : "1.723",
      "s" : "sell",
      "i" : "TIAUSD-PERP",
      "m" : "4611686018428759105"
    }, {
      "d" : "1756398319053589618",
      "t" : 1756398319053,
      "tn" : 1756398319053589617,
      "q" : "0.1",
      "p" : "1.722",
      "s" : "sell",
      "i" : "TIAUSD-PERP",
      "m" : "4611686018428759104"
    }, {
      "d" : "1756398319053589617",
      "t" : 1756398319053,
      "tn" : 1756398319053589617,
      "q" : "0.1",
      "p" : "1.722",
      "s" : "sell",
      "i" : "TIAUSD-PERP",
      "m" : "4611686018428759104"
    }, {
      "d" : "1756398228046092486",
      "t" : 1756398228046,
      "tn" : 1756398228046092485,
      "q" : "0.1",
      "p" : "1.723",
      "s" : "sell",
      "i" : "TIAUSD-PERP",
      "m" : "4611686018428759103"
    }, {
      "d" : "1756398228046092485",
      "t" : 1756398228046,
      "tn" : 1756398228046092485,
      "q" : "0.1",
      "p" : "1.723",
      "s" : "sell",
      "i" : "TIAUSD-PERP",
      "m" : "4611686018428759103"
    }, {
      "d" : "1756398013973088365",
      "t" : 1756398013973,
      "tn" : 1756398013973088364,
      "q" : "0.1",
      "p" : "1.730",
      "s" : "sell",
      "i" : "TIAUSD-PERP",
      "m" : "4611686018428759102"
    }, {
      "d" : "1756398013973088364",
      "t" : 1756398013973,
      "tn" : 1756398013973088364,
      "q" : "0.1",
      "p" : "1.730",
      "s" : "sell",
      "i" : "TIAUSD-PERP",
      "m" : "4611686018428759102"
    }, {
      "d" : "1756398007433595773",
      "t" : 1756398007433,
      "tn" : 1756398007433595772,
      "q" : "0.1",
      "p" : "1.731",
      "s" : "sell",
      "i" : "TIAUSD-PERP",
      "m" : "4611686018428759101"
    }, {
      "d" : "1756398007433595772",
      "t" : 1756398007433,
      "tn" : 1756398007433595772,
      "q" : "0.1",
      "p" : "1.731",
      "s" : "sell",
      "i" : "TIAUSD-PERP",
      "m" : "4611686018428759101"
    }, {
      "d" : "1756398002930293261",
      "t" : 1756398002930,
      "tn" : 1756398002930293260,
      "q" : "0.1",
      "p" : "1.732",
      "s" : "sell",
      "i" : "TIAUSD-PERP",
      "m" : "4611686018428759100"
    }, {
      "d" : "1756398002930293260",
      "t" : 1756398002930,
      "tn" : 1756398002930293260,
      "q" : "0.1",
      "p" : "1.732",
      "s" : "sell",
      "i" : "TIAUSD-PERP",
      "m" : "4611686018428759100"
    }, {
      "d" : "1756397977352648014",
      "t" : 1756397977352,
      "tn" : 1756397977352648013,
      "q" : "0.1",
      "p" : "1.731",
      "s" : "sell",
      "i" : "TIAUSD-PERP",
      "m" : "4611686018428759099"
    }, {
      "d" : "1756397977352648013",
      "t" : 1756397977352,
      "tn" : 1756397977352648013,
      "q" : "0.1",
      "p" : "1.731",
      "s" : "sell",
      "i" : "TIAUSD-PERP",
      "m" : "4611686018428759099"
    }, {
      "d" : "1756397921233452175",
      "t" : 1756397921233,
      "tn" : 1756397921233452175,
      "q" : "0.1",
      "p" : "1.730",
      "s" : "sell",
      "i" : "TIAUSD-PERP",
      "m" : "4611686018428759098"
    }, {
      "d" : "1756397907534853076",
      "t" : 1756397907534,
      "tn" : 1756397907534853076,
      "q" : "0.1",
      "p" : "1.731",
      "s" : "sell",
      "i" : "TIAUSD-PERP",
      "m" : "4611686018428759097"
    }, {
      "d" : "1756397893946528599",
      "t" : 1756397893946,
      "tn" : 1756397893946528599,
      "q" : "0.1",
      "p" : "1.732",
      "s" : "sell",
      "i" : "TIAUSD-PERP",
      "m" : "4611686018428759096"
    }, {
      "d" : "1756397879265914384",
      "t" : 1756397879265,
      "tn" : 1756397879265914384,
      "q" : "0.1",
      "p" : "1.730",
      "s" : "sell",
      "i" : "TIAUSD-PERP",
      "m" : "4611686018428759095"
    }, {
      "d" : "1756397805367108646",
      "t" : 1756397805367,
      "tn" : 1756397805367108644,
      "q" : "15.3",
      "p" : "1.729",
      "s" : "sell",
      "i" : "TIAUSD-PERP",
      "m" : "4611686018428759094"
    }, {
      "d" : "1756397805367108645",
      "t" : 1756397805367,
      "tn" : 1756397805367108644,
      "q" : "0.1",
      "p" : "1.729",
      "s" : "sell",
      "i" : "TIAUSD-PERP",
      "m" : "4611686018428759094"
    }, {
      "d" : "1756397805367108644",
      "t" : 1756397805367,
      "tn" : 1756397805367108644,
      "q" : "0.1",
      "p" : "1.729",
      "s" : "sell",
      "i" : "TIAUSD-PERP",
      "m" : "4611686018428759094"
    }, {
      "d" : "1756397715915055263",
      "t" : 1756397715915,
      "tn" : 1756397715915055263,
      "q" : "74.8",
      "p" : "1.727",
      "s" : "buy",
      "i" : "TIAUSD-PERP",
      "m" : "4611686018428759093"
    }, {
      "d" : "1756397715683426296",
      "t" : 1756397715683,
      "tn" : 1756397715683426296,
      "q" : "579.2",
      "p" : "1.727",
      "s" : "buy",
      "i" : "TIAUSD-PERP",
      "m" : "4611686018428759092"
    }, {
      "d" : "1756397705648879054",
      "t" : 1756397705648,
      "tn" : 1756397705648879054,
      "q" : "19.2",
      "p" : "1.727",
      "s" : "buy",
      "i" : "TIAUSD-PERP",
      "m" : "4611686018428759091"
    }, {
      "d" : "1756397703978466605",
      "t" : 1756397703978,
      "tn" : 1756397703978466605,
      "q" : "19.0",
      "p" : "1.727",
      "s" : "buy",
      "i" : "TIAUSD-PERP",
      "m" : "4611686018428759090"
    }, {
      "d" : "1756397703977682905",
      "t" : 1756397703977,
      "tn" : 1756397703977682905,
      "q" : "46.9",
      "p" : "1.727",
      "s" : "buy",
      "i" : "TIAUSD-PERP",
      "m" : "4611686018428759089"
    }, {
      "d" : "1756396561313024378",
      "t" : 1756396561313,
      "tn" : 1756396561313024376,
      "q" : "3.0",
      "p" : "1.715",
      "s" : "sell",
      "i" : "TIAUSD-PERP",
      "m" : "4611686018428759088"
    }, {
      "d" : "1756396561313024377",
      "t" : 1756396561313,
      "tn" : 1756396561313024376,
      "q" : "0.1",
      "p" : "1.715",
      "s" : "sell",
      "i" : "TIAUSD-PERP",
      "m" : "4611686018428759088"
    }, {
      "d" : "1756396561313024376",
      "t" : 1756396561313,
      "tn" : 1756396561313024376,
      "q" : "0.1",
      "p" : "1.715",
      "s" : "sell",
      "i" : "TIAUSD-PERP",
      "m" : "4611686018428759088"
    }, {
      "d" : "1756396246060519479",
      "t" : 1756396246060,
      "tn" : 1756396246060519477,
      "q" : "29.0",
      "p" : "1.718",
      "s" : "sell",
      "i" : "TIAUSD-PERP",
      "m" : "4611686018428759087"
    }, {
      "d" : "1756396246060519478",
      "t" : 1756396246060,
      "tn" : 1756396246060519477,
      "q" : "0.1",
      "p" : "1.718",
      "s" : "sell",
      "i" : "TIAUSD-PERP",
      "m" : "4611686018428759087"
    }, {
      "d" : "1756396246060519477",
      "t" : 1756396246060,
      "tn" : 1756396246060519477,
      "q" : "0.1",
      "p" : "1.718",
      "s" : "sell",
      "i" : "TIAUSD-PERP",
      "m" : "4611686018428759087"
    }, {
      "d" : "1756396142093609076",
      "t" : 1756396142093,
      "tn" : 1756396142093609076,
      "q" : "57.8",
      "p" : "1.721",
      "s" : "sell",
      "i" : "TIAUSD-PERP",
      "m" : "4611686018428759086"
    }, {
      "d" : "1756393803552380838",
      "t" : 1756393803552,
      "tn" : 1756393803552380836,
      "q" : "6.6",
      "p" : "1.742",
      "s" : "sell",
      "i" : "TIAUSD-PERP",
      "m" : "4611686018428759085"
    }, {
      "d" : "1756393803552380837",
      "t" : 1756393803552,
      "tn" : 1756393803552380836,
      "q" : "0.1",
      "p" : "1.742",
      "s" : "sell",
      "i" : "TIAUSD-PERP",
      "m" : "4611686018428759085"
    }, {
      "d" : "1756393803552380836",
      "t" : 1756393803552,
      "tn" : 1756393803552380836,
      "q" : "0.1",
      "p" : "1.742",
      "s" : "sell",
      "i" : "TIAUSD-PERP",
      "m" : "4611686018428759085"
    }, {
      "d" : "1756393798548764550",
      "t" : 1756393798548,
      "tn" : 1756393798548764550,
      "q" : "28.0",
      "p" : "1.744",
      "s" : "sell",
      "i" : "TIAUSD-PERP",
      "m" : "4611686018428759084"
    }, {
      "d" : "1756393585009303931",
      "t" : 1756393585009,
      "tn" : 1756393585009303931,
      "q" : "28.0",
      "p" : "1.746",
      "s" : "buy",
      "i" : "TIAUSD-PERP",
      "m" : "4611686018428759083"
    }, {
      "d" : "1756393584949254696",
      "t" : 1756393584949,
      "tn" : 1756393584949254696,
      "q" : "336.1",
      "p" : "1.745",
      "s" : "buy",
      "i" : "TIAUSD-PERP",
      "m" : "4611686018428759082"
    }, {
      "d" : "1756393309526698833",
      "t" : 1756393309526,
      "tn" : 1756393309526698833,
      "q" : "381.0",
      "p" : "1.756",
      "s" : "buy",
      "i" : "TIAUSD-PERP",
      "m" : "4611686018428759081"
    }, {
      "d" : "1756393309525307802",
      "t" : 1756393309525,
      "tn" : 1756393309525307801,
      "q" : "201.4",
      "p" : "1.759",
      "s" : "buy",
      "i" : "TIAUSD-PERP",
      "m" : "4611686018428759080"
    }, {
      "d" : "1756393309525307801",
      "t" : 1756393309525,
      "tn" : 1756393309525307801,
      "q" : "28.4",
      "p" : "1.759",
      "s" : "buy",
      "i" : "TIAUSD-PERP",
      "m" : "4611686018428759080"
    }, {
      "d" : "1756393309525305638",
      "t" : 1756393309525,
      "tn" : 1756393309525305638,
      "q" : "28.4",
      "p" : "1.758",
      "s" : "buy",
      "i" : "TIAUSD-PERP",
      "m" : "4611686018428759079"
    }, {
      "d" : "1756393309525304228",
      "t" : 1756393309525,
      "tn" : 1756393309525304228,
      "q" : "40.8",
      "p" : "1.756",
      "s" : "buy",
      "i" : "TIAUSD-PERP",
      "m" : "4611686018428759078"
    }, {
      "d" : "1756393309524876054",
      "t" : 1756393309524,
      "tn" : 1756393309524876054,
      "q" : "245.0",
      "p" : "1.756",
      "s" : "buy",
      "i" : "TIAUSD-PERP",
      "m" : "4611686018428759077"
    }, {
      "d" : "1756393309513097820",
      "t" : 1756393309513,
      "tn" : 1756393309513097820,
      "q" : "3.7",
      "p" : "1.752",
      "s" : "buy",
      "i" : "TIAUSD-PERP",
      "m" : "4611686018428759076"
    }, {
      "d" : "1756393309513095837",
      "t" : 1756393309513,
      "tn" : 1756393309513095835,
      "q" : "57.1",
      "p" : "1.750",
      "s" : "buy",
      "i" : "TIAUSD-PERP",
      "m" : "4611686018428759075"
    }, {
      "d" : "1756393309513095836",
      "t" : 1756393309513,
      "tn" : 1756393309513095835,
      "q" : "1.2",
      "p" : "1.750",
      "s" : "buy",
      "i" : "TIAUSD-PERP",
      "m" : "4611686018428759075"
    }, {
      "d" : "1756393309513095835",
      "t" : 1756393309513,
      "tn" : 1756393309513095835,
      "q" : "114.2",
      "p" : "1.750",
      "s" : "buy",
      "i" : "TIAUSD-PERP",
      "m" : "4611686018428759075"
    }, {
      "d" : "1756393309513092305",
      "t" : 1756393309513,
      "tn" : 1756393309513092305,
      "q" : "0.1",
      "p" : "1.749",
      "s" : "buy",
      "i" : "TIAUSD-PERP",
      "m" : "4611686018428759074"
    }, {
      "d" : "1756393309509332578",
      "t" : 1756393309509,
      "tn" : 1756393309509332577,
      "q" : "540.7",
      "p" : "1.748",
      "s" : "buy",
      "i" : "TIAUSD-PERP",
      "m" : "4611686018428759073"
    }, {
      "d" : "1756393309509332577",
      "t" : 1756393309509,
      "tn" : 1756393309509332577,
      "q" : "0.1",
      "p" : "1.748",
      "s" : "buy",
      "i" : "TIAUSD-PERP",
      "m" : "4611686018428759073"
    }, {
      "d" : "1756393135767613475",
      "t" : 1756393135767,
      "tn" : 1756393135767613475,
      "q" : "71.4",
      "p" : "1.743",
      "s" : "sell",
      "i" : "TIAUSD-PERP",
      "m" : "4611686018428759072"
    }, {
      "d" : "1756392750472200690",
      "t" : 1756392750472,
      "tn" : 1756392750472200689,
      "q" : "5.0",
      "p" : "1.737",
      "s" : "sell",
      "i" : "TIAUSD-PERP",
      "m" : "4611686018428759071"
    }, {
      "d" : "1756392750472200689",
      "t" : 1756392750472,
      "tn" : 1756392750472200689,
      "q" : "0.1",
      "p" : "1.737",
      "s" : "sell",
      "i" : "TIAUSD-PERP",
      "m" : "4611686018428759071"
    }, {
      "d" : "1756392750472197141",
      "t" : 1756392750472,
      "tn" : 1756392750472197141,
      "q" : "0.1",
      "p" : "1.738",
      "s" : "sell",
      "i" : "TIAUSD-PERP",
      "m" : "4611686018428759070"
    }, {
      "d" : "1756392745254480973",
      "t" : 1756392745254,
      "tn" : 1756392745254480973,
      "q" : "71.4",
      "p" : "1.738",
      "s" : "sell",
      "i" : "TIAUSD-PERP",
      "m" : "4611686018428759069"
    }, {
      "d" : "1756392745253469082",
      "t" : 1756392745253,
      "tn" : 1756392745253469080,
      "q" : "114.8",
      "p" : "1.738",
      "s" : "sell",
      "i" : "TIAUSD-PERP",
      "m" : "4611686018428759068"
    }, {
      "d" : "1756392745253469081",
      "t" : 1756392745253,
      "tn" : 1756392745253469080,
      "q" : "0.1",
      "p" : "1.738",
      "s" : "sell",
      "i" : "TIAUSD-PERP",
      "m" : "4611686018428759068"
    }, {
      "d" : "1756392745253469080",
      "t" : 1756392745253,
      "tn" : 1756392745253469080,
      "q" : "0.1",
      "p" : "1.738",
      "s" : "sell",
      "i" : "TIAUSD-PERP",
      "m" : "4611686018428759068"
    }, {
      "d" : "1756391819232248012",
      "t" : 1756391819232,
      "tn" : 1756391819232248012,
      "q" : "15.9",
      "p" : "1.731",
      "s" : "sell",
      "i" : "TIAUSD-PERP",
      "m" : "4611686018428759067"
    }, {
      "d" : "1756391819232245630",
      "t" : 1756391819232,
      "tn" : 1756391819232245629,
      "q" : "0.1",
      "p" : "1.732",
      "s" : "sell",
      "i" : "TIAUSD-PERP",
      "m" : "4611686018428759066"
    }, {
      "d" : "1756391819232245629",
      "t" : 1756391819232,
      "tn" : 1756391819232245629,
      "q" : "0.1",
      "p" : "1.732",
      "s" : "sell",
      "i" : "TIAUSD-PERP",
      "m" : "4611686018428759066"
    }, {
      "d" : "1756391526026833831",
      "t" : 1756391526026,
      "tn" : 1756391526026833830,
      "q" : "115.7",
      "p" : "1.721",
      "s" : "sell",
      "i" : "TIAUSD-PERP",
      "m" : "4611686018428759065"
    }, {
      "d" : "1756391526026833830",
      "t" : 1756391526026,
      "tn" : 1756391526026833830,
      "q" : "0.1",
      "p" : "1.721",
      "s" : "sell",
      "i" : "TIAUSD-PERP",
      "m" : "4611686018428759065"
    }, {
      "d" : "1756388958992307630",
      "t" : 1756388958992,
      "tn" : 1756388958992307629,
      "q" : "6.3",
      "p" : "1.716",
      "s" : "sell",
      "i" : "TIAUSD-PERP",
      "m" : "4611686018428759064"
    }, {
      "d" : "1756388958992307629",
      "t" : 1756388958992,
      "tn" : 1756388958992307629,
      "q" : "0.1",
      "p" : "1.716",
      "s" : "sell",
      "i" : "TIAUSD-PERP",
      "m" : "4611686018428759064"
    }, {
      "d" : "1756388958992304371",
      "t" : 1756388958992,
      "tn" : 1756388958992304371,
      "q" : "0.1",
      "p" : "1.717",
      "s" : "sell",
      "i" : "TIAUSD-PERP",
      "m" : "4611686018428759063"
    }, {
      "d" : "1756384274392717898",
      "t" : 1756384274392,
      "tn" : 1756384274392717898,
      "q" : "0.1",
      "p" : "1.708",
      "s" : "sell",
      "i" : "TIAUSD-PERP",
      "m" : "4611686018428759062"
    }, {
      "d" : "1756384269319510007",
      "t" : 1756384269319,
      "tn" : 1756384269319510007,
      "q" : "116.8",
      "p" : "1.704",
      "s" : "sell",
      "i" : "TIAUSD-PERP",
      "m" : "4611686018428759061"
    }, {
      "d" : "1756384269317844368",
      "t" : 1756384269317,
      "tn" : 1756384269317844368,
      "q" : "0.1",
      "p" : "1.708",
      "s" : "sell",
      "i" : "TIAUSD-PERP",
      "m" : "4611686018428759060"
    }, {
      "d" : "1756382859244974331",
      "t" : 1756382859244,
      "tn" : 1756382859244974330,
      "q" : "756.6",
      "p" : "1.718",
      "s" : "buy",
      "i" : "TIAUSD-PERP",
      "m" : "4611686018428759059"
    }, {
      "d" : "1756382859244974330",
      "t" : 1756382859244,
      "tn" : 1756382859244974330,
      "q" : "1.2",
      "p" : "1.718",
      "s" : "buy",
      "i" : "TIAUSD-PERP",
      "m" : "4611686018428759059"
    }, {
      "d" : "1756382859240749786",
      "t" : 1756382859240,
      "tn" : 1756382859240749786,
      "q" : "43.1",
      "p" : "1.718",
      "s" : "buy",
      "i" : "TIAUSD-PERP",
      "m" : "4611686018428759058"
    }, {
      "d" : "1756382859240747974",
      "t" : 1756382859240,
      "tn" : 1756382859240747974,
      "q" : "0.1",
      "p" : "1.717",
      "s" : "buy",
      "i" : "TIAUSD-PERP",
      "m" : "4611686018428759057"
    } ]
  }
}