{
  "id" : -1,
  "method" : "public/get-trades",
  "code" : 0,
  "result" : {
    "data" : [ {
      "d" : "1756457210943245999",
      "t" : 1756457210943,
      "tn" : 1756457210943245999,
      "q" : "66.9",
      "p" : "0.1173",
      "s" : "buy",
      "i" : "TNSR_USD",
      "m" : "4611686018428239362"
    }, {
      "d" : "1756453471034262440",
      "t" : 1756453471034,
      "tn" : 1756453471034262440,
      "q" : "1100.0",
      "p" : "0.1176",
      "s" : "sell",
      "i" : "TNSR_USD",
      "m" : "4611686018428239361"
    }, {
      "d" : "1756453450763959101",
      "t" : 1756453450763,
      "tn" : 1756453450763959101,
      "q" : "984.2",
      "p" : "0.1177",
      "s" : "sell",
      "i" : "TNSR_USD",
      "m" : "4611686018428239360"
    }, {
      "d" : "1756451945184755495",
      "t" : 1756451945184,
      "tn" : 1756451945184755495,
      "q" : "200.0",
      "p" : "0.1184",
      "s" : "sell",
      "i" : "TNSR_USD",
      "m" : "4611686018428239359"
    }, {
      "d" : "1756451830214731968",
      "t" : 1756451830214,
      "tn" : 1756451830214731968,
      "q" : "2300.0",
      "p" : "0.1185",
      "s" : "sell",
      "i" : "TNSR_USD",
      "m" : "4611686018428239358"
    }, {
      "d" : "1756451742527758578",
      "t" : 1756451742527,
      "tn" : 1756451742527758578,
      "q" : "56.8",
      "p" : "0.1190",
      "s" : "buy",
      "i" : "TNSR_USD",
      "m" : "4611686018428239357"
    }, {
      "d" : "1756451663604002205",
      "t" : 1756451663604,
      "tn" : 1756451663604002204,
      "q" : "806.1",
      "p" : "0.1187",
      "s" : "sell",
      "i" : "TNSR_USD",
      "m" : "4611686018428239356"
    }, {
      "d" : "1756451663604002204",
      "t" : 1756451663604,
      "tn" : 1756451663604002204,
      "q" : "3152.7",
      "p" : "0.1187",
      "s" : "sell",
      "i" : "TNSR_USD",
      "m" : "4611686018428239356"
    }, {
      "d" : "1756451608807984121",
      "t" : 1756451608807,
      "tn" : 1756451608807984121,
      "q" : "800.0",
      "p" : "0.1190",
      "s" : "sell",
      "i" : "TNSR_USD",
      "m" : "4611686018428239355"
    }, {
      "d" : "1756448209364510575",
      "t" : 1756448209364,
      "tn" : 1756448209364510575,
      "q" : "2400.0",
      "p" : "0.1219",
      "s" : "sell",
      "i" : "TNSR_USD",
      "m" : "4611686018428239354"
    }, {
      "d" : "1756442004762974552",
      "t" : 1756442004762,
      "tn" : 1756442004762974552,
      "q" : "3123.9",
      "p" : "0.1241",
      "s" : "buy",
      "i" : "TNSR_USD",
      "m" : "4611686018428239353"
    }, {
      "d" : "1756441265767866471",
      "t" : 1756441265767,
      "tn" : 1756441265767866471,
      "q" : "100.8",
      "p" : "0.1237",
      "s" : "buy",
      "i" : "TNSR_USD",
      "m" : "4611686018428239352"
    }, {
      "d" : "1756434287430057491",
      "t" : 1756434287430,
      "tn" : 1756434287430057491,
      "q" : "754.6",
      "p" : "0.1234",
      "s" : "buy",
      "i" : "TNSR_USD",
      "m" : "4611686018428239351"
    }, {
      "d" : "1756429384332714170",
      "t" : 1756429384332,
      "tn" : 1756429384332714170,
      "q" : "58.9",
      "p" : "0.1235",
      "s" : "buy",
      "i" : "TNSR_USD",
      "m" : "4611686018428239350"
    }, {
      "d" : "1756421280763136464",
      "t" : 1756421280763,
      "tn" : 1756421280763136464,
      "q" : "274.6",
      "p" : "0.1232",
      "s" : "buy",
      "i" : "TNSR_USD",
      "m" : "4611686018428239349"
    }, {
      "d" : "1756399549985719675",
      "t" : 1756399549985,
      "tn" : 1756399549985719675,
      "q" : "1495.1",
      "p" : "0.1233",
      "s" : "buy",
      "i" : "TNSR_USD",
      "m" : "4611686018428239348"
    }, {
      "d" : "1756396151188899597",
      "t" : 1756396151188,
      "tn" : 1756396151188899597,
      "q" : "3652.9",
      "p" : "0.1226",
      "s" : "sell",
      "i" : "TNSR_USD",
      "m" : "4611686018428239347"
    }, {
      "d" : "1756396151188897202",
      "t" : 1756396151188,
      "tn" : 1756396151188897202,
      "q" : "3782.5",
      "p" : "0.1227",
      "s" : "sell",
      "i" : "TNSR_USD",
      "m" : "4611686018428239346"
    }, {
      "d" : "1756395638179949969",
      "t" : 1756395638179,
      "tn" : 1756395638179949969,
      "q" : "3275.6",
      "p" : "0.1234",
      "s" : "sell",
      "i" : "TNSR_USD",
      "m" : "4611686018428239345"
    }, {
      "d" : "1756393655825243898",
      "t" : 1756393655825,
      "tn" : 1756393655825243898,
      "q" : "86.3",
      "p" : "0.1241",
      "s" : "sell",
      "i" : "TNSR_USD",
      "m" : "4611686018428239344"
    }, {
      "d" : "1756393403970413003",
      "t" : 1756393403970,
      "tn" : 1756393403970413003,
      "q" : "4858.8",
      "p" : "0.1244",
      "s" : "buy",
      "i" : "TNSR_USD",
      "m" : "4611686018428239343"
    }, {
      "d" : "1756393403863499556",
      "t" : 1756393403863,
      "tn" : 1756393403863499556,
      "q" : "5644.9",
      "p" : "0.1244",
      "s" : "buy",
      "i" : "TNSR_USD",
      "m" : "4611686018428239342"
    }, {
      "d" : "1756393403862888058",
      "t" : 1756393403862,
      "tn" : 1756393403862888058,
      "q" : "723.5",
      "p" : "0.1244",
      "s" : "buy",
      "i" : "TNSR_USD",
      "m" : "4611686018428239341"
    }, {
      "d" : "1756393403853783678",
      "t" : 1756393403853,
      "tn" : 1756393403853783678,
      "q" : "2700.0",
      "p" : "0.1244",
      "s" : "sell",
      "i" : "TNSR_USD",
      "m" : "4611686018428239340"
    }, {
      "d" : "1756392960672580462",
      "t" : 1756392960672,
      "tn" : 1756392960672580462,
      "q" : "992.9",
      "p" : "0.1246",
      "s" : "buy",
      "i" : "TNSR_USD",
      "m" : "4611686018428239339"
    }, {
      "d" : "1756391963721429791",
      "t" : 1756391963721,
      "tn" : 1756391963721429791,
      "q" : "908.1",
      "p" : "0.1248",
      "s" : "buy",
      "i" : "TNSR_USD",
      "m" : "4611686018428239338"
    }, {
      "d" : "1756391940644970357",
      "t" : 1756391940644,
      "tn" : 1756391940644970356,
      "q" : "1179.1",
      "p" : "0.1243",
      "s" : "buy",
      "i" : "TNSR_USD",
      "m" : "4611686018428239337"
    }, {
      "d" : "1756391940644970356",
      "t" : 1756391940644,
      "tn" : 1756391940644970356,
      "q" : "3300.4",
      "p" : "0.1243",
      "s" : "buy",
      "i" : "TNSR_USD",
      "m" : "4611686018428239337"
    }, {
      "d" : "1756391893513302692",
      "t" : 1756391893513,
      "tn" : 1756391893513302692,
      "q" : "849.3",
      "p" : "0.1251",
      "s" : "sell",
      "i" : "TNSR_USD",
      "m" : "4611686018428239336"
    }, {
      "d" : "1756391893512962528",
      "t" : 1756391893512,
      "tn" : 1756391893512962528,
      "q" : "2799.5",
      "p" : "0.1251",
      "s" : "sell",
      "i" : "TNSR_USD",
      "m" : "4611686018428239335"
    }, {
      "d" : "1756391893509894581",
      "t" : 1756391893509,
      "tn" : 1756391893509894581,
      "q" : "2938.8",
      "p" : "0.1252",
      "s" : "sell",
      "i" : "TNSR_USD",
      "m" : "4611686018428239334"
    }, {
      "d" : "1756391860551617794",
      "t" : 1756391860551,
      "tn" : 1756391860551617794,
      "q" : "326.2",
      "p" : "0.1260",
      "s" : "buy",
      "i" : "TNSR_USD",
      "m" : "4611686018428239333"
    }, {
      "d" : "1756391860539308044",
      "t" : 1756391860539,
      "tn" : 1756391860539308044,
      "q" : "500.0",
      "p" : "0.1260",
      "s" : "buy",
      "i" : "TNSR_USD",
      "m" : "4611686018428239332"
    }, {
      "d" : "1756391832357895802",
      "t" : 1756391832357,
      "tn" : 1756391832357895802,
      "q" : "1602.0",
      "p" : "0.1246",
      "s" : "buy",
      "i" : "TNSR_USD",
      "m" : "4611686018428239331"
    }, {
      "d" : "1756391822666397000",
      "t" : 1756391822666,
      "tn" : 1756391822666397000,
      "q" : "1603.7",
      "p" : "0.1240",
      "s" : "buy",
      "i" : "TNSR_USD",
      "m" : "4611686018428239330"
    }, {
      "d" : "1756391822664992099",
      "t" : 1756391822664,
      "tn" : 1756391822664992099,
      "q" : "0.8",
      "p" : "0.1240",
      "s" : "buy",
      "i" : "TNSR_USD",
      "m" : "4611686018428239329"
    }, {
      "d" : "1756391822664990383",
      "t" : 1756391822664,
      "tn" : 1756391822664990383,
      "q" : "1100.0",
      "p" : "0.1239",
      "s" : "buy",
      "i" : "TNSR_USD",
      "m" : "4611686018428239328"
    }, {
      "d" : "1756390699721608907",
      "t" : 1756390699721,
      "tn" : 1756390699721608907,
      "q" : "1614.4",
      "p" : "0.1238",
      "s" : "buy",
      "i" : "TNSR_USD",
      "m" : "4611686018428239327"
    }, {
      "d" : "1756390564523972681",
      "t" : 1756390564523,
      "tn" : 1756390564523972681,
      "q" : "2481.0",
      "p" : "0.1235",
      "s" : "buy",
      "i" : "TNSR_USD",
      "m" : "4611686018428239326"
    }, {
      "d" : "1756390106252511828",
      "t" : 1756390106252,
      "tn" : 1756390106252511827,
      "q" : "3192.7",
      "p" : "0.1225",
      "s" : "sell",
      "i" : "TNSR_USD",
      "m" : "4611686018428239325"
    }, {
      "d" : "1756390106252511827",
      "t" : 1756390106252,
      "tn" : 1756390106252511827,
      "q" : "3030.2",
      "p" : "0.1225",
      "s" : "sell",
      "i" : "TNSR_USD",
      "m" : "4611686018428239325"
    }, {
      "d" : "1756389822113426578",
      "t" : 1756389822113,
      "tn" : 1756389822113426578,
      "q" : "1244.5",
      "p" : "0.1231",
      "s" : "buy",
      "i" : "TNSR_USD",
      "m" : "4611686018428239324"
    }, {
      "d" : "1756389462789267724",
      "t" : 1756389462789,
      "tn" : 1756389462789267724,
      "q" : "900.0",
      "p" : "0.1215",
      "s" : "buy",
      "i" : "TNSR_USD",
      "m" : "4611686018428239323"
    }, {
      "d" : "1756389070675197327",
      "t" : 1756389070675,
      "tn" : 1756389070675197327,
      "q" : "664.6",
      "p" : "0.1211",
      "s" : "buy",
      "i" : "TNSR_USD",
      "m" : "4611686018428239322"
    }, {
      "d" : "1756389070428127343",
      "t" : 1756389070428,
      "tn" : 1756389070428127343,
      "q" : "800.0",
      "p" : "0.1211",
      "s" : "buy",
      "i" : "TNSR_USD",
      "m" : "4611686018428239321"
    }, {
      "d" : "1756389070163723311",
      "t" : 1756389070163,
      "tn" : 1756389070163723311,
      "q" : "800.0",
      "p" : "0.1211",
      "s" : "buy",
      "i" : "TNSR_USD",
      "m" : "4611686018428239320"
    }, {
      "d" : "1756389069814815594",
      "t" : 1756389069814,
      "tn" : 1756389069814815594,
      "q" : "800.0",
      "p" : "0.1211",
      "s" : "buy",
      "i" : "TNSR_USD",
      "m" : "4611686018428239319"
    }, {
      "d" : "1756389068282476371",
      "t" : 1756389068282,
      "tn" : 1756389068282476371,
      "q" : "769.5",
      "p" : "0.1211",
      "s" : "buy",
      "i" : "TNSR_USD",
      "m" : "4611686018428239318"
    }, {
      "d" : "1756388701374751942",
      "t" : 1756388701374,
      "tn" : 1756388701374751942,
      "q" : "1485.5",
      "p" : "0.1212",
      "s" : "buy",
      "i" : "TNSR_USD",
      "m" : "4611686018428239317"
    }, {
      "d" : "1756388701369579303",
      "t" : 1756388701369,
      "tn" : 1756388701369579303,
      "q" : "2000.0",
      "p" : "0.1212",
      "s" : "buy",
      "i" : "TNSR_USD",
      "m" : "4611686018428239316"
    }, {
      "d" : "1756388542398221415",
      "t" : 1756388542398,
      "tn" : 1756388542398221415,
      "q" : "700.0",
      "p" : "0.1208",
      "s" : "buy",
      "i" : "TNSR_USD",
      "m" : "4611686018428239315"
    }, {
      "d" : "1756387897592687126",
      "t" : 1756387897592,
      "tn" : 1756387897592687126,
      "q" : "3539.5",
      "p" : "0.1212",
      "s" : "buy",
      "i" : "TNSR_USD",
      "m" : "4611686018428239314"
    }, {
      "d" : "1756385437669254669",
      "t" : 1756385437669,
      "tn" : 1756385437669254669,
      "q" : "400.0",
      "p" : "0.1206",
      "s" : "sell",
      "i" : "TNSR_USD",
      "m" : "4611686018428239313"
    }, {
      "d" : "1756384906715186684",
      "t" : 1756384906715,
      "tn" : 1756384906715186684,
      "q" : "108.6",
      "p" : "0.1215",
      "s" : "buy",
      "i" : "TNSR_USD",
      "m" : "4611686018428239312"
    }, {
      "d" : "1756384293306955231",
      "t" : 1756384293306,
      "tn" : 1756384293306955231,
      "q" : "480.0",
      "p" : "0.1207",
      "s" : "buy",
      "i" : "TNSR_USD",
      "m" : "4611686018428239311"
    }, {
      "d" : "1756384293246794805",
      "t" : 1756384293246,
      "tn" : 1756384293246794805,
      "q" : "100.0",
      "p" : "0.1207",
      "s" : "buy",
      "i" : "TNSR_USD",
      "m" : "4611686018428239310"
    }, {
      "d" : "1756384291883296258",
      "t" : 1756384291883,
      "tn" : 1756384291883296258,
      "q" : "85.3",
      "p" : "0.1206",
      "s" : "buy",
      "i" : "TNSR_USD",
      "m" : "4611686018428239309"
    }, {
      "d" : "1756384291629577150",
      "t" : 1756384291629,
      "tn" : 1756384291629577150,
      "q" : "100.0",
      "p" : "0.1206",
      "s" : "buy",
      "i" : "TNSR_USD",
      "m" : "4611686018428239308"
    }, {
      "d" : "1756384291612369867",
      "t" : 1756384291612,
      "tn" : 1756384291612369867,
      "q" : "1656.9",
      "p" : "0.1206",
      "s" : "buy",
      "i" : "TNSR_USD",
      "m" : "4611686018428239307"
    }, {
      "d" : "1756384289229133172",
      "t" : 1756384289229,
      "tn" : 1756384289229133172,
      "q" : "3427.4",
      "p" : "0.1205",
      "s" : "buy",
      "i" : "TNSR_USD",
      "m" : "4611686018428239306"
    } ]
  }
}