{
  "id" : -1,
  "method" : "public/get-trades",
  "code" : 0,
  "result" : {
    "data" : [ {
      "d" : "1756447765994211813",
      "t" : 1756447765994,
      "tn" : 1756447765994211813,
      "q" : "58",
      "p" : "0.12337",
      "s" : "buy",
      "i" : "TNSRUSD-PERP",
      "m" : "4611686018428172239"
    }, {
      "d" : "1756447765994209911",
      "t" : 1756447765994,
      "tn" : 1756447765994209911,
      "q" : "1",
      "p" : "0.12311",
      "s" : "buy",
      "i" : "TNSRUSD-PERP",
      "m" : "4611686018428172238"
    }, {
      "d" : "1756447765994207645",
      "t" : 1756447765994,
      "tn" : 1756447765994207645,
      "q" : "1",
      "p" : "0.12309",
      "s" : "buy",
      "i" : "TNSRUSD-PERP",
      "m" : "4611686018428172237"
    }, {
      "d" : "1756447750242344738",
      "t" : 1756447750242,
      "tn" : 1756447750242344738,
      "q" : "58",
      "p" : "0.12337",
      "s" : "buy",
      "i" : "TNSRUSD-PERP",
      "m" : "4611686018428172236"
    }, {
      "d" : "1756447750242342851",
      "t" : 1756447750242,
      "tn" : 1756447750242342851,
      "q" : "1",
      "p" : "0.12311",
      "s" : "buy",
      "i" : "TNSRUSD-PERP",
      "m" : "4611686018428172235"
    }, {
      "d" : "1756447750242340029",
      "t" : 1756447750242,
      "tn" : 1756447750242340029,
      "q" : "1",
      "p" : "0.12309",
      "s" : "buy",
      "i" : "TNSRUSD-PERP",
      "m" : "4611686018428172234"
    }, {
      "d" : "1756447734319835143",
      "t" : 1756447734319,
      "tn" : 1756447734319835143,
      "q" : "58",
      "p" : "0.12337",
      "s" : "buy",
      "i" : "TNSRUSD-PERP",
      "m" : "4611686018428172233"
    }, {
      "d" : "1756447734319833536",
      "t" : 1756447734319,
      "tn" : 1756447734319833536,
      "q" : "1",
      "p" : "0.12311",
      "s" : "buy",
      "i" : "TNSRUSD-PERP",
      "m" : "4611686018428172232"
    }, {
      "d" : "1756447734319831428",
      "t" : 1756447734319,
      "tn" : 1756447734319831428,
      "q" : "1",
      "p" : "0.12309",
      "s" : "buy",
      "i" : "TNSRUSD-PERP",
      "m" : "4611686018428172231"
    }, {
      "d" : "1756447718309922287",
      "t" : 1756447718309,
      "tn" : 1756447718309922287,
      "q" : "58",
      "p" : "0.12336",
      "s" : "buy",
      "i" : "TNSRUSD-PERP",
      "m" : "4611686018428172230"
    }, {
      "d" : "1756447718309920577",
      "t" : 1756447718309,
      "tn" : 1756447718309920577,
      "q" : "1",
      "p" : "0.12311",
      "s" : "buy",
      "i" : "TNSRUSD-PERP",
      "m" : "4611686018428172229"
    }, {
      "d" : "1756447718309918323",
      "t" : 1756447718309,
      "tn" : 1756447718309918323,
      "q" : "1",
      "p" : "0.12309",
      "s" : "buy",
      "i" : "TNSRUSD-PERP",
      "m" : "4611686018428172228"
    }, {
      "d" : "1756447702502608807",
      "t" : 1756447702502,
      "tn" : 1756447702502608807,
      "q" : "58",
      "p" : "0.12346",
      "s" : "buy",
      "i" : "TNSRUSD-PERP",
      "m" : "4611686018428172227"
    }, {
      "d" : "1756447702502606704",
      "t" : 1756447702502,
      "tn" : 1756447702502606704,
      "q" : "1",
      "p" : "0.12311",
      "s" : "buy",
      "i" : "TNSRUSD-PERP",
      "m" : "4611686018428172226"
    }, {
      "d" : "1756447702502603543",
      "t" : 1756447702502,
      "tn" : 1756447702502603543,
      "q" : "1",
      "p" : "0.12309",
      "s" : "buy",
      "i" : "TNSRUSD-PERP",
      "m" : "4611686018428172225"
    }, {
      "d" : "1756447686699178972",
      "t" : 1756447686699,
      "tn" : 1756447686699178972,
      "q" : "58",
      "p" : "0.12347",
      "s" : "buy",
      "i" : "TNSRUSD-PERP",
      "m" : "4611686018428172224"
    }, {
      "d" : "1756447686699177223",
      "t" : 1756447686699,
      "tn" : 1756447686699177223,
      "q" : "1",
      "p" : "0.12321",
      "s" : "buy",
      "i" : "TNSRUSD-PERP",
      "m" : "4611686018428172223"
    }, {
      "d" : "1756447686699174307",
      "t" : 1756447686699,
      "tn" : 1756447686699174307,
      "q" : "1",
      "p" : "0.12319",
      "s" : "buy",
      "i" : "TNSRUSD-PERP",
      "m" : "4611686018428172222"
    }, {
      "d" : "1756447670962438341",
      "t" : 1756447670962,
      "tn" : 1756447670962438341,
      "q" : "58",
      "p" : "0.12357",
      "s" : "buy",
      "i" : "TNSRUSD-PERP",
      "m" : "4611686018428172221"
    }, {
      "d" : "1756447670962436673",
      "t" : 1756447670962,
      "tn" : 1756447670962436673,
      "q" : "1",
      "p" : "0.12331",
      "s" : "buy",
      "i" : "TNSRUSD-PERP",
      "m" : "4611686018428172220"
    }, {
      "d" : "1756447670962433954",
      "t" : 1756447670962,
      "tn" : 1756447670962433954,
      "q" : "1",
      "p" : "0.12329",
      "s" : "buy",
      "i" : "TNSRUSD-PERP",
      "m" : "4611686018428172219"
    }, {
      "d" : "1756447655065675563",
      "t" : 1756447655065,
      "tn" : 1756447655065675563,
      "q" : "58",
      "p" : "0.12357",
      "s" : "buy",
      "i" : "TNSRUSD-PERP",
      "m" : "4611686018428172218"
    }, {
      "d" : "1756447655065673825",
      "t" : 1756447655065,
      "tn" : 1756447655065673825,
      "q" : "1",
      "p" : "0.12331",
      "s" : "buy",
      "i" : "TNSRUSD-PERP",
      "m" : "4611686018428172217"
    }, {
      "d" : "1756447655065671552",
      "t" : 1756447655065,
      "tn" : 1756447655065671552,
      "q" : "1",
      "p" : "0.12329",
      "s" : "buy",
      "i" : "TNSRUSD-PERP",
      "m" : "4611686018428172216"
    }, {
      "d" : "1756447639363387696",
      "t" : 1756447639363,
      "tn" : 1756447639363387696,
      "q" : "58",
      "p" : "0.12367",
      "s" : "buy",
      "i" : "TNSRUSD-PERP",
      "m" : "4611686018428172215"
    }, {
      "d" : "1756447639363386197",
      "t" : 1756447639363,
      "tn" : 1756447639363386197,
      "q" : "1",
      "p" : "0.12341",
      "s" : "buy",
      "i" : "TNSRUSD-PERP",
      "m" : "4611686018428172214"
    }, {
      "d" : "1756447639363383563",
      "t" : 1756447639363,
      "tn" : 1756447639363383563,
      "q" : "1",
      "p" : "0.12339",
      "s" : "buy",
      "i" : "TNSRUSD-PERP",
      "m" : "4611686018428172213"
    }, {
      "d" : "1756447623582625767",
      "t" : 1756447623582,
      "tn" : 1756447623582625767,
      "q" : "58",
      "p" : "0.12366",
      "s" : "buy",
      "i" : "TNSRUSD-PERP",
      "m" : "4611686018428172212"
    }, {
      "d" : "1756447623582623853",
      "t" : 1756447623582,
      "tn" : 1756447623582623853,
      "q" : "1",
      "p" : "0.12331",
      "s" : "buy",
      "i" : "TNSRUSD-PERP",
      "m" : "4611686018428172211"
    }, {
      "d" : "1756447623582621559",
      "t" : 1756447623582,
      "tn" : 1756447623582621559,
      "q" : "1",
      "p" : "0.12329",
      "s" : "buy",
      "i" : "TNSRUSD-PERP",
      "m" : "4611686018428172210"
    }, {
      "d" : "1756447607756855434",
      "t" : 1756447607756,
      "tn" : 1756447607756855434,
      "q" : "58",
      "p" : "0.12357",
      "s" : "buy",
      "i" : "TNSRUSD-PERP",
      "m" : "4611686018428172209"
    }, {
      "d" : "1756447607756853467",
      "t" : 1756447607756,
      "tn" : 1756447607756853467,
      "q" : "1",
      "p" : "0.12331",
      "s" : "buy",
      "i" : "TNSRUSD-PERP",
      "m" : "4611686018428172208"
    }, {
      "d" : "1756447607756850820",
      "t" : 1756447607756,
      "tn" : 1756447607756850820,
      "q" : "1",
      "p" : "0.12329",
      "s" : "buy",
      "i" : "TNSRUSD-PERP",
      "m" : "4611686018428172207"
    }, {
      "d" : "1756447591874377587",
      "t" : 1756447591874,
      "tn" : 1756447591874377587,
      "q" : "58",
      "p" : "0.12345",
      "s" : "buy",
      "i" : "TNSRUSD-PERP",
      "m" : "4611686018428172206"
    }, {
      "d" : "1756447591874375809",
      "t" : 1756447591874,
      "tn" : 1756447591874375809,
      "q" : "1",
      "p" : "0.12311",
      "s" : "buy",
      "i" : "TNSRUSD-PERP",
      "m" : "4611686018428172205"
    }, {
      "d" : "1756447591874373434",
      "t" : 1756447591874,
      "tn" : 1756447591874373434,
      "q" : "1",
      "p" : "0.12308",
      "s" : "buy",
      "i" : "TNSRUSD-PERP",
      "m" : "4611686018428172204"
    }, {
      "d" : "1756447576106007874",
      "t" : 1756447576106,
      "tn" : 1756447576106007874,
      "q" : "58",
      "p" : "0.12345",
      "s" : "buy",
      "i" : "TNSRUSD-PERP",
      "m" : "4611686018428172203"
    }, {
      "d" : "1756447576106006033",
      "t" : 1756447576106,
      "tn" : 1756447576106006033,
      "q" : "1",
      "p" : "0.12311",
      "s" : "buy",
      "i" : "TNSRUSD-PERP",
      "m" : "4611686018428172202"
    }, {
      "d" : "1756447576106003336",
      "t" : 1756447576106,
      "tn" : 1756447576106003336,
      "q" : "1",
      "p" : "0.12308",
      "s" : "buy",
      "i" : "TNSRUSD-PERP",
      "m" : "4611686018428172201"
    }, {
      "d" : "1756447560204732784",
      "t" : 1756447560204,
      "tn" : 1756447560204732784,
      "q" : "58",
      "p" : "0.12345",
      "s" : "buy",
      "i" : "TNSRUSD-PERP",
      "m" : "4611686018428172200"
    }, {
      "d" : "1756447560204731867",
      "t" : 1756447560204,
      "tn" : 1756447560204731867,
      "q" : "1",
      "p" : "0.12311",
      "s" : "buy",
      "i" : "TNSRUSD-PERP",
      "m" : "4611686018428172199"
    }, {
      "d" : "1756447560204728910",
      "t" : 1756447560204,
      "tn" : 1756447560204728910,
      "q" : "1",
      "p" : "0.12308",
      "s" : "buy",
      "i" : "TNSRUSD-PERP",
      "m" : "4611686018428172198"
    }, {
      "d" : "1756447544448623029",
      "t" : 1756447544448,
      "tn" : 1756447544448623029,
      "q" : "58",
      "p" : "0.12346",
      "s" : "buy",
      "i" : "TNSRUSD-PERP",
      "m" : "4611686018428172197"
    }, {
      "d" : "1756447544448620980",
      "t" : 1756447544448,
      "tn" : 1756447544448620980,
      "q" : "1",
      "p" : "0.12311",
      "s" : "buy",
      "i" : "TNSRUSD-PERP",
      "m" : "4611686018428172196"
    }, {
      "d" : "1756447544448618529",
      "t" : 1756447544448,
      "tn" : 1756447544448618529,
      "q" : "1",
      "p" : "0.12308",
      "s" : "buy",
      "i" : "TNSRUSD-PERP",
      "m" : "4611686018428172195"
    }, {
      "d" : "1756447528749732080",
      "t" : 1756447528749,
      "tn" : 1756447528749732080,
      "q" : "58",
      "p" : "0.12346",
      "s" : "buy",
      "i" : "TNSRUSD-PERP",
      "m" : "4611686018428172194"
    }, {
      "d" : "1756447528749730308",
      "t" : 1756447528749,
      "tn" : 1756447528749730308,
      "q" : "1",
      "p" : "0.12311",
      "s" : "buy",
      "i" : "TNSRUSD-PERP",
      "m" : "4611686018428172193"
    }, {
      "d" : "1756447528749727873",
      "t" : 1756447528749,
      "tn" : 1756447528749727873,
      "q" : "1",
      "p" : "0.12308",
      "s" : "buy",
      "i" : "TNSRUSD-PERP",
      "m" : "4611686018428172192"
    }, {
      "d" : "1756447512979055557",
      "t" : 1756447512979,
      "tn" : 1756447512979055557,
      "q" : "58",
      "p" : "0.12347",
      "s" : "buy",
      "i" : "TNSRUSD-PERP",
      "m" : "4611686018428172191"
    }, {
      "d" : "1756447512979053888",
      "t" : 1756447512979,
      "tn" : 1756447512979053888,
      "q" : "1",
      "p" : "0.12313",
      "s" : "buy",
      "i" : "TNSRUSD-PERP",
      "m" : "4611686018428172190"
    }, {
      "d" : "1756447512979051137",
      "t" : 1756447512979,
      "tn" : 1756447512979051137,
      "q" : "1",
      "p" : "0.12308",
      "s" : "buy",
      "i" : "TNSRUSD-PERP",
      "m" : "4611686018428172189"
    }, {
      "d" : "1756447497048618300",
      "t" : 1756447497048,
      "tn" : 1756447497048618300,
      "q" : "58",
      "p" : "0.12357",
      "s" : "buy",
      "i" : "TNSRUSD-PERP",
      "m" : "4611686018428172188"
    }, {
      "d" : "1756447497048616480",
      "t" : 1756447497048,
      "tn" : 1756447497048616480,
      "q" : "1",
      "p" : "0.12331",
      "s" : "buy",
      "i" : "TNSRUSD-PERP",
      "m" : "4611686018428172187"
    }, {
      "d" : "1756447497048614421",
      "t" : 1756447497048,
      "tn" : 1756447497048614421,
      "q" : "1",
      "p" : "0.12328",
      "s" : "buy",
      "i" : "TNSRUSD-PERP",
      "m" : "4611686018428172186"
    }, {
      "d" : "1756447481348559473",
      "t" : 1756447481348,
      "tn" : 1756447481348559473,
      "q" : "58",
      "p" : "0.12357",
      "s" : "buy",
      "i" : "TNSRUSD-PERP",
      "m" : "4611686018428172185"
    }, {
      "d" : "1756447481348557776",
      "t" : 1756447481348,
      "tn" : 1756447481348557776,
      "q" : "1",
      "p" : "0.12331",
      "s" : "buy",
      "i" : "TNSRUSD-PERP",
      "m" : "4611686018428172184"
    }, {
      "d" : "1756447481348554419",
      "t" : 1756447481348,
      "tn" : 1756447481348554419,
      "q" : "1",
      "p" : "0.12328",
      "s" : "buy",
      "i" : "TNSRUSD-PERP",
      "m" : "4611686018428172183"
    }, {
      "d" : "1756447466561757475",
      "t" : 1756447466561,
      "tn" : 1756447466561757475,
      "q" : "58",
      "p" : "0.12347",
      "s" : "buy",
      "i" : "TNSRUSD-PERP",
      "m" : "4611686018428172182"
    }, {
      "d" : "1756447466561755619",
      "t" : 1756447466561,
      "tn" : 1756447466561755619,
      "q" : "1",
      "p" : "0.12321",
      "s" : "buy",
      "i" : "TNSRUSD-PERP",
      "m" : "4611686018428172181"
    }, {
      "d" : "1756447466561752625",
      "t" : 1756447466561,
      "tn" : 1756447466561752625,
      "q" : "1",
      "p" : "0.12318",
      "s" : "buy",
      "i" : "TNSRUSD-PERP",
      "m" : "4611686018428172180"
    }, {
      "d" : "1756447450372360913",
      "t" : 1756447450372,
      "tn" : 1756447450372360913,
      "q" : "58",
      "p" : "0.12347",
      "s" : "buy",
      "i" : "TNSRUSD-PERP",
      "m" : "4611686018428172179"
    }, {
      "d" : "1756447450372359193",
      "t" : 1756447450372,
      "tn" : 1756447450372359193,
      "q" : "1",
      "p" : "0.12321",
      "s" : "buy",
      "i" : "TNSRUSD-PERP",
      "m" : "4611686018428172178"
    }, {
      "d" : "1756447450372355994",
      "t" : 1756447450372,
      "tn" : 1756447450372355994,
      "q" : "1",
      "p" : "0.12318",
      "s" : "buy",
      "i" : "TNSRUSD-PERP",
      "m" : "4611686018428172177"
    }, {
      "d" : "1756447434616287005",
      "t" : 1756447434616,
      "tn" : 1756447434616287005,
      "q" : "58",
      "p" : "0.12356",
      "s" : "buy",
      "i" : "TNSRUSD-PERP",
      "m" : "4611686018428172176"
    }, {
      "d" : "1756447434616285336",
      "t" : 1756447434616,
      "tn" : 1756447434616285336,
      "q" : "1",
      "p" : "0.12321",
      "s" : "buy",
      "i" : "TNSRUSD-PERP",
      "m" : "4611686018428172175"
    }, {
      "d" : "1756447434616282249",
      "t" : 1756447434616,
      "tn" : 1756447434616282249,
      "q" : "1",
      "p" : "0.12318",
      "s" : "buy",
      "i" : "TNSRUSD-PERP",
      "m" : "4611686018428172174"
    }, {
      "d" : "1756447418983850606",
      "t" : 1756447418983,
      "tn" : 1756447418983850606,
      "q" : "58",
      "p" : "0.12356",
      "s" : "buy",
      "i" : "TNSRUSD-PERP",
      "m" : "4611686018428172173"
    }, {
      "d" : "1756447418983848660",
      "t" : 1756447418983,
      "tn" : 1756447418983848660,
      "q" : "1",
      "p" : "0.12321",
      "s" : "buy",
      "i" : "TNSRUSD-PERP",
      "m" : "4611686018428172172"
    }, {
      "d" : "1756447418983845506",
      "t" : 1756447418983,
      "tn" : 1756447418983845506,
      "q" : "1",
      "p" : "0.12318",
      "s" : "buy",
      "i" : "TNSRUSD-PERP",
      "m" : "4611686018428172171"
    }, {
      "d" : "1756447403217122103",
      "t" : 1756447403217,
      "tn" : 1756447403217122103,
      "q" : "58",
      "p" : "0.12357",
      "s" : "buy",
      "i" : "TNSRUSD-PERP",
      "m" : "4611686018428172170"
    }, {
      "d" : "1756447403217120442",
      "t" : 1756447403217,
      "tn" : 1756447403217120442,
      "q" : "1",
      "p" : "0.12321",
      "s" : "buy",
      "i" : "TNSRUSD-PERP",
      "m" : "4611686018428172169"
    }, {
      "d" : "1756447403217117776",
      "t" : 1756447403217,
      "tn" : 1756447403217117776,
      "q" : "1",
      "p" : "0.12318",
      "s" : "buy",
      "i" : "TNSRUSD-PERP",
      "m" : "4611686018428172168"
    }, {
      "d" : "1756447387538621153",
      "t" : 1756447387538,
      "tn" : 1756447387538621153,
      "q" : "58",
      "p" : "0.12366",
      "s" : "buy",
      "i" : "TNSRUSD-PERP",
      "m" : "4611686018428172167"
    }, {
      "d" : "1756447387538619757",
      "t" : 1756447387538,
      "tn" : 1756447387538619757,
      "q" : "1",
      "p" : "0.12331",
      "s" : "buy",
      "i" : "TNSRUSD-PERP",
      "m" : "4611686018428172166"
    }, {
      "d" : "1756447387538617040",
      "t" : 1756447387538,
      "tn" : 1756447387538617040,
      "q" : "1",
      "p" : "0.12328",
      "s" : "buy",
      "i" : "TNSRUSD-PERP",
      "m" : "4611686018428172165"
    }, {
      "d" : "1756447372708719189",
      "t" : 1756447372708,
      "tn" : 1756447372708719189,
      "q" : "58",
      "p" : "0.12365",
      "s" : "buy",
      "i" : "TNSRUSD-PERP",
      "m" : "4611686018428172164"
    }, {
      "d" : "1756447372708717218",
      "t" : 1756447372708,
      "tn" : 1756447372708717218,
      "q" : "1",
      "p" : "0.12331",
      "s" : "buy",
      "i" : "TNSRUSD-PERP",
      "m" : "4611686018428172163"
    }, {
      "d" : "1756447372708714575",
      "t" : 1756447372708,
      "tn" : 1756447372708714575,
      "q" : "1",
      "p" : "0.12328",
      "s" : "buy",
      "i" : "TNSRUSD-PERP",
      "m" : "4611686018428172162"
    }, {
      "d" : "1756447356769052559",
      "t" : 1756447356769,
      "tn" : 1756447356769052559,
      "q" : "58",
      "p" : "0.12367",
      "s" : "buy",
      "i" : "TNSRUSD-PERP",
      "m" : "4611686018428172161"
    }, {
      "d" : "1756447356769050836",
      "t" : 1756447356769,
      "tn" : 1756447356769050836,
      "q" : "1",
      "p" : "0.12341",
      "s" : "buy",
      "i" : "TNSRUSD-PERP",
      "m" : "4611686018428172160"
    }, {
      "d" : "1756447356769048021",
      "t" : 1756447356769,
      "tn" : 1756447356769048021,
      "q" : "1",
      "p" : "0.12338",
      "s" : "buy",
      "i" : "TNSRUSD-PERP",
      "m" : "4611686018428172159"
    }, {
      "d" : "1756447340867083795",
      "t" : 1756447340867,
      "tn" : 1756447340867083795,
      "q" : "58",
      "p" : "0.12375",
      "s" : "buy",
      "i" : "TNSRUSD-PERP",
      "m" : "4611686018428172158"
    }, {
      "d" : "1756447340867080276",
      "t" : 1756447340867,
      "tn" : 1756447340867080276,
      "q" : "1",
      "p" : "0.12341",
      "s" : "buy",
      "i" : "TNSRUSD-PERP",
      "m" : "4611686018428172157"
    }, {
      "d" : "1756447340867077826",
      "t" : 1756447340867,
      "tn" : 1756447340867077826,
      "q" : "1",
      "p" : "0.12338",
      "s" : "buy",
      "i" : "TNSRUSD-PERP",
      "m" : "4611686018428172156"
    }, {
      "d" : "1756447325028193737",
      "t" : 1756447325028,
      "tn" : 1756447325028193737,
      "q" : "58",
      "p" : "0.12386",
      "s" : "buy",
      "i" : "TNSRUSD-PERP",
      "m" : "4611686018428172155"
    }, {
      "d" : "1756447325028191937",
      "t" : 1756447325028,
      "tn" : 1756447325028191937,
      "q" : "1",
      "p" : "0.12351",
      "s" : "buy",
      "i" : "TNSRUSD-PERP",
      "m" : "4611686018428172154"
    }, {
      "d" : "1756447325028189714",
      "t" : 1756447325028,
      "tn" : 1756447325028189714,
      "q" : "1",
      "p" : "0.12348",
      "s" : "buy",
      "i" : "TNSRUSD-PERP",
      "m" : "4611686018428172153"
    }, {
      "d" : "1756447309391066014",
      "t" : 1756447309391,
      "tn" : 1756447309391066014,
      "q" : "58",
      "p" : "0.12367",
      "s" : "buy",
      "i" : "TNSRUSD-PERP",
      "m" : "4611686018428172152"
    }, {
      "d" : "1756447309391064265",
      "t" : 1756447309391,
      "tn" : 1756447309391064265,
      "q" : "1",
      "p" : "0.12331",
      "s" : "buy",
      "i" : "TNSRUSD-PERP",
      "m" : "4611686018428172151"
    }, {
      "d" : "1756447309391061412",
      "t" : 1756447309391,
      "tn" : 1756447309391061412,
      "q" : "1",
      "p" : "0.12328",
      "s" : "buy",
      "i" : "TNSRUSD-PERP",
      "m" : "4611686018428172150"
    }, {
      "d" : "1756447293450298869",
      "t" : 1756447293450,
      "tn" : 1756447293450298869,
      "q" : "58",
      "p" : "0.12377",
      "s" : "buy",
      "i" : "TNSRUSD-PERP",
      "m" : "4611686018428172149"
    }, {
      "d" : "1756447293450297166",
      "t" : 1756447293450,
      "tn" : 1756447293450297166,
      "q" : "1",
      "p" : "0.12357",
      "s" : "buy",
      "i" : "TNSRUSD-PERP",
      "m" : "4611686018428172148"
    }, {
      "d" : "1756447293450294216",
      "t" : 1756447293450,
      "tn" : 1756447293450294216,
      "q" : "1",
      "p" : "0.12348",
      "s" : "buy",
      "i" : "TNSRUSD-PERP",
      "m" : "4611686018428172147"
    }, {
      "d" : "1756447277587551697",
      "t" : 1756447277587,
      "tn" : 1756447277587551697,
      "q" : "58",
      "p" : "0.12376",
      "s" : "buy",
      "i" : "TNSRUSD-PERP",
      "m" : "4611686018428172146"
    }, {
      "d" : "1756447277587548575",
      "t" : 1756447277587,
      "tn" : 1756447277587548575,
      "q" : "1",
      "p" : "0.12341",
      "s" : "buy",
      "i" : "TNSRUSD-PERP",
      "m" : "4611686018428172145"
    }, {
      "d" : "1756447277587545881",
      "t" : 1756447277587,
      "tn" : 1756447277587545881,
      "q" : "1",
      "p" : "0.12338",
      "s" : "buy",
      "i" : "TNSRUSD-PERP",
      "m" : "4611686018428172144"
    }, {
      "d" : "1756447261937874566",
      "t" : 1756447261937,
      "tn" : 1756447261937874566,
      "q" : "58",
      "p" : "0.12367",
      "s" : "buy",
      "i" : "TNSRUSD-PERP",
      "m" : "4611686018428172143"
    }, {
      "d" : "1756447261937872709",
      "t" : 1756447261937,
      "tn" : 1756447261937872709,
      "q" : "1",
      "p" : "0.12341",
      "s" : "buy",
      "i" : "TNSRUSD-PERP",
      "m" : "4611686018428172142"
    }, {
      "d" : "1756447261937870021",
      "t" : 1756447261937,
      "tn" : 1756447261937870021,
      "q" : "1",
      "p" : "0.12338",
      "s" : "buy",
      "i" : "TNSRUSD-PERP",
      "m" : "4611686018428172141"
    }, {
      "d" : "1756447246014175019",
      "t" : 1756447246014,
      "tn" : 1756447246014175019,
      "q" : "58",
      "p" : "0.12367",
      "s" : "buy",
      "i" : "TNSRUSD-PERP",
      "m" : "4611686018428172140"
    }, {
      "d" : "1756447246014173301",
      "t" : 1756447246014,
      "tn" : 1756447246014173301,
      "q" : "1",
      "p" : "0.12331",
      "s" : "buy",
      "i" : "TNSRUSD-PERP",
      "m" : "4611686018428172139"
    }, {
      "d" : "1756447246014170834",
      "t" : 1756447246014,
      "tn" : 1756447246014170834,
      "q" : "1",
      "p" : "0.12328",
      "s" : "buy",
      "i" : "TNSRUSD-PERP",
      "m" : "4611686018428172138"
    }, {
      "d" : "1756447231072889728",
      "t" : 1756447231072,
      "tn" : 1756447231072889728,
      "q" : "58",
      "p" : "0.12356",
      "s" : "buy",
      "i" : "TNSRUSD-PERP",
      "m" : "4611686018428172137"
    }, {
      "d" : "1756447231072888011",
      "t" : 1756447231072,
      "tn" : 1756447231072888011,
      "q" : "1",
      "p" : "0.12321",
      "s" : "buy",
      "i" : "TNSRUSD-PERP",
      "m" : "4611686018428172136"
    }, {
      "d" : "1756447231072885509",
      "t" : 1756447231072,
      "tn" : 1756447231072885509,
      "q" : "1",
      "p" : "0.12318",
      "s" : "buy",
      "i" : "TNSRUSD-PERP",
      "m" : "4611686018428172135"
    }, {
      "d" : "1756447214623438801",
      "t" : 1756447214623,
      "tn" : 1756447214623438801,
      "q" : "58",
      "p" : "0.12356",
      "s" : "buy",
      "i" : "TNSRUSD-PERP",
      "m" : "4611686018428172134"
    }, {
      "d" : "1756447214623436855",
      "t" : 1756447214623,
      "tn" : 1756447214623436855,
      "q" : "1",
      "p" : "0.12321",
      "s" : "buy",
      "i" : "TNSRUSD-PERP",
      "m" : "4611686018428172133"
    }, {
      "d" : "1756447214623434452",
      "t" : 1756447214623,
      "tn" : 1756447214623434452,
      "q" : "1",
      "p" : "0.12318",
      "s" : "buy",
      "i" : "TNSRUSD-PERP",
      "m" : "4611686018428172132"
    }, {
      "d" : "1756447199281636145",
      "t" : 1756447199281,
      "tn" : 1756447199281636145,
      "q" : "58",
      "p" : "0.12358",
      "s" : "buy",
      "i" : "TNSRUSD-PERP",
      "m" : "4611686018428172131"
    }, {
      "d" : "1756447199281634465",
      "t" : 1756447199281,
      "tn" : 1756447199281634465,
      "q" : "1",
      "p" : "0.12321",
      "s" : "buy",
      "i" : "TNSRUSD-PERP",
      "m" : "4611686018428172130"
    }, {
      "d" : "1756447199281631687",
      "t" : 1756447199281,
      "tn" : 1756447199281631687,
      "q" : "1",
      "p" : "0.12318",
      "s" : "buy",
      "i" : "TNSRUSD-PERP",
      "m" : "4611686018428172129"
    }, {
      "d" : "1756447183579529457",
      "t" : 1756447183579,
      "tn" : 1756447183579529457,
      "q" : "58",
      "p" : "0.12358",
      "s" : "buy",
      "i" : "TNSRUSD-PERP",
      "m" : "4611686018428172128"
    }, {
      "d" : "1756447183579527859",
      "t" : 1756447183579,
      "tn" : 1756447183579527859,
      "q" : "1",
      "p" : "0.12331",
      "s" : "buy",
      "i" : "TNSRUSD-PERP",
      "m" : "4611686018428172127"
    }, {
      "d" : "1756447183579524738",
      "t" : 1756447183579,
      "tn" : 1756447183579524738,
      "q" : "1",
      "p" : "0.12328",
      "s" : "buy",
      "i" : "TNSRUSD-PERP",
      "m" : "4611686018428172126"
    }, {
      "d" : "1756447168805618147",
      "t" : 1756447168805,
      "tn" : 1756447168805618147,
      "q" : "58",
      "p" : "0.12358",
      "s" : "buy",
      "i" : "TNSRUSD-PERP",
      "m" : "4611686018428172125"
    }, {
      "d" : "1756447168805614947",
      "t" : 1756447168805,
      "tn" : 1756447168805614947,
      "q" : "1",
      "p" : "0.12331",
      "s" : "buy",
      "i" : "TNSRUSD-PERP",
      "m" : "4611686018428172124"
    }, {
      "d" : "1756447168805612212",
      "t" : 1756447168805,
      "tn" : 1756447168805612212,
      "q" : "1",
      "p" : "0.12328",
      "s" : "buy",
      "i" : "TNSRUSD-PERP",
      "m" : "4611686018428172123"
    }, {
      "d" : "1756447152674979700",
      "t" : 1756447152674,
      "tn" : 1756447152674979700,
      "q" : "58",
      "p" : "0.12358",
      "s" : "buy",
      "i" : "TNSRUSD-PERP",
      "m" : "4611686018428172122"
    }, {
      "d" : "1756447152674977696",
      "t" : 1756447152674,
      "tn" : 1756447152674977696,
      "q" : "1",
      "p" : "0.12321",
      "s" : "buy",
      "i" : "TNSRUSD-PERP",
      "m" : "4611686018428172121"
    }, {
      "d" : "1756447152674973327",
      "t" : 1756447152674,
      "tn" : 1756447152674973327,
      "q" : "1",
      "p" : "0.12318",
      "s" : "buy",
      "i" : "TNSRUSD-PERP",
      "m" : "4611686018428172120"
    }, {
      "d" : "1756447136945533435",
      "t" : 1756447136945,
      "tn" : 1756447136945533435,
      "q" : "58",
      "p" : "0.12358",
      "s" : "buy",
      "i" : "TNSRUSD-PERP",
      "m" : "4611686018428172119"
    }, {
      "d" : "1756447136945531596",
      "t" : 1756447136945,
      "tn" : 1756447136945531596,
      "q" : "1",
      "p" : "0.12331",
      "s" : "buy",
      "i" : "TNSRUSD-PERP",
      "m" : "4611686018428172118"
    }, {
      "d" : "1756447136945528560",
      "t" : 1756447136945,
      "tn" : 1756447136945528560,
      "q" : "1",
      "p" : "0.12328",
      "s" : "buy",
      "i" : "TNSRUSD-PERP",
      "m" : "4611686018428172117"
    }, {
      "d" : "1756447121173121720",
      "t" : 1756447121173,
      "tn" : 1756447121173121720,
      "q" : "58",
      "p" : "0.12355",
      "s" : "buy",
      "i" : "TNSRUSD-PERP",
      "m" : "4611686018428172116"
    }, {
      "d" : "1756447121173120112",
      "t" : 1756447121173,
      "tn" : 1756447121173120112,
      "q" : "1",
      "p" : "0.12321",
      "s" : "buy",
      "i" : "TNSRUSD-PERP",
      "m" : "4611686018428172115"
    }, {
      "d" : "1756447121173116094",
      "t" : 1756447121173,
      "tn" : 1756447121173116094,
      "q" : "1",
      "p" : "0.12318",
      "s" : "buy",
      "i" : "TNSRUSD-PERP",
      "m" : "4611686018428172114"
    }, {
      "d" : "1756447106110761759",
      "t" : 1756447106110,
      "tn" : 1756447106110761759,
      "q" : "58",
      "p" : "0.12356",
      "s" : "buy",
      "i" : "TNSRUSD-PERP",
      "m" : "4611686018428172113"
    }, {
      "d" : "1756447106110760118",
      "t" : 1756447106110,
      "tn" : 1756447106110760118,
      "q" : "1",
      "p" : "0.12321",
      "s" : "buy",
      "i" : "TNSRUSD-PERP",
      "m" : "4611686018428172112"
    }, {
      "d" : "1756447106110757646",
      "t" : 1756447106110,
      "tn" : 1756447106110757646,
      "q" : "1",
      "p" : "0.12318",
      "s" : "buy",
      "i" : "TNSRUSD-PERP",
      "m" : "4611686018428172111"
    }, {
      "d" : "1756447090897700385",
      "t" : 1756447090897,
      "tn" : 1756447090897700385,
      "q" : "58",
      "p" : "0.12348",
      "s" : "buy",
      "i" : "TNSRUSD-PERP",
      "m" : "4611686018428172110"
    }, {
      "d" : "1756447090897698833",
      "t" : 1756447090897,
      "tn" : 1756447090897698833,
      "q" : "1",
      "p" : "0.12321",
      "s" : "buy",
      "i" : "TNSRUSD-PERP",
      "m" : "4611686018428172109"
    }, {
      "d" : "1756447090897696013",
      "t" : 1756447090897,
      "tn" : 1756447090897696013,
      "q" : "1",
      "p" : "0.12318",
      "s" : "buy",
      "i" : "TNSRUSD-PERP",
      "m" : "4611686018428172108"
    }, {
      "d" : "1756447074196808021",
      "t" : 1756447074196,
      "tn" : 1756447074196808021,
      "q" : "58",
      "p" : "0.12348",
      "s" : "buy",
      "i" : "TNSRUSD-PERP",
      "m" : "4611686018428172107"
    }, {
      "d" : "1756447074196806285",
      "t" : 1756447074196,
      "tn" : 1756447074196806285,
      "q" : "1",
      "p" : "0.12321",
      "s" : "buy",
      "i" : "TNSRUSD-PERP",
      "m" : "4611686018428172106"
    }, {
      "d" : "1756447074196803644",
      "t" : 1756447074196,
      "tn" : 1756447074196803644,
      "q" : "1",
      "p" : "0.12318",
      "s" : "buy",
      "i" : "TNSRUSD-PERP",
      "m" : "4611686018428172105"
    }, {
      "d" : "1756447058299572720",
      "t" : 1756447058299,
      "tn" : 1756447058299572720,
      "q" : "58",
      "p" : "0.12348",
      "s" : "buy",
      "i" : "TNSRUSD-PERP",
      "m" : "4611686018428172104"
    }, {
      "d" : "1756447058299570928",
      "t" : 1756447058299,
      "tn" : 1756447058299570928,
      "q" : "1",
      "p" : "0.12321",
      "s" : "buy",
      "i" : "TNSRUSD-PERP",
      "m" : "4611686018428172103"
    }, {
      "d" : "1756447058299568693",
      "t" : 1756447058299,
      "tn" : 1756447058299568693,
      "q" : "1",
      "p" : "0.12318",
      "s" : "buy",
      "i" : "TNSRUSD-PERP",
      "m" : "4611686018428172102"
    }, {
      "d" : "1756447043525972911",
      "t" : 1756447043525,
      "tn" : 1756447043525972911,
      "q" : "58",
      "p" : "0.12348",
      "s" : "buy",
      "i" : "TNSRUSD-PERP",
      "m" : "4611686018428172101"
    }, {
      "d" : "1756447043525971385",
      "t" : 1756447043525,
      "tn" : 1756447043525971385,
      "q" : "1",
      "p" : "0.12311",
      "s" : "buy",
      "i" : "TNSRUSD-PERP",
      "m" : "4611686018428172100"
    }, {
      "d" : "1756447043525968566",
      "t" : 1756447043525,
      "tn" : 1756447043525968566,
      "q" : "1",
      "p" : "0.12308",
      "s" : "buy",
      "i" : "TNSRUSD-PERP",
      "m" : "4611686018428172099"
    }, {
      "d" : "1756447028059186350",
      "t" : 1756447028059,
      "tn" : 1756447028059186350,
      "q" : "58",
      "p" : "0.12345",
      "s" : "buy",
      "i" : "TNSRUSD-PERP",
      "m" : "4611686018428172098"
    }, {
      "d" : "1756447028059184426",
      "t" : 1756447028059,
      "tn" : 1756447028059184426,
      "q" : "1",
      "p" : "0.12312",
      "s" : "buy",
      "i" : "TNSRUSD-PERP",
      "m" : "4611686018428172097"
    }, {
      "d" : "1756447028059181315",
      "t" : 1756447028059,
      "tn" : 1756447028059181315,
      "q" : "1",
      "p" : "0.12308",
      "s" : "buy",
      "i" : "TNSRUSD-PERP",
      "m" : "4611686018428172096"
    }, {
      "d" : "1756447012224847805",
      "t" : 1756447012224,
      "tn" : 1756447012224847805,
      "q" : "58",
      "p" : "0.12356",
      "s" : "buy",
      "i" : "TNSRUSD-PERP",
      "m" : "4611686018428172095"
    }, {
      "d" : "1756447012224846139",
      "t" : 1756447012224,
      "tn" : 1756447012224846139,
      "q" : "1",
      "p" : "0.12321",
      "s" : "buy",
      "i" : "TNSRUSD-PERP",
      "m" : "4611686018428172094"
    }, {
      "d" : "1756447012224843419",
      "t" : 1756447012224,
      "tn" : 1756447012224843419,
      "q" : "1",
      "p" : "0.12318",
      "s" : "buy",
      "i" : "TNSRUSD-PERP",
      "m" : "4611686018428172093"
    }, {
      "d" : "1756446996559588751",
      "t" : 1756446996559,
      "tn" : 1756446996559588751,
      "q" : "58",
      "p" : "0.12356",
      "s" : "buy",
      "i" : "TNSRUSD-PERP",
      "m" : "4611686018428172092"
    }, {
      "d" : "1756446996559587051",
      "t" : 1756446996559,
      "tn" : 1756446996559587051,
      "q" : "1",
      "p" : "0.12321",
      "s" : "buy",
      "i" : "TNSRUSD-PERP",
      "m" : "4611686018428172091"
    }, {
      "d" : "1756446996559584768",
      "t" : 1756446996559,
      "tn" : 1756446996559584768,
      "q" : "1",
      "p" : "0.12318",
      "s" : "buy",
      "i" : "TNSRUSD-PERP",
      "m" : "4611686018428172090"
    } ]
  }
}