{
  "id" : -1,
  "method" : "public/get-trades",
  "code" : 0,
  "result" : {
    "data" : [ {
      "d" : "1756462444197650017",
      "t" : 1756462444197,
      "tn" : 1756462444197650017,
      "q" : "0.38",
      "p" : "3.0529",
      "s" : "sell",
      "i" : "TON_USD",
      "m" : "4611686018428670920"
    }, {
      "d" : "1756462444197646241",
      "t" : 1756462444197,
      "tn" : 1756462444197646241,
      "q" : "0.65",
      "p" : "3.0530",
      "s" : "sell",
      "i" : "TON_USD",
      "m" : "4611686018428670919"
    }, {
      "d" : "1756462431972623503",
      "t" : 1756462431972,
      "tn" : 1756462431972623503,
      "q" : "0.01",
      "p" : "3.0569",
      "s" : "sell",
      "i" : "TON_USD",
      "m" : "4611686018428670918"
    }, {
      "d" : "1756462419800706004",
      "t" : 1756462419800,
      "tn" : 1756462419800706004,
      "q" : "0.65",
      "p" : "3.0574",
      "s" : "sell",
      "i" : "TON_USD",
      "m" : "4611686018428670917"
    }, {
      "d" : "1756462241582433428",
      "t" : 1756462241582,
      "tn" : 1756462241582433428,
      "q" : "154.91",
      "p" : "3.0569",
      "s" : "sell",
      "i" : "TON_USD",
      "m" : "4611686018428670916"
    }, {
      "d" : "1756462240771273316",
      "t" : 1756462240771,
      "tn" : 1756462240771273316,
      "q" : "345.08",
      "p" : "3.0569",
      "s" : "sell",
      "i" : "TON_USD",
      "m" : "4611686018428670915"
    }, {
      "d" : "1756462199343292529",
      "t" : 1756462199343,
      "tn" : 1756462199343292529,
      "q" : "1.31",
      "p" : "3.0572",
      "s" : "sell",
      "i" : "TON_USD",
      "m" : "4611686018428670914"
    }, {
      "d" : "1756461979760782460",
      "t" : 1756461979760,
      "tn" : 1756461979760782460,
      "q" : "0.38",
      "p" : "3.0560",
      "s" : "buy",
      "i" : "TON_USD",
      "m" : "4611686018428670913"
    }, {
      "d" : "1756461979760779174",
      "t" : 1756461979760,
      "tn" : 1756461979760779174,
      "q" : "0.65",
      "p" : "3.0559",
      "s" : "buy",
      "i" : "TON_USD",
      "m" : "4611686018428670912"
    }, {
      "d" : "1756461922191440096",
      "t" : 1756461922191,
      "tn" : 1756461922191440096,
      "q" : "48.64",
      "p" : "3.0559",
      "s" : "buy",
      "i" : "TON_USD",
      "m" : "4611686018428670911"
    }, {
      "d" : "1756461922191436031",
      "t" : 1756461922191,
      "tn" : 1756461922191436031,
      "q" : "0.65",
      "p" : "3.0551",
      "s" : "buy",
      "i" : "TON_USD",
      "m" : "4611686018428670910"
    }, {
      "d" : "1756461922191432495",
      "t" : 1756461922191,
      "tn" : 1756461922191432495,
      "q" : "0.38",
      "p" : "3.0550",
      "s" : "buy",
      "i" : "TON_USD",
      "m" : "4611686018428670909"
    }, {
      "d" : "1756461920954382028",
      "t" : 1756461920954,
      "tn" : 1756461920954382028,
      "q" : "0.38",
      "p" : "3.0549",
      "s" : "sell",
      "i" : "TON_USD",
      "m" : "4611686018428670908"
    }, {
      "d" : "1756461920954379519",
      "t" : 1756461920954,
      "tn" : 1756461920954379519,
      "q" : "0.65",
      "p" : "3.0551",
      "s" : "sell",
      "i" : "TON_USD",
      "m" : "4611686018428670907"
    }, {
      "d" : "1756461895157508044",
      "t" : 1756461895157,
      "tn" : 1756461895157508044,
      "q" : "0.38",
      "p" : "3.0550",
      "s" : "buy",
      "i" : "TON_USD",
      "m" : "4611686018428670906"
    }, {
      "d" : "1756461888344329299",
      "t" : 1756461888344,
      "tn" : 1756461888344329299,
      "q" : "79.40",
      "p" : "3.0541",
      "s" : "buy",
      "i" : "TON_USD",
      "m" : "4611686018428670905"
    }, {
      "d" : "1756461888264596852",
      "t" : 1756461888264,
      "tn" : 1756461888264596852,
      "q" : "15.80",
      "p" : "3.0541",
      "s" : "buy",
      "i" : "TON_USD",
      "m" : "4611686018428670904"
    }, {
      "d" : "1756461888234059168",
      "t" : 1756461888234,
      "tn" : 1756461888234059168,
      "q" : "404.80",
      "p" : "3.0541",
      "s" : "buy",
      "i" : "TON_USD",
      "m" : "4611686018428670903"
    }, {
      "d" : "1756461809609510579",
      "t" : 1756461809609,
      "tn" : 1756461809609510579,
      "q" : "0.38",
      "p" : "3.0529",
      "s" : "sell",
      "i" : "TON_USD",
      "m" : "4611686018428670902"
    }, {
      "d" : "1756461809609508522",
      "t" : 1756461809609,
      "tn" : 1756461809609508522,
      "q" : "0.65",
      "p" : "3.0534",
      "s" : "sell",
      "i" : "TON_USD",
      "m" : "4611686018428670901"
    }, {
      "d" : "1756461809550468018",
      "t" : 1756461809550,
      "tn" : 1756461809550468018,
      "q" : "126.94",
      "p" : "3.0541",
      "s" : "sell",
      "i" : "TON_USD",
      "m" : "4611686018428670900"
    }, {
      "d" : "1756461809543212334",
      "t" : 1756461809543,
      "tn" : 1756461809543212334,
      "q" : "373.06",
      "p" : "3.0541",
      "s" : "sell",
      "i" : "TON_USD",
      "m" : "4611686018428670899"
    }, {
      "d" : "1756461753575832862",
      "t" : 1756461753575,
      "tn" : 1756461753575832862,
      "q" : "146.98",
      "p" : "3.0539",
      "s" : "buy",
      "i" : "TON_USD",
      "m" : "4611686018428670898"
    }, {
      "d" : "1756461753474801758",
      "t" : 1756461753474,
      "tn" : 1756461753474801758,
      "q" : "49.90",
      "p" : "3.0539",
      "s" : "buy",
      "i" : "TON_USD",
      "m" : "4611686018428670897"
    }, {
      "d" : "1756461753430491591",
      "t" : 1756461753430,
      "tn" : 1756461753430491591,
      "q" : "15.90",
      "p" : "3.0539",
      "s" : "buy",
      "i" : "TON_USD",
      "m" : "4611686018428670896"
    }, {
      "d" : "1756461753373211030",
      "t" : 1756461753373,
      "tn" : 1756461753373211030,
      "q" : "287.22",
      "p" : "3.0539",
      "s" : "buy",
      "i" : "TON_USD",
      "m" : "4611686018428670895"
    }, {
      "d" : "1756461609713260882",
      "t" : 1756461609713,
      "tn" : 1756461609713260882,
      "q" : "0.38",
      "p" : "3.0530",
      "s" : "buy",
      "i" : "TON_USD",
      "m" : "4611686018428670894"
    }, {
      "d" : "1756461609713258963",
      "t" : 1756461609713,
      "tn" : 1756461609713258963,
      "q" : "0.65",
      "p" : "3.0529",
      "s" : "buy",
      "i" : "TON_USD",
      "m" : "4611686018428670893"
    }, {
      "d" : "1756461310424805820",
      "t" : 1756461310424,
      "tn" : 1756461310424805819,
      "q" : "0.38",
      "p" : "3.0539",
      "s" : "sell",
      "i" : "TON_USD",
      "m" : "4611686018428670892"
    }, {
      "d" : "1756461310424805819",
      "t" : 1756461310424,
      "tn" : 1756461310424805819,
      "q" : "500.00",
      "p" : "3.0539",
      "s" : "sell",
      "i" : "TON_USD",
      "m" : "4611686018428670892"
    }, {
      "d" : "1756461263900216946",
      "t" : 1756461263900,
      "tn" : 1756461263900216946,
      "q" : "0.38",
      "p" : "3.0520",
      "s" : "buy",
      "i" : "TON_USD",
      "m" : "4611686018428670891"
    }, {
      "d" : "1756461246768244381",
      "t" : 1756461246768,
      "tn" : 1756461246768244381,
      "q" : "49.51",
      "p" : "3.0496",
      "s" : "sell",
      "i" : "TON_USD",
      "m" : "4611686018428670890"
    }, {
      "d" : "1756461246768242488",
      "t" : 1756461246768,
      "tn" : 1756461246768242488,
      "q" : "0.38",
      "p" : "3.0509",
      "s" : "sell",
      "i" : "TON_USD",
      "m" : "4611686018428670889"
    }, {
      "d" : "1756461245524713748",
      "t" : 1756461245524,
      "tn" : 1756461245524713748,
      "q" : "65.53",
      "p" : "3.0517",
      "s" : "sell",
      "i" : "TON_USD",
      "m" : "4611686018428670888"
    }, {
      "d" : "1756461245524712008",
      "t" : 1756461245524,
      "tn" : 1756461245524712008,
      "q" : "0.38",
      "p" : "3.0519",
      "s" : "sell",
      "i" : "TON_USD",
      "m" : "4611686018428670887"
    }, {
      "d" : "1756461187165143963",
      "t" : 1756461187165,
      "tn" : 1756461187165143963,
      "q" : "0.65",
      "p" : "3.0505",
      "s" : "buy",
      "i" : "TON_USD",
      "m" : "4611686018428670886"
    }, {
      "d" : "1756461112491710457",
      "t" : 1756461112491,
      "tn" : 1756461112491710457,
      "q" : "0.38",
      "p" : "3.0509",
      "s" : "sell",
      "i" : "TON_USD",
      "m" : "4611686018428670885"
    }, {
      "d" : "1756461026056815601",
      "t" : 1756461026056,
      "tn" : 1756461026056815601,
      "q" : "0.65",
      "p" : "3.0517",
      "s" : "sell",
      "i" : "TON_USD",
      "m" : "4611686018428670884"
    }, {
      "d" : "1756461026056811988",
      "t" : 1756461026056,
      "tn" : 1756461026056811988,
      "q" : "0.38",
      "p" : "3.0519",
      "s" : "sell",
      "i" : "TON_USD",
      "m" : "4611686018428670883"
    }, {
      "d" : "1756461005690724263",
      "t" : 1756461005690,
      "tn" : 1756461005690724263,
      "q" : "46.35",
      "p" : "3.0544",
      "s" : "buy",
      "i" : "TON_USD",
      "m" : "4611686018428670882"
    }, {
      "d" : "1756461005690721234",
      "t" : 1756461005690,
      "tn" : 1756461005690721234,
      "q" : "3.28",
      "p" : "3.0543",
      "s" : "buy",
      "i" : "TON_USD",
      "m" : "4611686018428670881"
    }, {
      "d" : "1756461005690717729",
      "t" : 1756461005690,
      "tn" : 1756461005690717729,
      "q" : "0.38",
      "p" : "3.0540",
      "s" : "buy",
      "i" : "TON_USD",
      "m" : "4611686018428670880"
    }, {
      "d" : "1756461004457739068",
      "t" : 1756461004457,
      "tn" : 1756461004457739068,
      "q" : "0.65",
      "p" : "3.0547",
      "s" : "sell",
      "i" : "TON_USD",
      "m" : "4611686018428670879"
    }, {
      "d" : "1756460973717813878",
      "t" : 1756460973717,
      "tn" : 1756460973717813878,
      "q" : "0.65",
      "p" : "3.0554",
      "s" : "buy",
      "i" : "TON_USD",
      "m" : "4611686018428670878"
    }, {
      "d" : "1756460888025444654",
      "t" : 1756460888025,
      "tn" : 1756460888025444654,
      "q" : "484.59",
      "p" : "3.0499",
      "s" : "buy",
      "i" : "TON_USD",
      "m" : "4611686018428670877"
    }, {
      "d" : "1756460887983661981",
      "t" : 1756460887983,
      "tn" : 1756460887983661981,
      "q" : "15.41",
      "p" : "3.0499",
      "s" : "buy",
      "i" : "TON_USD",
      "m" : "4611686018428670876"
    }, {
      "d" : "1756460802189891553",
      "t" : 1756460802189,
      "tn" : 1756460802189891552,
      "q" : "500.00",
      "p" : "3.0499",
      "s" : "sell",
      "i" : "TON_USD",
      "m" : "4611686018428670875"
    }, {
      "d" : "1756460802189891552",
      "t" : 1756460802189,
      "tn" : 1756460802189891552,
      "q" : "0.38",
      "p" : "3.0499",
      "s" : "sell",
      "i" : "TON_USD",
      "m" : "4611686018428670875"
    }, {
      "d" : "1756460749350706915",
      "t" : 1756460749350,
      "tn" : 1756460749350706915,
      "q" : "0.38",
      "p" : "3.0479",
      "s" : "sell",
      "i" : "TON_USD",
      "m" : "4611686018428670874"
    }, {
      "d" : "1756460749321898630",
      "t" : 1756460749321,
      "tn" : 1756460749321898630,
      "q" : "0.38",
      "p" : "3.0489",
      "s" : "sell",
      "i" : "TON_USD",
      "m" : "4611686018428670873"
    }, {
      "d" : "1756460734125918794",
      "t" : 1756460734125,
      "tn" : 1756460734125918793,
      "q" : "237.93",
      "p" : "3.0475",
      "s" : "buy",
      "i" : "TON_USD",
      "m" : "4611686018428670872"
    }, {
      "d" : "1756460734125918793",
      "t" : 1756460734125,
      "tn" : 1756460734125918793,
      "q" : "500.00",
      "p" : "3.0475",
      "s" : "buy",
      "i" : "TON_USD",
      "m" : "4611686018428670872"
    }, {
      "d" : "1756460725881835732",
      "t" : 1756460725881,
      "tn" : 1756460725881835732,
      "q" : "0.38",
      "p" : "3.0470",
      "s" : "buy",
      "i" : "TON_USD",
      "m" : "4611686018428670871"
    }, {
      "d" : "1756460722621796958",
      "t" : 1756460722621,
      "tn" : 1756460722621796958,
      "q" : "238.24",
      "p" : "3.0467",
      "s" : "buy",
      "i" : "TON_USD",
      "m" : "4611686018428670870"
    }, {
      "d" : "1756460704704441264",
      "t" : 1756460704704,
      "tn" : 1756460704704441264,
      "q" : "0.38",
      "p" : "3.0468",
      "s" : "sell",
      "i" : "TON_USD",
      "m" : "4611686018428670869"
    }, {
      "d" : "1756460694035782360",
      "t" : 1756460694035,
      "tn" : 1756460694035782360,
      "q" : "222.72",
      "p" : "3.0470",
      "s" : "buy",
      "i" : "TON_USD",
      "m" : "4611686018428670868"
    }, {
      "d" : "1756460694026264859",
      "t" : 1756460694026,
      "tn" : 1756460694026264859,
      "q" : "15.90",
      "p" : "3.0470",
      "s" : "buy",
      "i" : "TON_USD",
      "m" : "4611686018428670867"
    }, {
      "d" : "1756460669578447114",
      "t" : 1756460669578,
      "tn" : 1756460669578447114,
      "q" : "0.38",
      "p" : "3.0474",
      "s" : "sell",
      "i" : "TON_USD",
      "m" : "4611686018428670866"
    }, {
      "d" : "1756460648644461065",
      "t" : 1756460648644,
      "tn" : 1756460648644461065,
      "q" : "191.97",
      "p" : "3.0475",
      "s" : "sell",
      "i" : "TON_USD",
      "m" : "4611686018428670865"
    }, {
      "d" : "1756460648561585849",
      "t" : 1756460648561,
      "tn" : 1756460648561585849,
      "q" : "145.40",
      "p" : "3.0475",
      "s" : "sell",
      "i" : "TON_USD",
      "m" : "4611686018428670864"
    }, {
      "d" : "1756460648561425631",
      "t" : 1756460648561,
      "tn" : 1756460648561425631,
      "q" : "162.63",
      "p" : "3.0475",
      "s" : "sell",
      "i" : "TON_USD",
      "m" : "4611686018428670863"
    }, {
      "d" : "1756460605072271176",
      "t" : 1756460605072,
      "tn" : 1756460605072271176,
      "q" : "11.42",
      "p" : "3.0467",
      "s" : "buy",
      "i" : "TON_USD",
      "m" : "4611686018428670862"
    }, {
      "d" : "1756460605072268825",
      "t" : 1756460605072,
      "tn" : 1756460605072268825,
      "q" : "0.38",
      "p" : "3.0460",
      "s" : "buy",
      "i" : "TON_USD",
      "m" : "4611686018428670861"
    }, {
      "d" : "1756460584209545383",
      "t" : 1756460584209,
      "tn" : 1756460584209545383,
      "q" : "10.42",
      "p" : "3.0441",
      "s" : "buy",
      "i" : "TON_USD",
      "m" : "4611686018428670860"
    }, {
      "d" : "1756460584209543671",
      "t" : 1756460584209,
      "tn" : 1756460584209543671,
      "q" : "0.38",
      "p" : "3.0440",
      "s" : "buy",
      "i" : "TON_USD",
      "m" : "4611686018428670859"
    }, {
      "d" : "1756460573745317274",
      "t" : 1756460573745,
      "tn" : 1756460573745317274,
      "q" : "11.02",
      "p" : "3.0442",
      "s" : "buy",
      "i" : "TON_USD",
      "m" : "4611686018428670858"
    }, {
      "d" : "1756460573745315147",
      "t" : 1756460573745,
      "tn" : 1756460573745315147,
      "q" : "0.38",
      "p" : "3.0440",
      "s" : "buy",
      "i" : "TON_USD",
      "m" : "4611686018428670857"
    }, {
      "d" : "1756460548661127356",
      "t" : 1756460548661,
      "tn" : 1756460548661127356,
      "q" : "0.38",
      "p" : "3.0466",
      "s" : "sell",
      "i" : "TON_USD",
      "m" : "4611686018428670856"
    }, {
      "d" : "1756460542183505539",
      "t" : 1756460542183,
      "tn" : 1756460542183505539,
      "q" : "10.63",
      "p" : "3.0463",
      "s" : "buy",
      "i" : "TON_USD",
      "m" : "4611686018428670855"
    }, {
      "d" : "1756460542183503670",
      "t" : 1756460542183,
      "tn" : 1756460542183503670,
      "q" : "0.38",
      "p" : "3.0460",
      "s" : "buy",
      "i" : "TON_USD",
      "m" : "4611686018428670854"
    }, {
      "d" : "1756460539313113981",
      "t" : 1756460539313,
      "tn" : 1756460539313113981,
      "q" : "15.70",
      "p" : "3.0463",
      "s" : "buy",
      "i" : "TON_USD",
      "m" : "4611686018428670853"
    }, {
      "d" : "1756460538733617912",
      "t" : 1756460538733,
      "tn" : 1756460538733617911,
      "q" : "0.38",
      "p" : "3.0460",
      "s" : "buy",
      "i" : "TON_USD",
      "m" : "4611686018428670852"
    }, {
      "d" : "1756460538733617911",
      "t" : 1756460538733,
      "tn" : 1756460538733617911,
      "q" : "229.57",
      "p" : "3.0460",
      "s" : "buy",
      "i" : "TON_USD",
      "m" : "4611686018428670852"
    }, {
      "d" : "1756460531762806651",
      "t" : 1756460531762,
      "tn" : 1756460531762806651,
      "q" : "11.00",
      "p" : "3.0460",
      "s" : "buy",
      "i" : "TON_USD",
      "m" : "4611686018428670851"
    }, {
      "d" : "1756460521311926448",
      "t" : 1756460521311,
      "tn" : 1756460521311926448,
      "q" : "11.00",
      "p" : "3.0450",
      "s" : "buy",
      "i" : "TON_USD",
      "m" : "4611686018428670850"
    }, {
      "d" : "1756460500428150856",
      "t" : 1756460500428,
      "tn" : 1756460500428150856,
      "q" : "10.35",
      "p" : "3.0459",
      "s" : "buy",
      "i" : "TON_USD",
      "m" : "4611686018428670849"
    }, {
      "d" : "1756460500428148799",
      "t" : 1756460500428,
      "tn" : 1756460500428148799,
      "q" : "0.65",
      "p" : "3.0453",
      "s" : "buy",
      "i" : "TON_USD",
      "m" : "4611686018428670848"
    }, {
      "d" : "1756460497877443852",
      "t" : 1756460497877,
      "tn" : 1756460497877443851,
      "q" : "240.83",
      "p" : "3.0454",
      "s" : "buy",
      "i" : "TON_USD",
      "m" : "4611686018428670847"
    }, {
      "d" : "1756460497877443851",
      "t" : 1756460497877,
      "tn" : 1756460497877443851,
      "q" : "0.65",
      "p" : "3.0454",
      "s" : "buy",
      "i" : "TON_USD",
      "m" : "4611686018428670847"
    }, {
      "d" : "1756460489991436336",
      "t" : 1756460489991,
      "tn" : 1756460489991436336,
      "q" : "10.80",
      "p" : "3.0449",
      "s" : "buy",
      "i" : "TON_USD",
      "m" : "4611686018428670846"
    }, {
      "d" : "1756460479525567217",
      "t" : 1756460479525,
      "tn" : 1756460479525567217,
      "q" : "11.01",
      "p" : "3.0450",
      "s" : "buy",
      "i" : "TON_USD",
      "m" : "4611686018428670845"
    }, {
      "d" : "1756460478427037622",
      "t" : 1756460478427,
      "tn" : 1756460478427037622,
      "q" : "15.80",
      "p" : "3.0433",
      "s" : "buy",
      "i" : "TON_USD",
      "m" : "4611686018428670844"
    }, {
      "d" : "1756460469113788220",
      "t" : 1756460469113,
      "tn" : 1756460469113788220,
      "q" : "10.62",
      "p" : "3.0433",
      "s" : "buy",
      "i" : "TON_USD",
      "m" : "4611686018428670843"
    }, {
      "d" : "1756460469113786355",
      "t" : 1756460469113,
      "tn" : 1756460469113786355,
      "q" : "0.38",
      "p" : "3.0430",
      "s" : "buy",
      "i" : "TON_USD",
      "m" : "4611686018428670842"
    }, {
      "d" : "1756460458466567095",
      "t" : 1756460458466,
      "tn" : 1756460458466567095,
      "q" : "11.00",
      "p" : "3.0433",
      "s" : "buy",
      "i" : "TON_USD",
      "m" : "4611686018428670841"
    }, {
      "d" : "1756460448028204184",
      "t" : 1756460448028,
      "tn" : 1756460448028204184,
      "q" : "11.42",
      "p" : "3.0433",
      "s" : "buy",
      "i" : "TON_USD",
      "m" : "4611686018428670840"
    }, {
      "d" : "1756460448028202022",
      "t" : 1756460448028,
      "tn" : 1756460448028202022,
      "q" : "0.38",
      "p" : "3.0430",
      "s" : "buy",
      "i" : "TON_USD",
      "m" : "4611686018428670839"
    }, {
      "d" : "1756460427183478282",
      "t" : 1756460427183,
      "tn" : 1756460427183478282,
      "q" : "11.60",
      "p" : "3.0430",
      "s" : "buy",
      "i" : "TON_USD",
      "m" : "4611686018428670838"
    }, {
      "d" : "1756460413524057587",
      "t" : 1756460413524,
      "tn" : 1756460413524057587,
      "q" : "0.38",
      "p" : "3.0459",
      "s" : "sell",
      "i" : "TON_USD",
      "m" : "4611686018428670837"
    }, {
      "d" : "1756460402251868467",
      "t" : 1756460402251,
      "tn" : 1756460402251868467,
      "q" : "3.29",
      "p" : "3.0427",
      "s" : "buy",
      "i" : "TON_USD",
      "m" : "4611686018428670836"
    }, {
      "d" : "1756460385046018502",
      "t" : 1756460385046,
      "tn" : 1756460385046018502,
      "q" : "11.01",
      "p" : "3.0448",
      "s" : "buy",
      "i" : "TON_USD",
      "m" : "4611686018428670835"
    }, {
      "d" : "1756460382515449086",
      "t" : 1756460382515,
      "tn" : 1756460382515449086,
      "q" : "222.65",
      "p" : "3.0435",
      "s" : "buy",
      "i" : "TON_USD",
      "m" : "4611686018428670834"
    }, {
      "d" : "1756460374563745235",
      "t" : 1756460374563,
      "tn" : 1756460374563745235,
      "q" : "11.00",
      "p" : "3.0435",
      "s" : "buy",
      "i" : "TON_USD",
      "m" : "4611686018428670833"
    }, {
      "d" : "1756460364055017621",
      "t" : 1756460364055,
      "tn" : 1756460364055017621,
      "q" : "11.59",
      "p" : "3.0435",
      "s" : "buy",
      "i" : "TON_USD",
      "m" : "4611686018428670832"
    }, {
      "d" : "1756460346174030233",
      "t" : 1756460346174,
      "tn" : 1756460346174030233,
      "q" : "480.04",
      "p" : "3.0401",
      "s" : "sell",
      "i" : "TON_USD",
      "m" : "4611686018428670831"
    }, {
      "d" : "1756460346174027433",
      "t" : 1756460346174,
      "tn" : 1756460346174027433,
      "q" : "230.20",
      "p" : "3.0408",
      "s" : "sell",
      "i" : "TON_USD",
      "m" : "4611686018428670830"
    }, {
      "d" : "1756460346174025020",
      "t" : 1756460346174,
      "tn" : 1756460346174025020,
      "q" : "38.55",
      "p" : "3.0411",
      "s" : "sell",
      "i" : "TON_USD",
      "m" : "4611686018428670829"
    }, {
      "d" : "1756460346174022492",
      "t" : 1756460346174,
      "tn" : 1756460346174022492,
      "q" : "244.76",
      "p" : "3.0415",
      "s" : "sell",
      "i" : "TON_USD",
      "m" : "4611686018428670828"
    }, {
      "d" : "1756460346174019976",
      "t" : 1756460346174,
      "tn" : 1756460346174019976,
      "q" : "38.55",
      "p" : "3.0421",
      "s" : "sell",
      "i" : "TON_USD",
      "m" : "4611686018428670827"
    }, {
      "d" : "1756460346174017290",
      "t" : 1756460346174,
      "tn" : 1756460346174017290,
      "q" : "65.73",
      "p" : "3.0424",
      "s" : "sell",
      "i" : "TON_USD",
      "m" : "4611686018428670826"
    }, {
      "d" : "1756460346174014603",
      "t" : 1756460346174,
      "tn" : 1756460346174014603,
      "q" : "328.59",
      "p" : "3.0433",
      "s" : "sell",
      "i" : "TON_USD",
      "m" : "4611686018428670825"
    }, {
      "d" : "1756460346174011580",
      "t" : 1756460346174,
      "tn" : 1756460346174011580,
      "q" : "0.38",
      "p" : "3.0435",
      "s" : "sell",
      "i" : "TON_USD",
      "m" : "4611686018428670824"
    }, {
      "d" : "1756460345721756325",
      "t" : 1756460345721,
      "tn" : 1756460345721756325,
      "q" : "0.65",
      "p" : "3.0436",
      "s" : "buy",
      "i" : "TON_USD",
      "m" : "4611686018428670823"
    }, {
      "d" : "1756460313202758399",
      "t" : 1756460313202,
      "tn" : 1756460313202758399,
      "q" : "16.30",
      "p" : "3.0441",
      "s" : "sell",
      "i" : "TON_USD",
      "m" : "4611686018428670822"
    }, {
      "d" : "1756460313200630321",
      "t" : 1756460313200,
      "tn" : 1756460313200630321,
      "q" : "32.00",
      "p" : "3.0441",
      "s" : "sell",
      "i" : "TON_USD",
      "m" : "4611686018428670821"
    }, {
      "d" : "1756460313198509001",
      "t" : 1756460313198,
      "tn" : 1756460313198509001,
      "q" : "0.23",
      "p" : "3.0420",
      "s" : "sell",
      "i" : "TON_USD",
      "m" : "4611686018428670820"
    }, {
      "d" : "1756460313198507470",
      "t" : 1756460313198,
      "tn" : 1756460313198507469,
      "q" : "983.56",
      "p" : "3.0422",
      "s" : "sell",
      "i" : "TON_USD",
      "m" : "4611686018428670819"
    }, {
      "d" : "1756460313198507469",
      "t" : 1756460313198,
      "tn" : 1756460313198507469,
      "q" : "58.80",
      "p" : "3.0422",
      "s" : "sell",
      "i" : "TON_USD",
      "m" : "4611686018428670819"
    }, {
      "d" : "1756460313198503776",
      "t" : 1756460313198,
      "tn" : 1756460313198503776,
      "q" : "111.00",
      "p" : "3.0431",
      "s" : "sell",
      "i" : "TON_USD",
      "m" : "4611686018428670818"
    }, {
      "d" : "1756460313198501461",
      "t" : 1756460313198,
      "tn" : 1756460313198501461,
      "q" : "109.79",
      "p" : "3.0438",
      "s" : "sell",
      "i" : "TON_USD",
      "m" : "4611686018428670817"
    }, {
      "d" : "1756460313198498940",
      "t" : 1756460313198,
      "tn" : 1756460313198498940,
      "q" : "328.48",
      "p" : "3.0443",
      "s" : "sell",
      "i" : "TON_USD",
      "m" : "4611686018428670816"
    }, {
      "d" : "1756460313198495735",
      "t" : 1756460313198,
      "tn" : 1756460313198495735,
      "q" : "65.69",
      "p" : "3.0444",
      "s" : "sell",
      "i" : "TON_USD",
      "m" : "4611686018428670815"
    }, {
      "d" : "1756460313198493148",
      "t" : 1756460313198,
      "tn" : 1756460313198493148,
      "q" : "0.65",
      "p" : "3.0445",
      "s" : "sell",
      "i" : "TON_USD",
      "m" : "4611686018428670814"
    }, {
      "d" : "1756460313198490379",
      "t" : 1756460313198,
      "tn" : 1756460313198490379,
      "q" : "0.38",
      "p" : "3.0459",
      "s" : "sell",
      "i" : "TON_USD",
      "m" : "4611686018428670813"
    }, {
      "d" : "1756460310697432020",
      "t" : 1756460310697,
      "tn" : 1756460310697432020,
      "q" : "0.38",
      "p" : "3.0459",
      "s" : "sell",
      "i" : "TON_USD",
      "m" : "4611686018428670812"
    }, {
      "d" : "1756460305636295409",
      "t" : 1756460305636,
      "tn" : 1756460305636295409,
      "q" : "15.92",
      "p" : "3.0475",
      "s" : "sell",
      "i" : "TON_USD",
      "m" : "4611686018428670811"
    }, {
      "d" : "1756460305636293946",
      "t" : 1756460305636,
      "tn" : 1756460305636293946,
      "q" : "0.38",
      "p" : "3.0489",
      "s" : "sell",
      "i" : "TON_USD",
      "m" : "4611686018428670810"
    }, {
      "d" : "1756460305634943658",
      "t" : 1756460305634,
      "tn" : 1756460305634943658,
      "q" : "32.80",
      "p" : "3.0475",
      "s" : "sell",
      "i" : "TON_USD",
      "m" : "4611686018428670809"
    }, {
      "d" : "1756460305633278988",
      "t" : 1756460305633,
      "tn" : 1756460305633278988,
      "q" : "87.12",
      "p" : "3.0452",
      "s" : "sell",
      "i" : "TON_USD",
      "m" : "4611686018428670808"
    }, {
      "d" : "1756460305633277533",
      "t" : 1756460305633,
      "tn" : 1756460305633277532,
      "q" : "846.19",
      "p" : "3.0453",
      "s" : "sell",
      "i" : "TON_USD",
      "m" : "4611686018428670807"
    }, {
      "d" : "1756460305633277532",
      "t" : 1756460305633,
      "tn" : 1756460305633277532,
      "q" : "108.59",
      "p" : "3.0453",
      "s" : "sell",
      "i" : "TON_USD",
      "m" : "4611686018428670807"
    }, {
      "d" : "1756460305633273622",
      "t" : 1756460305633,
      "tn" : 1756460305633273622,
      "q" : "241.10",
      "p" : "3.0472",
      "s" : "sell",
      "i" : "TON_USD",
      "m" : "4611686018428670806"
    }, {
      "d" : "1756460305633271191",
      "t" : 1756460305633,
      "tn" : 1756460305633271191,
      "q" : "65.62",
      "p" : "3.0475",
      "s" : "sell",
      "i" : "TON_USD",
      "m" : "4611686018428670805"
    }, {
      "d" : "1756460305633268906",
      "t" : 1756460305633,
      "tn" : 1756460305633268906,
      "q" : "328.11",
      "p" : "3.0477",
      "s" : "sell",
      "i" : "TON_USD",
      "m" : "4611686018428670804"
    }, {
      "d" : "1756460305633265311",
      "t" : 1756460305633,
      "tn" : 1756460305633265311,
      "q" : "0.38",
      "p" : "3.0489",
      "s" : "sell",
      "i" : "TON_USD",
      "m" : "4611686018428670803"
    }, {
      "d" : "1756460300297198335",
      "t" : 1756460300297,
      "tn" : 1756460300297198335,
      "q" : "0.38",
      "p" : "3.0479",
      "s" : "sell",
      "i" : "TON_USD",
      "m" : "4611686018428670802"
    }, {
      "d" : "1756460295176797083",
      "t" : 1756460295176,
      "tn" : 1756460295176797083,
      "q" : "5.60",
      "p" : "3.0532",
      "s" : "sell",
      "i" : "TON_USD",
      "m" : "4611686018428670801"
    }, {
      "d" : "1756460295175823223",
      "t" : 1756460295175,
      "tn" : 1756460295175823223,
      "q" : "32.70",
      "p" : "3.0532",
      "s" : "sell",
      "i" : "TON_USD",
      "m" : "4611686018428670800"
    }, {
      "d" : "1756460295174366249",
      "t" : 1756460295174,
      "tn" : 1756460295174366249,
      "q" : "0.23",
      "p" : "3.0496",
      "s" : "sell",
      "i" : "TON_USD",
      "m" : "4611686018428670799"
    }, {
      "d" : "1756460295174364502",
      "t" : 1756460295174,
      "tn" : 1756460295174364502,
      "q" : "229.51",
      "p" : "3.0498",
      "s" : "sell",
      "i" : "TON_USD",
      "m" : "4611686018428670798"
    }, {
      "d" : "1756460295174363933",
      "t" : 1756460295174,
      "tn" : 1756460295174363933,
      "q" : "846.19",
      "p" : "3.0499",
      "s" : "sell",
      "i" : "TON_USD",
      "m" : "4611686018428670797"
    }, {
      "d" : "1756460295174359564",
      "t" : 1756460295174,
      "tn" : 1756460295174359564,
      "q" : "33.09",
      "p" : "3.0502",
      "s" : "sell",
      "i" : "TON_USD",
      "m" : "4611686018428670796"
    }, {
      "d" : "1756460295174357327",
      "t" : 1756460295174,
      "tn" : 1756460295174357327,
      "q" : "109.96",
      "p" : "3.0510",
      "s" : "sell",
      "i" : "TON_USD",
      "m" : "4611686018428670795"
    }, {
      "d" : "1756460295174354341",
      "t" : 1756460295174,
      "tn" : 1756460295174354341,
      "q" : "114.68",
      "p" : "3.0518",
      "s" : "sell",
      "i" : "TON_USD",
      "m" : "4611686018428670794"
    }, {
      "d" : "1756460295174352158",
      "t" : 1756460295174,
      "tn" : 1756460295174352158,
      "q" : "65.52",
      "p" : "3.0522",
      "s" : "sell",
      "i" : "TON_USD",
      "m" : "4611686018428670793"
    }, {
      "d" : "1756460295174349624",
      "t" : 1756460295174,
      "tn" : 1756460295174349624,
      "q" : "327.55",
      "p" : "3.0529",
      "s" : "sell",
      "i" : "TON_USD",
      "m" : "4611686018428670792"
    }, {
      "d" : "1756460295174347251",
      "t" : 1756460295174,
      "tn" : 1756460295174347251,
      "q" : "239.19",
      "p" : "3.0537",
      "s" : "sell",
      "i" : "TON_USD",
      "m" : "4611686018428670791"
    }, {
      "d" : "1756460295174343720",
      "t" : 1756460295174,
      "tn" : 1756460295174343720,
      "q" : "0.38",
      "p" : "3.0539",
      "s" : "sell",
      "i" : "TON_USD",
      "m" : "4611686018428670790"
    }, {
      "d" : "1756460291204530002",
      "t" : 1756460291204,
      "tn" : 1756460291204530002,
      "q" : "2.53",
      "p" : "3.0522",
      "s" : "sell",
      "i" : "TON_USD",
      "m" : "4611686018428670789"
    }, {
      "d" : "1756460291166787014",
      "t" : 1756460291166,
      "tn" : 1756460291166787014,
      "q" : "1.64",
      "p" : "3.0523",
      "s" : "sell",
      "i" : "TON_USD",
      "m" : "4611686018428670788"
    }, {
      "d" : "1756460291166783935",
      "t" : 1756460291166,
      "tn" : 1756460291166783935,
      "q" : "0.38",
      "p" : "3.0529",
      "s" : "sell",
      "i" : "TON_USD",
      "m" : "4611686018428670787"
    }, {
      "d" : "1756460286134986750",
      "t" : 1756460286134,
      "tn" : 1756460286134986750,
      "q" : "2.32",
      "p" : "3.0537",
      "s" : "sell",
      "i" : "TON_USD",
      "m" : "4611686018428670786"
    }, {
      "d" : "1756460286134984836",
      "t" : 1756460286134,
      "tn" : 1756460286134984836,
      "q" : "3.28",
      "p" : "3.0540",
      "s" : "sell",
      "i" : "TON_USD",
      "m" : "4611686018428670785"
    }, {
      "d" : "1756460286133510583",
      "t" : 1756460286133,
      "tn" : 1756460286133510583,
      "q" : "28.31",
      "p" : "3.0537",
      "s" : "sell",
      "i" : "TON_USD",
      "m" : "4611686018428670784"
    }, {
      "d" : "1756460286133509129",
      "t" : 1756460286133,
      "tn" : 1756460286133509129,
      "q" : "3.28",
      "p" : "3.0540",
      "s" : "sell",
      "i" : "TON_USD",
      "m" : "4611686018428670783"
    }, {
      "d" : "1756460286131838969",
      "t" : 1756460286131,
      "tn" : 1756460286131838969,
      "q" : "229.40",
      "p" : "3.0513",
      "s" : "sell",
      "i" : "TON_USD",
      "m" : "4611686018428670782"
    }, {
      "d" : "1756460286131836570",
      "t" : 1756460286131,
      "tn" : 1756460286131836570,
      "q" : "68.82",
      "p" : "3.0514",
      "s" : "sell",
      "i" : "TON_USD",
      "m" : "4611686018428670781"
    }, {
      "d" : "1756460286131834780",
      "t" : 1756460286131,
      "tn" : 1756460286131834780,
      "q" : "105.69",
      "p" : "3.0518",
      "s" : "sell",
      "i" : "TON_USD",
      "m" : "4611686018428670780"
    }, {
      "d" : "1756460286131833065",
      "t" : 1756460286131,
      "tn" : 1756460286131833065,
      "q" : "114.68",
      "p" : "3.0519",
      "s" : "sell",
      "i" : "TON_USD",
      "m" : "4611686018428670779"
    }, {
      "d" : "1756460286131829491",
      "t" : 1756460286131,
      "tn" : 1756460286131829491,
      "q" : "67.10",
      "p" : "3.0520",
      "s" : "sell",
      "i" : "TON_USD",
      "m" : "4611686018428670778"
    } ]
  }
}