{
  "id" : -1,
  "method" : "public/get-trades",
  "code" : 0,
  "result" : {
    "data" : [ {
      "d" : "1756458355674658224",
      "t" : 1756458355674,
      "tn" : 1756458355674658224,
      "q" : "0.65",
      "p" : "2.6181",
      "s" : "buy",
      "i" : "TON_EUR",
      "m" : "4611686018427669132"
    }, {
      "d" : "1756453095519266393",
      "t" : 1756453095519,
      "tn" : 1756453095519266393,
      "q" : "0.38",
      "p" : "2.6405",
      "s" : "buy",
      "i" : "TON_EUR",
      "m" : "4611686018427669131"
    }, {
      "d" : "1756451688844257407",
      "t" : 1756451688844,
      "tn" : 1756451688844257407,
      "q" : "0.38",
      "p" : "2.6564",
      "s" : "sell",
      "i" : "TON_EUR",
      "m" : "4611686018427669130"
    }, {
      "d" : "1756451688839243968",
      "t" : 1756451688839,
      "tn" : 1756451688839243968,
      "q" : "0.38",
      "p" : "2.6564",
      "s" : "sell",
      "i" : "TON_EUR",
      "m" : "4611686018427669129"
    }, {
      "d" : "1756451688829324996",
      "t" : 1756451688829,
      "tn" : 1756451688829324996,
      "q" : "0.38",
      "p" : "2.6564",
      "s" : "sell",
      "i" : "TON_EUR",
      "m" : "4611686018427669128"
    }, {
      "d" : "1756451688743997529",
      "t" : 1756451688743,
      "tn" : 1756451688743997529,
      "q" : "0.38",
      "p" : "2.6564",
      "s" : "sell",
      "i" : "TON_EUR",
      "m" : "4611686018427669127"
    }, {
      "d" : "1756451688613620597",
      "t" : 1756451688613,
      "tn" : 1756451688613620597,
      "q" : "0.38",
      "p" : "2.6564",
      "s" : "sell",
      "i" : "TON_EUR",
      "m" : "4611686018427669126"
    }, {
      "d" : "1756451688603623594",
      "t" : 1756451688603,
      "tn" : 1756451688603623594,
      "q" : "0.38",
      "p" : "2.6564",
      "s" : "sell",
      "i" : "TON_EUR",
      "m" : "4611686018427669125"
    }, {
      "d" : "1756451688578604888",
      "t" : 1756451688578,
      "tn" : 1756451688578604888,
      "q" : "0.38",
      "p" : "2.6564",
      "s" : "sell",
      "i" : "TON_EUR",
      "m" : "4611686018427669124"
    }, {
      "d" : "1756451688538573351",
      "t" : 1756451688538,
      "tn" : 1756451688538573351,
      "q" : "0.38",
      "p" : "2.6564",
      "s" : "sell",
      "i" : "TON_EUR",
      "m" : "4611686018427669123"
    }, {
      "d" : "1756451688528750802",
      "t" : 1756451688528,
      "tn" : 1756451688528750802,
      "q" : "0.38",
      "p" : "2.6564",
      "s" : "sell",
      "i" : "TON_EUR",
      "m" : "4611686018427669122"
    }, {
      "d" : "1756451686600358888",
      "t" : 1756451686600,
      "tn" : 1756451686600358888,
      "q" : "1.30",
      "p" : "2.6564",
      "s" : "sell",
      "i" : "TON_EUR",
      "m" : "4611686018427669121"
    }, {
      "d" : "1756451685920924209",
      "t" : 1756451685920,
      "tn" : 1756451685920924209,
      "q" : "1.96",
      "p" : "2.6564",
      "s" : "sell",
      "i" : "TON_EUR",
      "m" : "4611686018427669120"
    }, {
      "d" : "1756451684935099360",
      "t" : 1756451684935,
      "tn" : 1756451684935099360,
      "q" : "2.44",
      "p" : "2.6564",
      "s" : "sell",
      "i" : "TON_EUR",
      "m" : "4611686018427669119"
    }, {
      "d" : "1756451580719858523",
      "t" : 1756451580719,
      "tn" : 1756451580719858523,
      "q" : "0.64",
      "p" : "2.6648",
      "s" : "sell",
      "i" : "TON_EUR",
      "m" : "4611686018427669118"
    }, {
      "d" : "1756451580719856948",
      "t" : 1756451580719,
      "tn" : 1756451580719856948,
      "q" : "103.11",
      "p" : "2.6649",
      "s" : "sell",
      "i" : "TON_EUR",
      "m" : "4611686018427669117"
    }, {
      "d" : "1756451580708719817",
      "t" : 1756451580708,
      "tn" : 1756451580708719817,
      "q" : "1.30",
      "p" : "2.6649",
      "s" : "sell",
      "i" : "TON_EUR",
      "m" : "4611686018427669116"
    }, {
      "d" : "1756451580164250083",
      "t" : 1756451580164,
      "tn" : 1756451580164250083,
      "q" : "2.46",
      "p" : "2.6649",
      "s" : "sell",
      "i" : "TON_EUR",
      "m" : "4611686018427669115"
    }, {
      "d" : "1756450897519563554",
      "t" : 1756450897519,
      "tn" : 1756450897519563554,
      "q" : "0.38",
      "p" : "2.6772",
      "s" : "sell",
      "i" : "TON_EUR",
      "m" : "4611686018427669114"
    }, {
      "d" : "1756449605842898058",
      "t" : 1756449605842,
      "tn" : 1756449605842898058,
      "q" : "0.38",
      "p" : "2.6622",
      "s" : "sell",
      "i" : "TON_EUR",
      "m" : "4611686018427669113"
    }, {
      "d" : "1756449605742550711",
      "t" : 1756449605742,
      "tn" : 1756449605742550711,
      "q" : "0.38",
      "p" : "2.6622",
      "s" : "sell",
      "i" : "TON_EUR",
      "m" : "4611686018427669112"
    }, {
      "d" : "1756449605707179689",
      "t" : 1756449605707,
      "tn" : 1756449605707179689,
      "q" : "0.38",
      "p" : "2.6622",
      "s" : "sell",
      "i" : "TON_EUR",
      "m" : "4611686018427669111"
    }, {
      "d" : "1756449605692152388",
      "t" : 1756449605692,
      "tn" : 1756449605692152388,
      "q" : "0.38",
      "p" : "2.6622",
      "s" : "sell",
      "i" : "TON_EUR",
      "m" : "4611686018427669110"
    }, {
      "d" : "1756449605642063155",
      "t" : 1756449605642,
      "tn" : 1756449605642063155,
      "q" : "0.38",
      "p" : "2.6622",
      "s" : "sell",
      "i" : "TON_EUR",
      "m" : "4611686018427669109"
    }, {
      "d" : "1756449605617030067",
      "t" : 1756449605617,
      "tn" : 1756449605617030067,
      "q" : "0.38",
      "p" : "2.6622",
      "s" : "sell",
      "i" : "TON_EUR",
      "m" : "4611686018427669108"
    }, {
      "d" : "1756449605581949850",
      "t" : 1756449605581,
      "tn" : 1756449605581949850,
      "q" : "0.38",
      "p" : "2.6622",
      "s" : "sell",
      "i" : "TON_EUR",
      "m" : "4611686018427669107"
    }, {
      "d" : "1756449605541885563",
      "t" : 1756449605541,
      "tn" : 1756449605541885563,
      "q" : "0.38",
      "p" : "2.6622",
      "s" : "sell",
      "i" : "TON_EUR",
      "m" : "4611686018427669106"
    }, {
      "d" : "1756449605527025607",
      "t" : 1756449605527,
      "tn" : 1756449605527025607,
      "q" : "0.38",
      "p" : "2.6622",
      "s" : "sell",
      "i" : "TON_EUR",
      "m" : "4611686018427669105"
    }, {
      "d" : "1756449592657336211",
      "t" : 1756449592657,
      "tn" : 1756449592657336211,
      "q" : "0.26",
      "p" : "2.6713",
      "s" : "sell",
      "i" : "TON_EUR",
      "m" : "4611686018427669104"
    }, {
      "d" : "1756449592657331803",
      "t" : 1756449592657,
      "tn" : 1756449592657331803,
      "q" : "39.16",
      "p" : "2.6714",
      "s" : "sell",
      "i" : "TON_EUR",
      "m" : "4611686018427669103"
    }, {
      "d" : "1756449586531584264",
      "t" : 1756449586531,
      "tn" : 1756449586531584264,
      "q" : "11.49",
      "p" : "2.6714",
      "s" : "sell",
      "i" : "TON_EUR",
      "m" : "4611686018427669102"
    }, {
      "d" : "1756449586525140051",
      "t" : 1756449586525,
      "tn" : 1756449586525140051,
      "q" : "210.21",
      "p" : "2.6714",
      "s" : "sell",
      "i" : "TON_EUR",
      "m" : "4611686018427669101"
    }, {
      "d" : "1756449586177180078",
      "t" : 1756449586177,
      "tn" : 1756449586177180078,
      "q" : "3.24",
      "p" : "2.6714",
      "s" : "sell",
      "i" : "TON_EUR",
      "m" : "4611686018427669100"
    }, {
      "d" : "1756449579526311365",
      "t" : 1756449579526,
      "tn" : 1756449579526311365,
      "q" : "0.38",
      "p" : "2.6713",
      "s" : "sell",
      "i" : "TON_EUR",
      "m" : "4611686018427669099"
    }, {
      "d" : "1756429530455225849",
      "t" : 1756429530455,
      "tn" : 1756429530455225849,
      "q" : "1.27",
      "p" : "2.7167",
      "s" : "buy",
      "i" : "TON_EUR",
      "m" : "4611686018427669098"
    }, {
      "d" : "1756429530113169272",
      "t" : 1756429530113,
      "tn" : 1756429530113169272,
      "q" : "1.27",
      "p" : "2.7167",
      "s" : "buy",
      "i" : "TON_EUR",
      "m" : "4611686018427669097"
    }, {
      "d" : "1756417856441524899",
      "t" : 1756417856441,
      "tn" : 1756417856441524899,
      "q" : "0.36",
      "p" : "2.7231",
      "s" : "buy",
      "i" : "TON_EUR",
      "m" : "4611686018427669096"
    }, {
      "d" : "1756407586180515549",
      "t" : 1756407586180,
      "tn" : 1756407586180515549,
      "q" : "38.72",
      "p" : "2.7169",
      "s" : "buy",
      "i" : "TON_EUR",
      "m" : "4611686018427669095"
    }, {
      "d" : "1756407586180512476",
      "t" : 1756407586180,
      "tn" : 1756407586180512476,
      "q" : "0.64",
      "p" : "2.7141",
      "s" : "buy",
      "i" : "TON_EUR",
      "m" : "4611686018427669094"
    }, {
      "d" : "1756407586180508954",
      "t" : 1756407586180,
      "tn" : 1756407586180508954,
      "q" : "0.64",
      "p" : "2.7140",
      "s" : "buy",
      "i" : "TON_EUR",
      "m" : "4611686018427669093"
    }, {
      "d" : "1756400464524132894",
      "t" : 1756400464524,
      "tn" : 1756400464524132894,
      "q" : "0.38",
      "p" : "2.6915",
      "s" : "buy",
      "i" : "TON_EUR",
      "m" : "4611686018427669092"
    }, {
      "d" : "1756389741528056051",
      "t" : 1756389741528,
      "tn" : 1756389741528056051,
      "q" : "0.38",
      "p" : "2.7214",
      "s" : "sell",
      "i" : "TON_EUR",
      "m" : "4611686018427669091"
    }, {
      "d" : "1756389619107928992",
      "t" : 1756389619107,
      "tn" : 1756389619107928992,
      "q" : "1.29",
      "p" : "2.7262",
      "s" : "sell",
      "i" : "TON_EUR",
      "m" : "4611686018427669090"
    }, {
      "d" : "1756389333536176117",
      "t" : 1756389333536,
      "tn" : 1756389333536176117,
      "q" : "0.38",
      "p" : "2.7265",
      "s" : "buy",
      "i" : "TON_EUR",
      "m" : "4611686018427669089"
    }, {
      "d" : "1756388796299057381",
      "t" : 1756388796299,
      "tn" : 1756388796299057381,
      "q" : "0.26",
      "p" : "2.7480",
      "s" : "sell",
      "i" : "TON_EUR",
      "m" : "4611686018427669088"
    }, {
      "d" : "1756388761520944427",
      "t" : 1756388761520,
      "tn" : 1756388761520944427,
      "q" : "0.38",
      "p" : "2.7480",
      "s" : "sell",
      "i" : "TON_EUR",
      "m" : "4611686018427669087"
    }, {
      "d" : "1756385442519706530",
      "t" : 1756385442519,
      "tn" : 1756385442519706530,
      "q" : "0.38",
      "p" : "2.7499",
      "s" : "sell",
      "i" : "TON_EUR",
      "m" : "4611686018427669086"
    }, {
      "d" : "1756384383491480156",
      "t" : 1756384383491,
      "tn" : 1756384383491480156,
      "q" : "0.10",
      "p" : "2.7593",
      "s" : "buy",
      "i" : "TON_EUR",
      "m" : "4611686018427669085"
    }, {
      "d" : "1756384263587937630",
      "t" : 1756384263587,
      "tn" : 1756384263587937630,
      "q" : "0.38",
      "p" : "2.7596",
      "s" : "sell",
      "i" : "TON_EUR",
      "m" : "4611686018427669084"
    }, {
      "d" : "1756382895523397778",
      "t" : 1756382895523,
      "tn" : 1756382895523397778,
      "q" : "0.38",
      "p" : "2.7595",
      "s" : "buy",
      "i" : "TON_EUR",
      "m" : "4611686018427669083"
    }, {
      "d" : "1756382618162449759",
      "t" : 1756382618162,
      "tn" : 1756382618162449759,
      "q" : "0.38",
      "p" : "2.7609",
      "s" : "buy",
      "i" : "TON_EUR",
      "m" : "4611686018427669082"
    }, {
      "d" : "1756382296752548710",
      "t" : 1756382296752,
      "tn" : 1756382296752548710,
      "q" : "0.64",
      "p" : "2.7647",
      "s" : "buy",
      "i" : "TON_EUR",
      "m" : "4611686018427669081"
    }, {
      "d" : "1756382188841868604",
      "t" : 1756382188841,
      "tn" : 1756382188841868604,
      "q" : "0.38",
      "p" : "2.7700",
      "s" : "buy",
      "i" : "TON_EUR",
      "m" : "4611686018427669080"
    }, {
      "d" : "1756382188741520341",
      "t" : 1756382188741,
      "tn" : 1756382188741520341,
      "q" : "0.12",
      "p" : "2.7700",
      "s" : "buy",
      "i" : "TON_EUR",
      "m" : "4611686018427669079"
    }, {
      "d" : "1756382188741518411",
      "t" : 1756382188741,
      "tn" : 1756382188741518411,
      "q" : "0.26",
      "p" : "2.7699",
      "s" : "buy",
      "i" : "TON_EUR",
      "m" : "4611686018427669078"
    }, {
      "d" : "1756382188652491814",
      "t" : 1756382188652,
      "tn" : 1756382188652491814,
      "q" : "0.38",
      "p" : "2.7699",
      "s" : "buy",
      "i" : "TON_EUR",
      "m" : "4611686018427669077"
    }, {
      "d" : "1756382134598522991",
      "t" : 1756382134598,
      "tn" : 1756382134598522991,
      "q" : "0.38",
      "p" : "2.7718",
      "s" : "buy",
      "i" : "TON_EUR",
      "m" : "4611686018427669076"
    }, {
      "d" : "1756382090018889962",
      "t" : 1756382090018,
      "tn" : 1756382090018889962,
      "q" : "0.64",
      "p" : "2.7783",
      "s" : "buy",
      "i" : "TON_EUR",
      "m" : "4611686018427669075"
    }, {
      "d" : "1756382073738780187",
      "t" : 1756382073738,
      "tn" : 1756382073738780187,
      "q" : "0.38",
      "p" : "2.7819",
      "s" : "sell",
      "i" : "TON_EUR",
      "m" : "4611686018427669074"
    }, {
      "d" : "1756382060700531722",
      "t" : 1756382060700,
      "tn" : 1756382060700531722,
      "q" : "0.38",
      "p" : "2.7860",
      "s" : "buy",
      "i" : "TON_EUR",
      "m" : "4611686018427669073"
    }, {
      "d" : "1756382004533081247",
      "t" : 1756382004533,
      "tn" : 1756382004533081247,
      "q" : "0.38",
      "p" : "2.7915",
      "s" : "buy",
      "i" : "TON_EUR",
      "m" : "4611686018427669072"
    }, {
      "d" : "1756381982532283180",
      "t" : 1756381982532,
      "tn" : 1756381982532283180,
      "q" : "0.38",
      "p" : "2.7993",
      "s" : "sell",
      "i" : "TON_EUR",
      "m" : "4611686018427669071"
    }, {
      "d" : "1756381954429180509",
      "t" : 1756381954429,
      "tn" : 1756381954429180509,
      "q" : "0.38",
      "p" : "2.8074",
      "s" : "buy",
      "i" : "TON_EUR",
      "m" : "4611686018427669070"
    }, {
      "d" : "1756381954420669421",
      "t" : 1756381954420,
      "tn" : 1756381954420669421,
      "q" : "0.38",
      "p" : "2.8074",
      "s" : "buy",
      "i" : "TON_EUR",
      "m" : "4611686018427669069"
    }, {
      "d" : "1756381947525457074",
      "t" : 1756381947525,
      "tn" : 1756381947525457074,
      "q" : "0.38",
      "p" : "2.7888",
      "s" : "buy",
      "i" : "TON_EUR",
      "m" : "4611686018427669068"
    }, {
      "d" : "1756381920525864512",
      "t" : 1756381920525,
      "tn" : 1756381920525864512,
      "q" : "0.38",
      "p" : "2.7825",
      "s" : "buy",
      "i" : "TON_EUR",
      "m" : "4611686018427669067"
    }, {
      "d" : "1756381903746972606",
      "t" : 1756381903746,
      "tn" : 1756381903746972606,
      "q" : "0.14",
      "p" : "2.7713",
      "s" : "buy",
      "i" : "TON_EUR",
      "m" : "4611686018427669066"
    }, {
      "d" : "1756381899077505935",
      "t" : 1756381899077,
      "tn" : 1756381899077505935,
      "q" : "0.38",
      "p" : "2.7713",
      "s" : "buy",
      "i" : "TON_EUR",
      "m" : "4611686018427669065"
    }, {
      "d" : "1756381899062428515",
      "t" : 1756381899062,
      "tn" : 1756381899062428515,
      "q" : "0.12",
      "p" : "2.7713",
      "s" : "buy",
      "i" : "TON_EUR",
      "m" : "4611686018427669064"
    }, {
      "d" : "1756381899062426688",
      "t" : 1756381899062,
      "tn" : 1756381899062426688,
      "q" : "0.26",
      "p" : "2.7712",
      "s" : "buy",
      "i" : "TON_EUR",
      "m" : "4611686018427669063"
    }, {
      "d" : "1756381899053374007",
      "t" : 1756381899053,
      "tn" : 1756381899053374007,
      "q" : "0.38",
      "p" : "2.7712",
      "s" : "buy",
      "i" : "TON_EUR",
      "m" : "4611686018427669062"
    }, {
      "d" : "1756381893073157658",
      "t" : 1756381893073,
      "tn" : 1756381893073157658,
      "q" : "0.64",
      "p" : "2.7641",
      "s" : "buy",
      "i" : "TON_EUR",
      "m" : "4611686018427669061"
    }, {
      "d" : "1756381859004409283",
      "t" : 1756381859004,
      "tn" : 1756381859004409283,
      "q" : "1.28",
      "p" : "2.7729",
      "s" : "buy",
      "i" : "TON_EUR",
      "m" : "4611686018427669060"
    }, {
      "d" : "1756381842073199216",
      "t" : 1756381842073,
      "tn" : 1756381842073199216,
      "q" : "0.26",
      "p" : "2.7660",
      "s" : "buy",
      "i" : "TON_EUR",
      "m" : "4611686018427669059"
    }, {
      "d" : "1756381841290321931",
      "t" : 1756381841290,
      "tn" : 1756381841290321931,
      "q" : "0.38",
      "p" : "2.7660",
      "s" : "buy",
      "i" : "TON_EUR",
      "m" : "4611686018427669058"
    }, {
      "d" : "1756381822069324446",
      "t" : 1756381822069,
      "tn" : 1756381822069324446,
      "q" : "0.12",
      "p" : "2.7604",
      "s" : "sell",
      "i" : "TON_EUR",
      "m" : "4611686018427669057"
    }, {
      "d" : "1756381822069322673",
      "t" : 1756381822069,
      "tn" : 1756381822069322673,
      "q" : "0.26",
      "p" : "2.7605",
      "s" : "sell",
      "i" : "TON_EUR",
      "m" : "4611686018427669056"
    }, {
      "d" : "1756381822064541859",
      "t" : 1756381822064,
      "tn" : 1756381822064541859,
      "q" : "0.38",
      "p" : "2.7605",
      "s" : "sell",
      "i" : "TON_EUR",
      "m" : "4611686018427669055"
    }, {
      "d" : "1756381816933227001",
      "t" : 1756381816933,
      "tn" : 1756381816933227001,
      "q" : "0.38",
      "p" : "2.7604",
      "s" : "sell",
      "i" : "TON_EUR",
      "m" : "4611686018427669054"
    }, {
      "d" : "1756381816861400708",
      "t" : 1756381816861,
      "tn" : 1756381816861400708,
      "q" : "0.38",
      "p" : "2.7604",
      "s" : "sell",
      "i" : "TON_EUR",
      "m" : "4611686018427669053"
    }, {
      "d" : "1756381816846272228",
      "t" : 1756381816846,
      "tn" : 1756381816846272228,
      "q" : "0.25",
      "p" : "2.7604",
      "s" : "sell",
      "i" : "TON_EUR",
      "m" : "4611686018427669052"
    }, {
      "d" : "1756381816846270560",
      "t" : 1756381816846,
      "tn" : 1756381816846270560,
      "q" : "0.13",
      "p" : "2.7613",
      "s" : "sell",
      "i" : "TON_EUR",
      "m" : "4611686018427669051"
    }, {
      "d" : "1756381816836286030",
      "t" : 1756381816836,
      "tn" : 1756381816836286030,
      "q" : "0.38",
      "p" : "2.7613",
      "s" : "sell",
      "i" : "TON_EUR",
      "m" : "4611686018427669050"
    }, {
      "d" : "1756381816826992372",
      "t" : 1756381816826,
      "tn" : 1756381816826992372,
      "q" : "0.38",
      "p" : "2.7613",
      "s" : "sell",
      "i" : "TON_EUR",
      "m" : "4611686018427669049"
    }, {
      "d" : "1756381816822313899",
      "t" : 1756381816822,
      "tn" : 1756381816822313899,
      "q" : "0.38",
      "p" : "2.7613",
      "s" : "sell",
      "i" : "TON_EUR",
      "m" : "4611686018427669048"
    }, {
      "d" : "1756381812262864428",
      "t" : 1756381812262,
      "tn" : 1756381812262864428,
      "q" : "0.19",
      "p" : "2.7724",
      "s" : "buy",
      "i" : "TON_EUR",
      "m" : "4611686018427669047"
    }, {
      "d" : "1756381809235974679",
      "t" : 1756381809235,
      "tn" : 1756381809235974679,
      "q" : "0.38",
      "p" : "2.7724",
      "s" : "buy",
      "i" : "TON_EUR",
      "m" : "4611686018427669046"
    }, {
      "d" : "1756381807280609365",
      "t" : 1756381807280,
      "tn" : 1756381807280609365,
      "q" : "0.38",
      "p" : "2.7724",
      "s" : "buy",
      "i" : "TON_EUR",
      "m" : "4611686018427669045"
    }, {
      "d" : "1756381807260703076",
      "t" : 1756381807260,
      "tn" : 1756381807260703076,
      "q" : "0.38",
      "p" : "2.7724",
      "s" : "buy",
      "i" : "TON_EUR",
      "m" : "4611686018427669044"
    }, {
      "d" : "1756381797827631275",
      "t" : 1756381797827,
      "tn" : 1756381797827631275,
      "q" : "0.82",
      "p" : "2.7711",
      "s" : "sell",
      "i" : "TON_EUR",
      "m" : "4611686018427669043"
    }, {
      "d" : "1756381797408187874",
      "t" : 1756381797408,
      "tn" : 1756381797408187874,
      "q" : "1.28",
      "p" : "2.7711",
      "s" : "sell",
      "i" : "TON_EUR",
      "m" : "4611686018427669042"
    }, {
      "d" : "1756381797004738073",
      "t" : 1756381797004,
      "tn" : 1756381797004738073,
      "q" : "1.28",
      "p" : "2.7711",
      "s" : "sell",
      "i" : "TON_EUR",
      "m" : "4611686018427669041"
    }, {
      "d" : "1756381784496882835",
      "t" : 1756381784496,
      "tn" : 1756381784496882835,
      "q" : "0.04",
      "p" : "2.7711",
      "s" : "buy",
      "i" : "TON_EUR",
      "m" : "4611686018427669040"
    }, {
      "d" : "1756381784496109769",
      "t" : 1756381784496,
      "tn" : 1756381784496109769,
      "q" : "2.75",
      "p" : "2.7711",
      "s" : "buy",
      "i" : "TON_EUR",
      "m" : "4611686018427669039"
    }, {
      "d" : "1756381784496107770",
      "t" : 1756381784496,
      "tn" : 1756381784496107770,
      "q" : "0.64",
      "p" : "2.7710",
      "s" : "buy",
      "i" : "TON_EUR",
      "m" : "4611686018427669038"
    }, {
      "d" : "1756381769348460085",
      "t" : 1756381769348,
      "tn" : 1756381769348460085,
      "q" : "0.54",
      "p" : "2.7661",
      "s" : "sell",
      "i" : "TON_EUR",
      "m" : "4611686018427669037"
    }, {
      "d" : "1756381768100145801",
      "t" : 1756381768100,
      "tn" : 1756381768100145801,
      "q" : "0.38",
      "p" : "2.7661",
      "s" : "sell",
      "i" : "TON_EUR",
      "m" : "4611686018427669036"
    }, {
      "d" : "1756381767116271150",
      "t" : 1756381767116,
      "tn" : 1756381767116271150,
      "q" : "0.36",
      "p" : "2.7661",
      "s" : "buy",
      "i" : "TON_EUR",
      "m" : "4611686018427669035"
    }, {
      "d" : "1756381762530750269",
      "t" : 1756381762530,
      "tn" : 1756381762530750269,
      "q" : "0.64",
      "p" : "2.7661",
      "s" : "sell",
      "i" : "TON_EUR",
      "m" : "4611686018427669034"
    }, {
      "d" : "1756381748641312230",
      "t" : 1756381748641,
      "tn" : 1756381748641312230,
      "q" : "0.16",
      "p" : "2.7571",
      "s" : "buy",
      "i" : "TON_EUR",
      "m" : "4611686018427669033"
    }, {
      "d" : "1756381748641310498",
      "t" : 1756381748641,
      "tn" : 1756381748641310498,
      "q" : "1.30",
      "p" : "2.7569",
      "s" : "buy",
      "i" : "TON_EUR",
      "m" : "4611686018427669032"
    }, {
      "d" : "1756381748555516813",
      "t" : 1756381748555,
      "tn" : 1756381748555516813,
      "q" : "0.38",
      "p" : "2.7571",
      "s" : "buy",
      "i" : "TON_EUR",
      "m" : "4611686018427669031"
    }, {
      "d" : "1756381748490334899",
      "t" : 1756381748490,
      "tn" : 1756381748490334899,
      "q" : "0.38",
      "p" : "2.7571",
      "s" : "buy",
      "i" : "TON_EUR",
      "m" : "4611686018427669030"
    }, {
      "d" : "1756381748485563255",
      "t" : 1756381748485,
      "tn" : 1756381748485563255,
      "q" : "0.38",
      "p" : "2.7571",
      "s" : "buy",
      "i" : "TON_EUR",
      "m" : "4611686018427669029"
    }, {
      "d" : "1756381747602575478",
      "t" : 1756381747602,
      "tn" : 1756381747602575478,
      "q" : "1.30",
      "p" : "2.7547",
      "s" : "buy",
      "i" : "TON_EUR",
      "m" : "4611686018427669028"
    }, {
      "d" : "1756381747602573303",
      "t" : 1756381747602,
      "tn" : 1756381747602573303,
      "q" : "1.30",
      "p" : "2.7531",
      "s" : "buy",
      "i" : "TON_EUR",
      "m" : "4611686018427669027"
    }, {
      "d" : "1756381747587606539",
      "t" : 1756381747587,
      "tn" : 1756381747587606539,
      "q" : "0.38",
      "p" : "2.7299",
      "s" : "buy",
      "i" : "TON_EUR",
      "m" : "4611686018427669026"
    }, {
      "d" : "1756381747577628382",
      "t" : 1756381747577,
      "tn" : 1756381747577628382,
      "q" : "0.38",
      "p" : "2.7299",
      "s" : "buy",
      "i" : "TON_EUR",
      "m" : "4611686018427669025"
    }, {
      "d" : "1756381747567551929",
      "t" : 1756381747567,
      "tn" : 1756381747567551929,
      "q" : "0.38",
      "p" : "2.7299",
      "s" : "buy",
      "i" : "TON_EUR",
      "m" : "4611686018427669024"
    }, {
      "d" : "1756381747557504265",
      "t" : 1756381747557,
      "tn" : 1756381747557504265,
      "q" : "0.38",
      "p" : "2.7299",
      "s" : "buy",
      "i" : "TON_EUR",
      "m" : "4611686018427669023"
    }, {
      "d" : "1756381747547505983",
      "t" : 1756381747547,
      "tn" : 1756381747547505983,
      "q" : "0.38",
      "p" : "2.7299",
      "s" : "buy",
      "i" : "TON_EUR",
      "m" : "4611686018427669022"
    }, {
      "d" : "1756381747533404685",
      "t" : 1756381747533,
      "tn" : 1756381747533404685,
      "q" : "0.38",
      "p" : "2.7299",
      "s" : "buy",
      "i" : "TON_EUR",
      "m" : "4611686018427669021"
    }, {
      "d" : "1756381747522669238",
      "t" : 1756381747522,
      "tn" : 1756381747522669238,
      "q" : "1.28",
      "p" : "2.7299",
      "s" : "buy",
      "i" : "TON_EUR",
      "m" : "4611686018427669020"
    } ]
  }
}