{
  "id" : -1,
  "method" : "public/get-trades",
  "code" : 0,
  "result" : {
    "data" : [ {
      "d" : "1756462499348027742",
      "t" : 1756462499348,
      "tn" : 1756462499348027742,
      "q" : "0.38",
      "p" : "3.0536",
      "s" : "buy",
      "i" : "TON_USDT",
      "m" : "4611686018428486756"
    }, {
      "d" : "1756462499277260975",
      "t" : 1756462499277,
      "tn" : 1756462499277260975,
      "q" : "0.38",
      "p" : "3.0536",
      "s" : "buy",
      "i" : "TON_USDT",
      "m" : "4611686018428486755"
    }, {
      "d" : "1756462499234502417",
      "t" : 1756462499234,
      "tn" : 1756462499234502417,
      "q" : "6.62",
      "p" : "3.0544",
      "s" : "buy",
      "i" : "TON_USDT",
      "m" : "4611686018428486754"
    }, {
      "d" : "1756462499234499380",
      "t" : 1756462499234,
      "tn" : 1756462499234499380,
      "q" : "0.38",
      "p" : "3.0536",
      "s" : "buy",
      "i" : "TON_USDT",
      "m" : "4611686018428486753"
    }, {
      "d" : "1756462444197654914",
      "t" : 1756462444197,
      "tn" : 1756462444197654914,
      "q" : "0.65",
      "p" : "3.0535",
      "s" : "sell",
      "i" : "TON_USDT",
      "m" : "4611686018428486752"
    }, {
      "d" : "1756462200529989460",
      "t" : 1756462200529,
      "tn" : 1756462200529989460,
      "q" : "0.38",
      "p" : "3.0566",
      "s" : "buy",
      "i" : "TON_USDT",
      "m" : "4611686018428486751"
    }, {
      "d" : "1756462199342682581",
      "t" : 1756462199342,
      "tn" : 1756462199342682581,
      "q" : "0.65",
      "p" : "3.0575",
      "s" : "sell",
      "i" : "TON_USDT",
      "m" : "4611686018428486750"
    }, {
      "d" : "1756461920954369278",
      "t" : 1756461920954,
      "tn" : 1756461920954369277,
      "q" : "0.38",
      "p" : "3.0544",
      "s" : "sell",
      "i" : "TON_USDT",
      "m" : "4611686018428486749"
    }, {
      "d" : "1756461920954369277",
      "t" : 1756461920954,
      "tn" : 1756461920954369277,
      "q" : "0.65",
      "p" : "3.0544",
      "s" : "sell",
      "i" : "TON_USDT",
      "m" : "4611686018428486749"
    }, {
      "d" : "1756461895157610576",
      "t" : 1756461895157,
      "tn" : 1756461895157610576,
      "q" : "0.38",
      "p" : "3.0546",
      "s" : "buy",
      "i" : "TON_USDT",
      "m" : "4611686018428486748"
    }, {
      "d" : "1756461809641075008",
      "t" : 1756461809641,
      "tn" : 1756461809641075008,
      "q" : "0.38",
      "p" : "3.0524",
      "s" : "sell",
      "i" : "TON_USDT",
      "m" : "4611686018428486747"
    }, {
      "d" : "1756461632258114205",
      "t" : 1756461632258,
      "tn" : 1756461632258114205,
      "q" : "0.65",
      "p" : "3.0515",
      "s" : "sell",
      "i" : "TON_USDT",
      "m" : "4611686018428486746"
    }, {
      "d" : "1756461610027738483",
      "t" : 1756461610027,
      "tn" : 1756461610027738483,
      "q" : "0.38",
      "p" : "3.0526",
      "s" : "buy",
      "i" : "TON_USDT",
      "m" : "4611686018428486745"
    }, {
      "d" : "1756461610027735959",
      "t" : 1756461610027,
      "tn" : 1756461610027735959,
      "q" : "0.20",
      "p" : "3.0514",
      "s" : "buy",
      "i" : "TON_USDT",
      "m" : "4611686018428486744"
    }, {
      "d" : "1756461609714937238",
      "t" : 1756461609714,
      "tn" : 1756461609714937238,
      "q" : "0.45",
      "p" : "3.0514",
      "s" : "buy",
      "i" : "TON_USDT",
      "m" : "4611686018428486743"
    }, {
      "d" : "1756461382095777195",
      "t" : 1756461382095,
      "tn" : 1756461382095777195,
      "q" : "1.16",
      "p" : "3.0515",
      "s" : "sell",
      "i" : "TON_USDT",
      "m" : "4611686018428486742"
    }, {
      "d" : "1756461378475521863",
      "t" : 1756461378475,
      "tn" : 1756461378475521863,
      "q" : "0.65",
      "p" : "3.0516",
      "s" : "sell",
      "i" : "TON_USDT",
      "m" : "4611686018428486741"
    }, {
      "d" : "1756461263900235314",
      "t" : 1756461263900,
      "tn" : 1756461263900235314,
      "q" : "0.38",
      "p" : "3.0516",
      "s" : "buy",
      "i" : "TON_USDT",
      "m" : "4611686018428486740"
    }, {
      "d" : "1756461263750215953",
      "t" : 1756461263750,
      "tn" : 1756461263750215953,
      "q" : "0.38",
      "p" : "3.0516",
      "s" : "buy",
      "i" : "TON_USDT",
      "m" : "4611686018428486739"
    }, {
      "d" : "1756461250239735336",
      "t" : 1756461250239,
      "tn" : 1756461250239735336,
      "q" : "0.38",
      "p" : "3.0506",
      "s" : "buy",
      "i" : "TON_USDT",
      "m" : "4611686018428486738"
    }, {
      "d" : "1756461249840313061",
      "t" : 1756461249840,
      "tn" : 1756461249840313061,
      "q" : "0.38",
      "p" : "3.0506",
      "s" : "buy",
      "i" : "TON_USDT",
      "m" : "4611686018428486737"
    }, {
      "d" : "1756461249774679627",
      "t" : 1756461249774,
      "tn" : 1756461249774679627,
      "q" : "0.38",
      "p" : "3.0506",
      "s" : "buy",
      "i" : "TON_USDT",
      "m" : "4611686018428486736"
    }, {
      "d" : "1756461249539682626",
      "t" : 1756461249539,
      "tn" : 1756461249539682626,
      "q" : "0.38",
      "p" : "3.0506",
      "s" : "buy",
      "i" : "TON_USDT",
      "m" : "4611686018428486735"
    }, {
      "d" : "1756461249524525988",
      "t" : 1756461249524,
      "tn" : 1756461249524525988,
      "q" : "0.38",
      "p" : "3.0506",
      "s" : "buy",
      "i" : "TON_USDT",
      "m" : "4611686018428486734"
    }, {
      "d" : "1756461249442326280",
      "t" : 1756461249442,
      "tn" : 1756461249442326280,
      "q" : "0.38",
      "p" : "3.0506",
      "s" : "buy",
      "i" : "TON_USDT",
      "m" : "4611686018428486733"
    }, {
      "d" : "1756461249396732963",
      "t" : 1756461249396,
      "tn" : 1756461249396732963,
      "q" : "0.38",
      "p" : "3.0506",
      "s" : "buy",
      "i" : "TON_USDT",
      "m" : "4611686018428486732"
    }, {
      "d" : "1756461248640290038",
      "t" : 1756461248640,
      "tn" : 1756461248640290038,
      "q" : "0.38",
      "p" : "3.0506",
      "s" : "buy",
      "i" : "TON_USDT",
      "m" : "4611686018428486731"
    }, {
      "d" : "1756461248530157981",
      "t" : 1756461248530,
      "tn" : 1756461248530157981,
      "q" : "0.38",
      "p" : "3.0506",
      "s" : "buy",
      "i" : "TON_USDT",
      "m" : "4611686018428486730"
    }, {
      "d" : "1756461248239727676",
      "t" : 1756461248239,
      "tn" : 1756461248239727676,
      "q" : "0.38",
      "p" : "3.0506",
      "s" : "buy",
      "i" : "TON_USDT",
      "m" : "4611686018428486729"
    }, {
      "d" : "1756461248139530252",
      "t" : 1756461248139,
      "tn" : 1756461248139530252,
      "q" : "0.38",
      "p" : "3.0506",
      "s" : "buy",
      "i" : "TON_USDT",
      "m" : "4611686018428486728"
    }, {
      "d" : "1756461247840009474",
      "t" : 1756461247840,
      "tn" : 1756461247840009474,
      "q" : "0.38",
      "p" : "3.0506",
      "s" : "buy",
      "i" : "TON_USDT",
      "m" : "4611686018428486727"
    }, {
      "d" : "1756461247744835235",
      "t" : 1756461247744,
      "tn" : 1756461247744835235,
      "q" : "0.38",
      "p" : "3.0506",
      "s" : "buy",
      "i" : "TON_USDT",
      "m" : "4611686018428486726"
    }, {
      "d" : "1756461247639630939",
      "t" : 1756461247639,
      "tn" : 1756461247639630939,
      "q" : "0.38",
      "p" : "3.0506",
      "s" : "buy",
      "i" : "TON_USDT",
      "m" : "4611686018428486725"
    }, {
      "d" : "1756461247539430363",
      "t" : 1756461247539,
      "tn" : 1756461247539430363,
      "q" : "0.38",
      "p" : "3.0506",
      "s" : "buy",
      "i" : "TON_USDT",
      "m" : "4611686018428486724"
    }, {
      "d" : "1756461247524318575",
      "t" : 1756461247524,
      "tn" : 1756461247524318575,
      "q" : "0.38",
      "p" : "3.0506",
      "s" : "buy",
      "i" : "TON_USDT",
      "m" : "4611686018428486723"
    }, {
      "d" : "1756461247440747352",
      "t" : 1756461247440,
      "tn" : 1756461247440747352,
      "q" : "0.38",
      "p" : "3.0506",
      "s" : "buy",
      "i" : "TON_USDT",
      "m" : "4611686018428486722"
    }, {
      "d" : "1756461247342216991",
      "t" : 1756461247342,
      "tn" : 1756461247342216991,
      "q" : "0.38",
      "p" : "3.0506",
      "s" : "buy",
      "i" : "TON_USDT",
      "m" : "4611686018428486721"
    }, {
      "d" : "1756461247242043929",
      "t" : 1756461247242,
      "tn" : 1756461247242043929,
      "q" : "0.38",
      "p" : "3.0506",
      "s" : "buy",
      "i" : "TON_USDT",
      "m" : "4611686018428486720"
    }, {
      "d" : "1756461247041737961",
      "t" : 1756461247041,
      "tn" : 1756461247041737961,
      "q" : "0.38",
      "p" : "3.0506",
      "s" : "buy",
      "i" : "TON_USDT",
      "m" : "4611686018428486719"
    }, {
      "d" : "1756461246951448891",
      "t" : 1756461246951,
      "tn" : 1756461246951448891,
      "q" : "0.38",
      "p" : "3.0506",
      "s" : "buy",
      "i" : "TON_USDT",
      "m" : "4611686018428486718"
    }, {
      "d" : "1756461246941452626",
      "t" : 1756461246941,
      "tn" : 1756461246941452626,
      "q" : "0.38",
      "p" : "3.0506",
      "s" : "buy",
      "i" : "TON_USDT",
      "m" : "4611686018428486717"
    }, {
      "d" : "1756461246840452560",
      "t" : 1756461246840,
      "tn" : 1756461246840452560,
      "q" : "0.38",
      "p" : "3.0506",
      "s" : "buy",
      "i" : "TON_USDT",
      "m" : "4611686018428486716"
    }, {
      "d" : "1756461246740305410",
      "t" : 1756461246740,
      "tn" : 1756461246740305410,
      "q" : "0.38",
      "p" : "3.0506",
      "s" : "buy",
      "i" : "TON_USDT",
      "m" : "4611686018428486715"
    }, {
      "d" : "1756461246670175913",
      "t" : 1756461246670,
      "tn" : 1756461246670175913,
      "q" : "0.38",
      "p" : "3.0506",
      "s" : "buy",
      "i" : "TON_USDT",
      "m" : "4611686018428486714"
    }, {
      "d" : "1756461246640087840",
      "t" : 1756461246640,
      "tn" : 1756461246640087840,
      "q" : "0.38",
      "p" : "3.0506",
      "s" : "buy",
      "i" : "TON_USDT",
      "m" : "4611686018428486713"
    }, {
      "d" : "1756461246559967027",
      "t" : 1756461246559,
      "tn" : 1756461246559967027,
      "q" : "0.38",
      "p" : "3.0506",
      "s" : "buy",
      "i" : "TON_USDT",
      "m" : "4611686018428486712"
    }, {
      "d" : "1756461246539938698",
      "t" : 1756461246539,
      "tn" : 1756461246539938698,
      "q" : "0.38",
      "p" : "3.0506",
      "s" : "buy",
      "i" : "TON_USDT",
      "m" : "4611686018428486711"
    }, {
      "d" : "1756461246525010865",
      "t" : 1756461246525,
      "tn" : 1756461246525010865,
      "q" : "0.38",
      "p" : "3.0506",
      "s" : "buy",
      "i" : "TON_USDT",
      "m" : "4611686018428486710"
    }, {
      "d" : "1756461245521354250",
      "t" : 1756461245521,
      "tn" : 1756461245521354250,
      "q" : "114.33",
      "p" : "3.0508",
      "s" : "sell",
      "i" : "TON_USDT",
      "m" : "4611686018428486709"
    }, {
      "d" : "1756461245521352576",
      "t" : 1756461245521,
      "tn" : 1756461245521352576,
      "q" : "0.38",
      "p" : "3.0509",
      "s" : "sell",
      "i" : "TON_USDT",
      "m" : "4611686018428486708"
    }, {
      "d" : "1756461245521347802",
      "t" : 1756461245521,
      "tn" : 1756461245521347802,
      "q" : "65.17",
      "p" : "3.0509",
      "s" : "sell",
      "i" : "TON_USDT",
      "m" : "4611686018428486707"
    }, {
      "d" : "1756461245521344277",
      "t" : 1756461245521,
      "tn" : 1756461245521344277,
      "q" : "0.38",
      "p" : "3.0514",
      "s" : "sell",
      "i" : "TON_USDT",
      "m" : "4611686018428486706"
    }, {
      "d" : "1756461112491626097",
      "t" : 1756461112491,
      "tn" : 1756461112491626097,
      "q" : "0.38",
      "p" : "3.0504",
      "s" : "sell",
      "i" : "TON_USDT",
      "m" : "4611686018428486705"
    }, {
      "d" : "1756461026056726917",
      "t" : 1756461026056,
      "tn" : 1756461026056726917,
      "q" : "0.65",
      "p" : "3.0525",
      "s" : "sell",
      "i" : "TON_USDT",
      "m" : "4611686018428486704"
    }, {
      "d" : "1756460973717809939",
      "t" : 1756460973717,
      "tn" : 1756460973717809939,
      "q" : "0.65",
      "p" : "3.0550",
      "s" : "buy",
      "i" : "TON_USDT",
      "m" : "4611686018428486703"
    }, {
      "d" : "1756460937909405950",
      "t" : 1756460937909,
      "tn" : 1756460937909405950,
      "q" : "0.65",
      "p" : "3.0555",
      "s" : "buy",
      "i" : "TON_USDT",
      "m" : "4611686018428486702"
    }, {
      "d" : "1756460910564086830",
      "t" : 1756460910564,
      "tn" : 1756460910564086830,
      "q" : "0.46",
      "p" : "3.0533",
      "s" : "buy",
      "i" : "TON_USDT",
      "m" : "4611686018428486701"
    }, {
      "d" : "1756460749321793738",
      "t" : 1756460749321,
      "tn" : 1756460749321793738,
      "q" : "0.38",
      "p" : "3.0484",
      "s" : "sell",
      "i" : "TON_USDT",
      "m" : "4611686018428486700"
    }, {
      "d" : "1756460704704446044",
      "t" : 1756460704704,
      "tn" : 1756460704704446044,
      "q" : "0.38",
      "p" : "3.0464",
      "s" : "sell",
      "i" : "TON_USDT",
      "m" : "4611686018428486699"
    }, {
      "d" : "1756460669578552721",
      "t" : 1756460669578,
      "tn" : 1756460669578552721,
      "q" : "0.38",
      "p" : "3.0473",
      "s" : "sell",
      "i" : "TON_USDT",
      "m" : "4611686018428486698"
    }, {
      "d" : "1756460605747975895",
      "t" : 1756460605747,
      "tn" : 1756460605747975895,
      "q" : "49.42",
      "p" : "3.0465",
      "s" : "buy",
      "i" : "TON_USDT",
      "m" : "4611686018428486697"
    }, {
      "d" : "1756460605224709972",
      "t" : 1756460605224,
      "tn" : 1756460605224709972,
      "q" : "308.23",
      "p" : "3.0455",
      "s" : "buy",
      "i" : "TON_USDT",
      "m" : "4611686018428486696"
    }, {
      "d" : "1756460549809700613",
      "t" : 1756460549809,
      "tn" : 1756460549809700613,
      "q" : "0.65",
      "p" : "3.0455",
      "s" : "sell",
      "i" : "TON_USDT",
      "m" : "4611686018428486695"
    }, {
      "d" : "1756460424869350069",
      "t" : 1756460424869,
      "tn" : 1756460424869350068,
      "q" : "35.01",
      "p" : "3.0427",
      "s" : "sell",
      "i" : "TON_USDT",
      "m" : "4611686018428486694"
    }, {
      "d" : "1756460424869350068",
      "t" : 1756460424869,
      "tn" : 1756460424869350068,
      "q" : "21.02",
      "p" : "3.0427",
      "s" : "sell",
      "i" : "TON_USDT",
      "m" : "4611686018428486694"
    }, {
      "d" : "1756460424854887195",
      "t" : 1756460424854,
      "tn" : 1756460424854887195,
      "q" : "0.65",
      "p" : "3.0435",
      "s" : "sell",
      "i" : "TON_USDT",
      "m" : "4611686018428486693"
    }, {
      "d" : "1756460402265265291",
      "t" : 1756460402265,
      "tn" : 1756460402265265291,
      "q" : "14.08",
      "p" : "3.0431",
      "s" : "buy",
      "i" : "TON_USDT",
      "m" : "4611686018428486692"
    }, {
      "d" : "1756460402258033488",
      "t" : 1756460402258,
      "tn" : 1756460402258033488,
      "q" : "46.67",
      "p" : "3.0431",
      "s" : "buy",
      "i" : "TON_USDT",
      "m" : "4611686018428486691"
    }, {
      "d" : "1756460402254194918",
      "t" : 1756460402254,
      "tn" : 1756460402254194918,
      "q" : "14.08",
      "p" : "3.0431",
      "s" : "buy",
      "i" : "TON_USDT",
      "m" : "4611686018428486690"
    }, {
      "d" : "1756460402253768927",
      "t" : 1756460402253,
      "tn" : 1756460402253768927,
      "q" : "60.75",
      "p" : "3.0431",
      "s" : "buy",
      "i" : "TON_USDT",
      "m" : "4611686018428486689"
    }, {
      "d" : "1756460402251712962",
      "t" : 1756460402251,
      "tn" : 1756460402251712962,
      "q" : "60.75",
      "p" : "3.0431",
      "s" : "buy",
      "i" : "TON_USDT",
      "m" : "4611686018428486688"
    }, {
      "d" : "1756460402249475507",
      "t" : 1756460402249,
      "tn" : 1756460402249475507,
      "q" : "60.75",
      "p" : "3.0431",
      "s" : "buy",
      "i" : "TON_USDT",
      "m" : "4611686018428486687"
    }, {
      "d" : "1756460402247694778",
      "t" : 1756460402247,
      "tn" : 1756460402247694778,
      "q" : "243.00",
      "p" : "3.0431",
      "s" : "buy",
      "i" : "TON_USDT",
      "m" : "4611686018428486686"
    }, {
      "d" : "1756460402247297112",
      "t" : 1756460402247,
      "tn" : 1756460402247297112,
      "q" : "60.75",
      "p" : "3.0431",
      "s" : "buy",
      "i" : "TON_USDT",
      "m" : "4611686018428486685"
    }, {
      "d" : "1756460402247294350",
      "t" : 1756460402247,
      "tn" : 1756460402247294350,
      "q" : "60.48",
      "p" : "3.0431",
      "s" : "buy",
      "i" : "TON_USDT",
      "m" : "4611686018428486684"
    }, {
      "d" : "1756460402247291066",
      "t" : 1756460402247,
      "tn" : 1756460402247291066,
      "q" : "0.38",
      "p" : "3.0426",
      "s" : "buy",
      "i" : "TON_USDT",
      "m" : "4611686018428486683"
    }, {
      "d" : "1756460398680400497",
      "t" : 1756460398680,
      "tn" : 1756460398680400497,
      "q" : "98.84",
      "p" : "3.0420",
      "s" : "buy",
      "i" : "TON_USDT",
      "m" : "4611686018428486682"
    }, {
      "d" : "1756460398631732072",
      "t" : 1756460398631,
      "tn" : 1756460398631732072,
      "q" : "121.39",
      "p" : "3.0417",
      "s" : "buy",
      "i" : "TON_USDT",
      "m" : "4611686018428486681"
    }, {
      "d" : "1756460398631728058",
      "t" : 1756460398631,
      "tn" : 1756460398631728058,
      "q" : "54.74",
      "p" : "3.0417",
      "s" : "buy",
      "i" : "TON_USDT",
      "m" : "4611686018428486680"
    }, {
      "d" : "1756460352611727256",
      "t" : 1756460352611,
      "tn" : 1756460352611727255,
      "q" : "197.29",
      "p" : "3.0436",
      "s" : "buy",
      "i" : "TON_USDT",
      "m" : "4611686018428486679"
    }, {
      "d" : "1756460352611727255",
      "t" : 1756460352611,
      "tn" : 1756460352611727255,
      "q" : "0.38",
      "p" : "3.0436",
      "s" : "buy",
      "i" : "TON_USDT",
      "m" : "4611686018428486679"
    }, {
      "d" : "1756460352603627296",
      "t" : 1756460352603,
      "tn" : 1756460352603627296,
      "q" : "0.38",
      "p" : "3.0436",
      "s" : "buy",
      "i" : "TON_USDT",
      "m" : "4611686018428486678"
    }, {
      "d" : "1756460349637896633",
      "t" : 1756460349637,
      "tn" : 1756460349637896633,
      "q" : "0.38",
      "p" : "3.0446",
      "s" : "buy",
      "i" : "TON_USDT",
      "m" : "4611686018428486677"
    }, {
      "d" : "1756460349484697979",
      "t" : 1756460349484,
      "tn" : 1756460349484697979,
      "q" : "0.38",
      "p" : "3.0446",
      "s" : "buy",
      "i" : "TON_USDT",
      "m" : "4611686018428486676"
    }, {
      "d" : "1756460347846795755",
      "t" : 1756460347846,
      "tn" : 1756460347846795755,
      "q" : "54.58",
      "p" : "3.0415",
      "s" : "sell",
      "i" : "TON_USDT",
      "m" : "4611686018428486675"
    }, {
      "d" : "1756460347846793931",
      "t" : 1756460347846,
      "tn" : 1756460347846793931,
      "q" : "0.38",
      "p" : "3.0435",
      "s" : "sell",
      "i" : "TON_USDT",
      "m" : "4611686018428486674"
    }, {
      "d" : "1756460347740595666",
      "t" : 1756460347740,
      "tn" : 1756460347740595666,
      "q" : "0.38",
      "p" : "3.0436",
      "s" : "buy",
      "i" : "TON_USDT",
      "m" : "4611686018428486673"
    }, {
      "d" : "1756460347720761125",
      "t" : 1756460347720,
      "tn" : 1756460347720761125,
      "q" : "0.38",
      "p" : "3.0436",
      "s" : "buy",
      "i" : "TON_USDT",
      "m" : "4611686018428486672"
    }, {
      "d" : "1756460347670684943",
      "t" : 1756460347670,
      "tn" : 1756460347670684943,
      "q" : "0.38",
      "p" : "3.0436",
      "s" : "buy",
      "i" : "TON_USDT",
      "m" : "4611686018428486671"
    }, {
      "d" : "1756460347540496061",
      "t" : 1756460347540,
      "tn" : 1756460347540496061,
      "q" : "0.38",
      "p" : "3.0436",
      "s" : "buy",
      "i" : "TON_USDT",
      "m" : "4611686018428486670"
    }, {
      "d" : "1756460347520407843",
      "t" : 1756460347520,
      "tn" : 1756460347520407843,
      "q" : "0.38",
      "p" : "3.0436",
      "s" : "buy",
      "i" : "TON_USDT",
      "m" : "4611686018428486669"
    }, {
      "d" : "1756460346174054038",
      "t" : 1756460346174,
      "tn" : 1756460346174054038,
      "q" : "1774.39",
      "p" : "3.0400",
      "s" : "sell",
      "i" : "TON_USDT",
      "m" : "4611686018428486668"
    }, {
      "d" : "1756460346174051974",
      "t" : 1756460346174,
      "tn" : 1756460346174051974,
      "q" : "287.55",
      "p" : "3.0401",
      "s" : "sell",
      "i" : "TON_USDT",
      "m" : "4611686018428486667"
    }, {
      "d" : "1756460346174049348",
      "t" : 1756460346174,
      "tn" : 1756460346174049348,
      "q" : "115.10",
      "p" : "3.0404",
      "s" : "sell",
      "i" : "TON_USDT",
      "m" : "4611686018428486666"
    }, {
      "d" : "1756460346174046661",
      "t" : 1756460346174,
      "tn" : 1756460346174046661,
      "q" : "115.10",
      "p" : "3.0405",
      "s" : "sell",
      "i" : "TON_USDT",
      "m" : "4611686018428486665"
    }, {
      "d" : "1756460346174044352",
      "t" : 1756460346174,
      "tn" : 1756460346174044352,
      "q" : "65.77",
      "p" : "3.0406",
      "s" : "sell",
      "i" : "TON_USDT",
      "m" : "4611686018428486664"
    }, {
      "d" : "1756460346174041472",
      "t" : 1756460346174,
      "tn" : 1756460346174041472,
      "q" : "314.77",
      "p" : "3.0413",
      "s" : "sell",
      "i" : "TON_USDT",
      "m" : "4611686018428486663"
    }, {
      "d" : "1756460346174039227",
      "t" : 1756460346174,
      "tn" : 1756460346174039227,
      "q" : "132.19",
      "p" : "3.0420",
      "s" : "sell",
      "i" : "TON_USDT",
      "m" : "4611686018428486662"
    }, {
      "d" : "1756460346174036431",
      "t" : 1756460346174,
      "tn" : 1756460346174036431,
      "q" : "0.38",
      "p" : "3.0454",
      "s" : "sell",
      "i" : "TON_USDT",
      "m" : "4611686018428486661"
    }, {
      "d" : "1756460345721948226",
      "t" : 1756460345721,
      "tn" : 1756460345721948226,
      "q" : "0.18",
      "p" : "3.0425",
      "s" : "buy",
      "i" : "TON_USDT",
      "m" : "4611686018428486660"
    }, {
      "d" : "1756460345648033223",
      "t" : 1756460345648,
      "tn" : 1756460345648033223,
      "q" : "0.47",
      "p" : "3.0425",
      "s" : "buy",
      "i" : "TON_USDT",
      "m" : "4611686018428486659"
    }, {
      "d" : "1756460324025975091",
      "t" : 1756460324025,
      "tn" : 1756460324025975091,
      "q" : "208.06",
      "p" : "3.0425",
      "s" : "buy",
      "i" : "TON_USDT",
      "m" : "4611686018428486658"
    }, {
      "d" : "1756460324025973413",
      "t" : 1756460324025,
      "tn" : 1756460324025973413,
      "q" : "0.38",
      "p" : "3.0416",
      "s" : "buy",
      "i" : "TON_USDT",
      "m" : "4611686018428486657"
    }, {
      "d" : "1756460324019045697",
      "t" : 1756460324019,
      "tn" : 1756460324019045697,
      "q" : "208.06",
      "p" : "3.0425",
      "s" : "buy",
      "i" : "TON_USDT",
      "m" : "4611686018428486656"
    }, {
      "d" : "1756460324018547607",
      "t" : 1756460324018,
      "tn" : 1756460324018547607,
      "q" : "0.38",
      "p" : "3.0416",
      "s" : "buy",
      "i" : "TON_USDT",
      "m" : "4611686018428486655"
    }, {
      "d" : "1756460324016162129",
      "t" : 1756460324016,
      "tn" : 1756460324016162129,
      "q" : "311.09",
      "p" : "3.0423",
      "s" : "buy",
      "i" : "TON_USDT",
      "m" : "4611686018428486654"
    }, {
      "d" : "1756460324000923629",
      "t" : 1756460324000,
      "tn" : 1756460324000923629,
      "q" : "0.38",
      "p" : "3.0416",
      "s" : "buy",
      "i" : "TON_USDT",
      "m" : "4611686018428486653"
    }, {
      "d" : "1756460323970571798",
      "t" : 1756460323970,
      "tn" : 1756460323970571798,
      "q" : "0.38",
      "p" : "3.0416",
      "s" : "buy",
      "i" : "TON_USDT",
      "m" : "4611686018428486652"
    }, {
      "d" : "1756460323961995900",
      "t" : 1756460323961,
      "tn" : 1756460323961995900,
      "q" : "0.38",
      "p" : "3.0416",
      "s" : "buy",
      "i" : "TON_USDT",
      "m" : "4611686018428486651"
    }, {
      "d" : "1756460323940695227",
      "t" : 1756460323940,
      "tn" : 1756460323940695227,
      "q" : "0.38",
      "p" : "3.0416",
      "s" : "buy",
      "i" : "TON_USDT",
      "m" : "4611686018428486650"
    }, {
      "d" : "1756460323926536529",
      "t" : 1756460323926,
      "tn" : 1756460323926536529,
      "q" : "0.38",
      "p" : "3.0416",
      "s" : "buy",
      "i" : "TON_USDT",
      "m" : "4611686018428486649"
    }, {
      "d" : "1756460323889662246",
      "t" : 1756460323889,
      "tn" : 1756460323889662246,
      "q" : "0.38",
      "p" : "3.0416",
      "s" : "buy",
      "i" : "TON_USDT",
      "m" : "4611686018428486648"
    }, {
      "d" : "1756460323168588302",
      "t" : 1756460323168,
      "tn" : 1756460323168588302,
      "q" : "0.38",
      "p" : "3.0416",
      "s" : "buy",
      "i" : "TON_USDT",
      "m" : "4611686018428486647"
    }, {
      "d" : "1756460322809665080",
      "t" : 1756460322809,
      "tn" : 1756460322809665080,
      "q" : "0.38",
      "p" : "3.0416",
      "s" : "buy",
      "i" : "TON_USDT",
      "m" : "4611686018428486646"
    }, {
      "d" : "1756460322801644661",
      "t" : 1756460322801,
      "tn" : 1756460322801644661,
      "q" : "0.38",
      "p" : "3.0416",
      "s" : "buy",
      "i" : "TON_USDT",
      "m" : "4611686018428486645"
    }, {
      "d" : "1756460322777539451",
      "t" : 1756460322777,
      "tn" : 1756460322777539451,
      "q" : "0.38",
      "p" : "3.0416",
      "s" : "buy",
      "i" : "TON_USDT",
      "m" : "4611686018428486644"
    }, {
      "d" : "1756460321899421852",
      "t" : 1756460321899,
      "tn" : 1756460321899421852,
      "q" : "0.38",
      "p" : "3.0416",
      "s" : "buy",
      "i" : "TON_USDT",
      "m" : "4611686018428486643"
    }, {
      "d" : "1756460321891657504",
      "t" : 1756460321891,
      "tn" : 1756460321891657504,
      "q" : "0.38",
      "p" : "3.0416",
      "s" : "buy",
      "i" : "TON_USDT",
      "m" : "4611686018428486642"
    }, {
      "d" : "1756460321750788263",
      "t" : 1756460321750,
      "tn" : 1756460321750788263,
      "q" : "0.38",
      "p" : "3.0416",
      "s" : "buy",
      "i" : "TON_USDT",
      "m" : "4611686018428486641"
    }, {
      "d" : "1756460321639033935",
      "t" : 1756460321639,
      "tn" : 1756460321639033935,
      "q" : "0.38",
      "p" : "3.0416",
      "s" : "buy",
      "i" : "TON_USDT",
      "m" : "4611686018428486640"
    }, {
      "d" : "1756460321536629500",
      "t" : 1756460321536,
      "tn" : 1756460321536629500,
      "q" : "0.38",
      "p" : "3.0416",
      "s" : "buy",
      "i" : "TON_USDT",
      "m" : "4611686018428486639"
    }, {
      "d" : "1756460319962781707",
      "t" : 1756460319962,
      "tn" : 1756460319962781707,
      "q" : "0.38",
      "p" : "3.0426",
      "s" : "buy",
      "i" : "TON_USDT",
      "m" : "4611686018428486638"
    }, {
      "d" : "1756460319892485472",
      "t" : 1756460319892,
      "tn" : 1756460319892485472,
      "q" : "0.38",
      "p" : "3.0426",
      "s" : "buy",
      "i" : "TON_USDT",
      "m" : "4611686018428486637"
    }, {
      "d" : "1756460319539783198",
      "t" : 1756460319539,
      "tn" : 1756460319539783198,
      "q" : "0.38",
      "p" : "3.0426",
      "s" : "buy",
      "i" : "TON_USDT",
      "m" : "4611686018428486636"
    }, {
      "d" : "1756460319524749173",
      "t" : 1756460319524,
      "tn" : 1756460319524749173,
      "q" : "0.38",
      "p" : "3.0426",
      "s" : "buy",
      "i" : "TON_USDT",
      "m" : "4611686018428486635"
    }, {
      "d" : "1756460317038924686",
      "t" : 1756460317038,
      "tn" : 1756460317038924686,
      "q" : "0.38",
      "p" : "3.0436",
      "s" : "buy",
      "i" : "TON_USDT",
      "m" : "4611686018428486634"
    }, {
      "d" : "1756460316739625706",
      "t" : 1756460316739,
      "tn" : 1756460316739625706,
      "q" : "0.38",
      "p" : "3.0436",
      "s" : "buy",
      "i" : "TON_USDT",
      "m" : "4611686018428486633"
    }, {
      "d" : "1756460316640522487",
      "t" : 1756460316640,
      "tn" : 1756460316640522487,
      "q" : "0.38",
      "p" : "3.0436",
      "s" : "buy",
      "i" : "TON_USDT",
      "m" : "4611686018428486632"
    }, {
      "d" : "1756460316520081098",
      "t" : 1756460316520,
      "tn" : 1756460316520081098,
      "q" : "0.38",
      "p" : "3.0436",
      "s" : "buy",
      "i" : "TON_USDT",
      "m" : "4611686018428486631"
    }, {
      "d" : "1756460316438772570",
      "t" : 1756460316438,
      "tn" : 1756460316438772570,
      "q" : "0.38",
      "p" : "3.0436",
      "s" : "buy",
      "i" : "TON_USDT",
      "m" : "4611686018428486630"
    }, {
      "d" : "1756460316419257602",
      "t" : 1756460316419,
      "tn" : 1756460316419257602,
      "q" : "0.38",
      "p" : "3.0436",
      "s" : "buy",
      "i" : "TON_USDT",
      "m" : "4611686018428486629"
    }, {
      "d" : "1756460316249474807",
      "t" : 1756460316249,
      "tn" : 1756460316249474807,
      "q" : "0.38",
      "p" : "3.0436",
      "s" : "buy",
      "i" : "TON_USDT",
      "m" : "4611686018428486628"
    }, {
      "d" : "1756460316139707853",
      "t" : 1756460316139,
      "tn" : 1756460316139707853,
      "q" : "0.38",
      "p" : "3.0436",
      "s" : "buy",
      "i" : "TON_USDT",
      "m" : "4611686018428486627"
    }, {
      "d" : "1756460316061630906",
      "t" : 1756460316061,
      "tn" : 1756460316061630906,
      "q" : "0.38",
      "p" : "3.0436",
      "s" : "buy",
      "i" : "TON_USDT",
      "m" : "4611686018428486626"
    }, {
      "d" : "1756460315643868716",
      "t" : 1756460315643,
      "tn" : 1756460315643868716,
      "q" : "0.38",
      "p" : "3.0436",
      "s" : "buy",
      "i" : "TON_USDT",
      "m" : "4611686018428486625"
    }, {
      "d" : "1756460313937287876",
      "t" : 1756460313937,
      "tn" : 1756460313937287876,
      "q" : "0.65",
      "p" : "3.0455",
      "s" : "sell",
      "i" : "TON_USDT",
      "m" : "4611686018428486624"
    }, {
      "d" : "1756460313603653637",
      "t" : 1756460313603,
      "tn" : 1756460313603653637,
      "q" : "0.38",
      "p" : "3.0456",
      "s" : "buy",
      "i" : "TON_USDT",
      "m" : "4611686018428486623"
    }, {
      "d" : "1756460313395082722",
      "t" : 1756460313395,
      "tn" : 1756460313395082722,
      "q" : "0.38",
      "p" : "3.0456",
      "s" : "buy",
      "i" : "TON_USDT",
      "m" : "4611686018428486622"
    }, {
      "d" : "1756460313374826862",
      "t" : 1756460313374,
      "tn" : 1756460313374826862,
      "q" : "0.38",
      "p" : "3.0456",
      "s" : "buy",
      "i" : "TON_USDT",
      "m" : "4611686018428486621"
    }, {
      "d" : "1756460313344953067",
      "t" : 1756460313344,
      "tn" : 1756460313344953067,
      "q" : "0.38",
      "p" : "3.0456",
      "s" : "buy",
      "i" : "TON_USDT",
      "m" : "4611686018428486620"
    }, {
      "d" : "1756460313244853288",
      "t" : 1756460313244,
      "tn" : 1756460313244853288,
      "q" : "0.38",
      "p" : "3.0446",
      "s" : "buy",
      "i" : "TON_USDT",
      "m" : "4611686018428486619"
    }, {
      "d" : "1756460313198455623",
      "t" : 1756460313198,
      "tn" : 1756460313198455623,
      "q" : "789.09",
      "p" : "3.0419",
      "s" : "sell",
      "i" : "TON_USDT",
      "m" : "4611686018428486618"
    }, {
      "d" : "1756460313198453419",
      "t" : 1756460313198,
      "tn" : 1756460313198453419,
      "q" : "56.00",
      "p" : "3.0422",
      "s" : "sell",
      "i" : "TON_USDT",
      "m" : "4611686018428486617"
    }, {
      "d" : "1756460313198450748",
      "t" : 1756460313198,
      "tn" : 1756460313198450748,
      "q" : "30.14",
      "p" : "3.0427",
      "s" : "sell",
      "i" : "TON_USDT",
      "m" : "4611686018428486616"
    }, {
      "d" : "1756460313198448238",
      "t" : 1756460313198,
      "tn" : 1756460313198448237,
      "q" : "129.44",
      "p" : "3.0428",
      "s" : "sell",
      "i" : "TON_USDT",
      "m" : "4611686018428486615"
    }, {
      "d" : "1756460313198448237",
      "t" : 1756460313198,
      "tn" : 1756460313198448237,
      "q" : "65.72",
      "p" : "3.0428",
      "s" : "sell",
      "i" : "TON_USDT",
      "m" : "4611686018428486615"
    }, {
      "d" : "1756460313198443638",
      "t" : 1756460313198,
      "tn" : 1756460313198443638,
      "q" : "0.65",
      "p" : "3.0435",
      "s" : "sell",
      "i" : "TON_USDT",
      "m" : "4611686018428486614"
    }, {
      "d" : "1756460313198440662",
      "t" : 1756460313198,
      "tn" : 1756460313198440662,
      "q" : "0.38",
      "p" : "3.0454",
      "s" : "sell",
      "i" : "TON_USDT",
      "m" : "4611686018428486613"
    }, {
      "d" : "1756460312598582215",
      "t" : 1756460312598,
      "tn" : 1756460312598582215,
      "q" : "0.38",
      "p" : "3.0456",
      "s" : "buy",
      "i" : "TON_USDT",
      "m" : "4611686018428486612"
    }, {
      "d" : "1756460312538463909",
      "t" : 1756460312538,
      "tn" : 1756460312538463909,
      "q" : "0.38",
      "p" : "3.0456",
      "s" : "buy",
      "i" : "TON_USDT",
      "m" : "4611686018428486611"
    } ]
  }
}