{
  "id" : -1,
  "method" : "public/get-trades",
  "code" : 0,
  "result" : {
    "data" : [ {
      "d" : "1756462641556661776",
      "t" : 1756462641556,
      "tn" : 1756462641556661776,
      "q" : "3000000000",
      "p" : "0.00000004950",
      "s" : "buy",
      "i" : "TONIC_USD",
      "m" : "4611686018431368227"
    }, {
      "d" : "1756462640265512970",
      "t" : 1756462640265,
      "tn" : 1756462640265512970,
      "q" : "3000000000",
      "p" : "0.00000004936",
      "s" : "buy",
      "i" : "TONIC_USD",
      "m" : "4611686018431368226"
    }, {
      "d" : "1756462639489724357",
      "t" : 1756462639489,
      "tn" : 1756462639489724357,
      "q" : "3000000000",
      "p" : "0.00000004911",
      "s" : "buy",
      "i" : "TONIC_USD",
      "m" : "4611686018431368225"
    }, {
      "d" : "1756462638885412966",
      "t" : 1756462638885,
      "tn" : 1756462638885412966,
      "q" : "3000000000",
      "p" : "0.00000004861",
      "s" : "buy",
      "i" : "TONIC_USD",
      "m" : "4611686018431368224"
    }, {
      "d" : "1756462492835179429",
      "t" : 1756462492835,
      "tn" : 1756462492835179429,
      "q" : "3018000000",
      "p" : "0.00000005310",
      "s" : "sell",
      "i" : "TONIC_USD",
      "m" : "4611686018431368223"
    }, {
      "d" : "1756462492415896049",
      "t" : 1756462492415,
      "tn" : 1756462492415896049,
      "q" : "3018000000",
      "p" : "0.00000005327",
      "s" : "sell",
      "i" : "TONIC_USD",
      "m" : "4611686018431368222"
    }, {
      "d" : "1756462491836574487",
      "t" : 1756462491836,
      "tn" : 1756462491836574487,
      "q" : "3018000000",
      "p" : "0.00000005357",
      "s" : "sell",
      "i" : "TONIC_USD",
      "m" : "4611686018431368221"
    }, {
      "d" : "1756462491544355211",
      "t" : 1756462491544,
      "tn" : 1756462491544355211,
      "q" : "1128000000",
      "p" : "0.00000005383",
      "s" : "sell",
      "i" : "TONIC_USD",
      "m" : "4611686018431368220"
    }, {
      "d" : "1756462491371446457",
      "t" : 1756462491371,
      "tn" : 1756462491371446457,
      "q" : "2008000000",
      "p" : "0.00000005409",
      "s" : "sell",
      "i" : "TONIC_USD",
      "m" : "4611686018431368219"
    }, {
      "d" : "1756462491371444283",
      "t" : 1756462491371,
      "tn" : 1756462491371444283,
      "q" : "1010000000",
      "p" : "0.00000005413",
      "s" : "sell",
      "i" : "TONIC_USD",
      "m" : "4611686018431368218"
    }, {
      "d" : "1756462392512486160",
      "t" : 1756462392512,
      "tn" : 1756462392512486160,
      "q" : "3000000000",
      "p" : "0.00000004950",
      "s" : "buy",
      "i" : "TONIC_USD",
      "m" : "4611686018431368217"
    }, {
      "d" : "1756462392049101814",
      "t" : 1756462392049,
      "tn" : 1756462392049101814,
      "q" : "3000000000",
      "p" : "0.00000004929",
      "s" : "buy",
      "i" : "TONIC_USD",
      "m" : "4611686018431368216"
    }, {
      "d" : "1756462391607257335",
      "t" : 1756462391607,
      "tn" : 1756462391607257335,
      "q" : "522000000",
      "p" : "0.00000004920",
      "s" : "buy",
      "i" : "TONIC_USD",
      "m" : "4611686018431368215"
    }, {
      "d" : "1756462391607255300",
      "t" : 1756462391607,
      "tn" : 1756462391607255300,
      "q" : "2478000000",
      "p" : "0.00000004897",
      "s" : "buy",
      "i" : "TONIC_USD",
      "m" : "4611686018431368214"
    }, {
      "d" : "1756462391088266735",
      "t" : 1756462391088,
      "tn" : 1756462391088266735,
      "q" : "3000000000",
      "p" : "0.00000004869",
      "s" : "buy",
      "i" : "TONIC_USD",
      "m" : "4611686018431368213"
    }, {
      "d" : "1756462349562643740",
      "t" : 1756462349562,
      "tn" : 1756462349562643740,
      "q" : "2823000000",
      "p" : "0.00000005293",
      "s" : "sell",
      "i" : "TONIC_USD",
      "m" : "4611686018431368212"
    }, {
      "d" : "1756462345363018711",
      "t" : 1756462345363,
      "tn" : 1756462345363018711,
      "q" : "3198000000",
      "p" : "0.00000005340",
      "s" : "sell",
      "i" : "TONIC_USD",
      "m" : "4611686018431368211"
    }, {
      "d" : "1756462344779748268",
      "t" : 1756462344779,
      "tn" : 1756462344779748268,
      "q" : "121000000",
      "p" : "0.00000005400",
      "s" : "sell",
      "i" : "TONIC_USD",
      "m" : "4611686018431368210"
    }, {
      "d" : "1756462344779746523",
      "t" : 1756462344779,
      "tn" : 1756462344779746523,
      "q" : "3077000000",
      "p" : "0.00000005406",
      "s" : "sell",
      "i" : "TONIC_USD",
      "m" : "4611686018431368209"
    }, {
      "d" : "1756462344283729542",
      "t" : 1756462344283,
      "tn" : 1756462344283729542,
      "q" : "1333000000",
      "p" : "0.00000005393",
      "s" : "sell",
      "i" : "TONIC_USD",
      "m" : "4611686018431368208"
    }, {
      "d" : "1756462344283727676",
      "t" : 1756462344283,
      "tn" : 1756462344283727676,
      "q" : "1865000000",
      "p" : "0.00000005397",
      "s" : "sell",
      "i" : "TONIC_USD",
      "m" : "4611686018431368207"
    }, {
      "d" : "1756462286175268035",
      "t" : 1756462286175,
      "tn" : 1756462286175268035,
      "q" : "3200000000",
      "p" : "0.00000004950",
      "s" : "buy",
      "i" : "TONIC_USD",
      "m" : "4611686018431368206"
    }, {
      "d" : "1756462285668362667",
      "t" : 1756462285668,
      "tn" : 1756462285668362667,
      "q" : "3200000000",
      "p" : "0.00000004936",
      "s" : "buy",
      "i" : "TONIC_USD",
      "m" : "4611686018431368205"
    }, {
      "d" : "1756462284520710806",
      "t" : 1756462284520,
      "tn" : 1756462284520710806,
      "q" : "3200000000",
      "p" : "0.00000004910",
      "s" : "buy",
      "i" : "TONIC_USD",
      "m" : "4611686018431368204"
    }, {
      "d" : "1756462283887840689",
      "t" : 1756462283887,
      "tn" : 1756462283887840689,
      "q" : "123000000",
      "p" : "0.00000004890",
      "s" : "buy",
      "i" : "TONIC_USD",
      "m" : "4611686018431368203"
    }, {
      "d" : "1756462283887838741",
      "t" : 1756462283887,
      "tn" : 1756462283887838741,
      "q" : "3077000000",
      "p" : "0.00000004866",
      "s" : "buy",
      "i" : "TONIC_USD",
      "m" : "4611686018431368202"
    }, {
      "d" : "1756462166066902198",
      "t" : 1756462166066,
      "tn" : 1756462166066902198,
      "q" : "500000000",
      "p" : "0.00000004850",
      "s" : "buy",
      "i" : "TONIC_USD",
      "m" : "4611686018431368201"
    }, {
      "d" : "1756462041034174597",
      "t" : 1756462041034,
      "tn" : 1756462041034174597,
      "q" : "568000000",
      "p" : "0.00000004844",
      "s" : "sell",
      "i" : "TONIC_USD",
      "m" : "4611686018431368200"
    }, {
      "d" : "1756461942918149888",
      "t" : 1756461942918,
      "tn" : 1756461942918149888,
      "q" : "667000000",
      "p" : "0.00000005340",
      "s" : "sell",
      "i" : "TONIC_USD",
      "m" : "4611686018431368199"
    }, {
      "d" : "1756461942918147965",
      "t" : 1756461942918,
      "tn" : 1756461942918147965,
      "q" : "59000000",
      "p" : "0.00000005410",
      "s" : "sell",
      "i" : "TONIC_USD",
      "m" : "4611686018431368198"
    }, {
      "d" : "1756461806390804590",
      "t" : 1756461806390,
      "tn" : 1756461806390804590,
      "q" : "3018000000",
      "p" : "0.00000005309",
      "s" : "sell",
      "i" : "TONIC_USD",
      "m" : "4611686018431368197"
    }, {
      "d" : "1756461805927250099",
      "t" : 1756461805927,
      "tn" : 1756461805927250099,
      "q" : "3018000000",
      "p" : "0.00000005340",
      "s" : "sell",
      "i" : "TONIC_USD",
      "m" : "4611686018431368196"
    }, {
      "d" : "1756461805428522999",
      "t" : 1756461805428,
      "tn" : 1756461805428522999,
      "q" : "3018000000",
      "p" : "0.00000005343",
      "s" : "sell",
      "i" : "TONIC_USD",
      "m" : "4611686018431368195"
    }, {
      "d" : "1756461804947040191",
      "t" : 1756461804947,
      "tn" : 1756461804947040191,
      "q" : "2974000000",
      "p" : "0.00000005343",
      "s" : "sell",
      "i" : "TONIC_USD",
      "m" : "4611686018431368194"
    }, {
      "d" : "1756461804947038167",
      "t" : 1756461804947,
      "tn" : 1756461804947038167,
      "q" : "44000000",
      "p" : "0.00000005403",
      "s" : "sell",
      "i" : "TONIC_USD",
      "m" : "4611686018431368193"
    }, {
      "d" : "1756461801517495958",
      "t" : 1756461801517,
      "tn" : 1756461801517495958,
      "q" : "2824000000",
      "p" : "0.00000005413",
      "s" : "sell",
      "i" : "TONIC_USD",
      "m" : "4611686018431368192"
    }, {
      "d" : "1756461729563171613",
      "t" : 1756461729563,
      "tn" : 1756461729563171613,
      "q" : "3200000000",
      "p" : "0.00000004991",
      "s" : "buy",
      "i" : "TONIC_USD",
      "m" : "4611686018431368191"
    }, {
      "d" : "1756461729063743513",
      "t" : 1756461729063,
      "tn" : 1756461729063743513,
      "q" : "3200000000",
      "p" : "0.00000004950",
      "s" : "buy",
      "i" : "TONIC_USD",
      "m" : "4611686018431368190"
    }, {
      "d" : "1756461728596359265",
      "t" : 1756461728596,
      "tn" : 1756461728596359265,
      "q" : "3200000000",
      "p" : "0.00000004931",
      "s" : "buy",
      "i" : "TONIC_USD",
      "m" : "4611686018431368189"
    }, {
      "d" : "1756461728183181574",
      "t" : 1756461728183,
      "tn" : 1756461728183181574,
      "q" : "123000000",
      "p" : "0.00000004890",
      "s" : "buy",
      "i" : "TONIC_USD",
      "m" : "4611686018431368188"
    }, {
      "d" : "1756461728183179559",
      "t" : 1756461728183,
      "tn" : 1756461728183179559,
      "q" : "3077000000",
      "p" : "0.00000004873",
      "s" : "buy",
      "i" : "TONIC_USD",
      "m" : "4611686018431368187"
    }, {
      "d" : "1756461675851686659",
      "t" : 1756461675851,
      "tn" : 1756461675851686659,
      "q" : "2828000000",
      "p" : "0.00000005310",
      "s" : "sell",
      "i" : "TONIC_USD",
      "m" : "4611686018431368186"
    }, {
      "d" : "1756461673763365458",
      "t" : 1756461673763,
      "tn" : 1756461673763365458,
      "q" : "2252000000",
      "p" : "0.00000005310",
      "s" : "sell",
      "i" : "TONIC_USD",
      "m" : "4611686018431368185"
    }, {
      "d" : "1756461673218625002",
      "t" : 1756461673218,
      "tn" : 1756461673218625002,
      "q" : "2252000000",
      "p" : "0.00000005327",
      "s" : "sell",
      "i" : "TONIC_USD",
      "m" : "4611686018431368184"
    }, {
      "d" : "1756461672458807069",
      "t" : 1756461672458,
      "tn" : 1756461672458807069,
      "q" : "2252000000",
      "p" : "0.00000005367",
      "s" : "sell",
      "i" : "TONIC_USD",
      "m" : "4611686018431368183"
    }, {
      "d" : "1756461671911894027",
      "t" : 1756461671911,
      "tn" : 1756461671911894027,
      "q" : "2252000000",
      "p" : "0.00000005376",
      "s" : "sell",
      "i" : "TONIC_USD",
      "m" : "4611686018431368182"
    }, {
      "d" : "1756461627391282410",
      "t" : 1756461627391,
      "tn" : 1756461627391282410,
      "q" : "2021000000",
      "p" : "0.00000004935",
      "s" : "buy",
      "i" : "TONIC_USD",
      "m" : "4611686018431368181"
    }, {
      "d" : "1756461627391280557",
      "t" : 1756461627391,
      "tn" : 1756461627391280557,
      "q" : "2021000000",
      "p" : "0.00000004935",
      "s" : "buy",
      "i" : "TONIC_USD",
      "m" : "4611686018431368180"
    }, {
      "d" : "1756461627391278356",
      "t" : 1756461627391,
      "tn" : 1756461627391278356,
      "q" : "923000000",
      "p" : "0.00000004935",
      "s" : "buy",
      "i" : "TONIC_USD",
      "m" : "4611686018431368179"
    }, {
      "d" : "1756461627391277124",
      "t" : 1756461627391,
      "tn" : 1756461627391277124,
      "q" : "1098000000",
      "p" : "0.00000004920",
      "s" : "buy",
      "i" : "TONIC_USD",
      "m" : "4611686018431368178"
    }, {
      "d" : "1756461627391273653",
      "t" : 1756461627391,
      "tn" : 1756461627391273653,
      "q" : "2021000000",
      "p" : "0.00000004920",
      "s" : "buy",
      "i" : "TONIC_USD",
      "m" : "4611686018431368177"
    }, {
      "d" : "1756461627391271340",
      "t" : 1756461627391,
      "tn" : 1756461627391271340,
      "q" : "2021000000",
      "p" : "0.00000004920",
      "s" : "buy",
      "i" : "TONIC_USD",
      "m" : "4611686018431368176"
    }, {
      "d" : "1756461627391203116",
      "t" : 1756461627391,
      "tn" : 1756461627391203115,
      "q" : "1937000000",
      "p" : "0.00000004920",
      "s" : "buy",
      "i" : "TONIC_USD",
      "m" : "4611686018431368175"
    }, {
      "d" : "1756461627391203115",
      "t" : 1756461627391,
      "tn" : 1756461627391203115,
      "q" : "84000000",
      "p" : "0.00000004920",
      "s" : "buy",
      "i" : "TONIC_USD",
      "m" : "4611686018431368175"
    }, {
      "d" : "1756461627391188522",
      "t" : 1756461627391,
      "tn" : 1756461627391188522,
      "q" : "2021000000",
      "p" : "0.00000004920",
      "s" : "buy",
      "i" : "TONIC_USD",
      "m" : "4611686018431368174"
    }, {
      "d" : "1756461627391185918",
      "t" : 1756461627391,
      "tn" : 1756461627391185918,
      "q" : "2021000000",
      "p" : "0.00000004920",
      "s" : "buy",
      "i" : "TONIC_USD",
      "m" : "4611686018431368173"
    }, {
      "d" : "1756461627391183437",
      "t" : 1756461627391,
      "tn" : 1756461627391183437,
      "q" : "965000000",
      "p" : "0.00000004920",
      "s" : "buy",
      "i" : "TONIC_USD",
      "m" : "4611686018431368172"
    }, {
      "d" : "1756461627391181500",
      "t" : 1756461627391,
      "tn" : 1756461627391181500,
      "q" : "1056000000",
      "p" : "0.00000004908",
      "s" : "buy",
      "i" : "TONIC_USD",
      "m" : "4611686018431368171"
    }, {
      "d" : "1756461627391165264",
      "t" : 1756461627391,
      "tn" : 1756461627391165264,
      "q" : "2021000000",
      "p" : "0.00000004908",
      "s" : "buy",
      "i" : "TONIC_USD",
      "m" : "4611686018431368170"
    }, {
      "d" : "1756461600577778422",
      "t" : 1756461600577,
      "tn" : 1756461600577778422,
      "q" : "3400000000",
      "p" : "0.00000005233",
      "s" : "sell",
      "i" : "TONIC_USD",
      "m" : "4611686018431368169"
    }, {
      "d" : "1756461599939793603",
      "t" : 1756461599939,
      "tn" : 1756461599939793603,
      "q" : "323000000",
      "p" : "0.00000005250",
      "s" : "sell",
      "i" : "TONIC_USD",
      "m" : "4611686018431368168"
    }, {
      "d" : "1756461599939791191",
      "t" : 1756461599939,
      "tn" : 1756461599939791191,
      "q" : "3077000000",
      "p" : "0.00000005253",
      "s" : "sell",
      "i" : "TONIC_USD",
      "m" : "4611686018431368167"
    }, {
      "d" : "1756461591948042651",
      "t" : 1756461591948,
      "tn" : 1756461591948042651,
      "q" : "2834000000",
      "p" : "0.00000005340",
      "s" : "sell",
      "i" : "TONIC_USD",
      "m" : "4611686018431368166"
    }, {
      "d" : "1756461588228631517",
      "t" : 1756461588228,
      "tn" : 1756461588228631517,
      "q" : "3077000000",
      "p" : "0.00000005411",
      "s" : "sell",
      "i" : "TONIC_USD",
      "m" : "4611686018431368165"
    }, {
      "d" : "1756461552616074945",
      "t" : 1756461552616,
      "tn" : 1756461552616074945,
      "q" : "323000000",
      "p" : "0.00000005040",
      "s" : "buy",
      "i" : "TONIC_USD",
      "m" : "4611686018431368164"
    }, {
      "d" : "1756461552616073188",
      "t" : 1756461552616,
      "tn" : 1756461552616073188,
      "q" : "3077000000",
      "p" : "0.00000005035",
      "s" : "buy",
      "i" : "TONIC_USD",
      "m" : "4611686018431368163"
    }, {
      "d" : "1756461511585966577",
      "t" : 1756461511585,
      "tn" : 1756461511585966577,
      "q" : "3400000000",
      "p" : "0.00000004950",
      "s" : "buy",
      "i" : "TONIC_USD",
      "m" : "4611686018431368162"
    }, {
      "d" : "1756461511040900127",
      "t" : 1756461511040,
      "tn" : 1756461511040900127,
      "q" : "323000000",
      "p" : "0.00000004920",
      "s" : "buy",
      "i" : "TONIC_USD",
      "m" : "4611686018431368161"
    }, {
      "d" : "1756461511040898383",
      "t" : 1756461511040,
      "tn" : 1756461511040898383,
      "q" : "3077000000",
      "p" : "0.00000004917",
      "s" : "buy",
      "i" : "TONIC_USD",
      "m" : "4611686018431368160"
    }, {
      "d" : "1756461487989413328",
      "t" : 1756461487989,
      "tn" : 1756461487989413328,
      "q" : "2807000000",
      "p" : "0.00000005245",
      "s" : "sell",
      "i" : "TONIC_USD",
      "m" : "4611686018431368159"
    }, {
      "d" : "1756461483185128370",
      "t" : 1756461483185,
      "tn" : 1756461483185128370,
      "q" : "1484000000",
      "p" : "0.00000005292",
      "s" : "sell",
      "i" : "TONIC_USD",
      "m" : "4611686018431368158"
    }, {
      "d" : "1756461483185126264",
      "t" : 1756461483185,
      "tn" : 1756461483185126264,
      "q" : "1323000000",
      "p" : "0.00000005334",
      "s" : "sell",
      "i" : "TONIC_USD",
      "m" : "4611686018431368157"
    }, {
      "d" : "1756461459718672747",
      "t" : 1756461459718,
      "tn" : 1756461459718672747,
      "q" : "2839000000",
      "p" : "0.00000005340",
      "s" : "sell",
      "i" : "TONIC_USD",
      "m" : "4611686018431368156"
    }, {
      "d" : "1756461455762890665",
      "t" : 1756461455762,
      "tn" : 1756461455762890665,
      "q" : "3047000000",
      "p" : "0.00000005385",
      "s" : "sell",
      "i" : "TONIC_USD",
      "m" : "4611686018431368155"
    }, {
      "d" : "1756461413707570781",
      "t" : 1756461413707,
      "tn" : 1756461413707570781,
      "q" : "3569000000",
      "p" : "0.00000005015",
      "s" : "buy",
      "i" : "TONIC_USD",
      "m" : "4611686018431368154"
    }, {
      "d" : "1756461412998803823",
      "t" : 1756461412998,
      "tn" : 1756461412998803823,
      "q" : "492000000",
      "p" : "0.00000005010",
      "s" : "buy",
      "i" : "TONIC_USD",
      "m" : "4611686018431368153"
    }, {
      "d" : "1756461412998801879",
      "t" : 1756461412998,
      "tn" : 1756461412998801879,
      "q" : "3077000000",
      "p" : "0.00000005005",
      "s" : "buy",
      "i" : "TONIC_USD",
      "m" : "4611686018431368152"
    }, {
      "d" : "1756461364555574298",
      "t" : 1756461364555,
      "tn" : 1756461364555574298,
      "q" : "1746000000",
      "p" : "0.00000004950",
      "s" : "buy",
      "i" : "TONIC_USD",
      "m" : "4611686018431368151"
    }, {
      "d" : "1756461364555572191",
      "t" : 1756461364555,
      "tn" : 1756461364555572191,
      "q" : "1825000000",
      "p" : "0.00000004892",
      "s" : "buy",
      "i" : "TONIC_USD",
      "m" : "4611686018431368150"
    }, {
      "d" : "1756461364051646479",
      "t" : 1756461364051,
      "tn" : 1756461364051646479,
      "q" : "494000000",
      "p" : "0.00000004920",
      "s" : "buy",
      "i" : "TONIC_USD",
      "m" : "4611686018431368149"
    }, {
      "d" : "1756461364051643972",
      "t" : 1756461364051,
      "tn" : 1756461364051643972,
      "q" : "3077000000",
      "p" : "0.00000004895",
      "s" : "buy",
      "i" : "TONIC_USD",
      "m" : "4611686018431368148"
    }, {
      "d" : "1756461348992566492",
      "t" : 1756461348992,
      "tn" : 1756461348992566492,
      "q" : "716000000",
      "p" : "0.00000005110",
      "s" : "sell",
      "i" : "TONIC_USD",
      "m" : "4611686018431368147"
    }, {
      "d" : "1756461341906885246",
      "t" : 1756461341906,
      "tn" : 1756461341906885246,
      "q" : "2000000000",
      "p" : "0.00000005110",
      "s" : "sell",
      "i" : "TONIC_USD",
      "m" : "4611686018431368146"
    }, {
      "d" : "1756461323507745545",
      "t" : 1756461323507,
      "tn" : 1756461323507745545,
      "q" : "2893000000",
      "p" : "0.00000005207",
      "s" : "sell",
      "i" : "TONIC_USD",
      "m" : "4611686018431368145"
    }, {
      "d" : "1756461322748591984",
      "t" : 1756461322748,
      "tn" : 1756461322748591984,
      "q" : "2893000000",
      "p" : "0.00000005254",
      "s" : "sell",
      "i" : "TONIC_USD",
      "m" : "4611686018431368144"
    }, {
      "d" : "1756461322641906244",
      "t" : 1756461322641,
      "tn" : 1756461322641906244,
      "q" : "2845000000",
      "p" : "0.00000005261",
      "s" : "sell",
      "i" : "TONIC_USD",
      "m" : "4611686018431368143"
    }, {
      "d" : "1756461314834478510",
      "t" : 1756461314834,
      "tn" : 1756461314834478510,
      "q" : "2850000000",
      "p" : "0.00000005351",
      "s" : "sell",
      "i" : "TONIC_USD",
      "m" : "4611686018431368142"
    }, {
      "d" : "1756461257815982875",
      "t" : 1756461257815,
      "tn" : 1756461257815982875,
      "q" : "2894000000",
      "p" : "0.00000005183",
      "s" : "buy",
      "i" : "TONIC_USD",
      "m" : "4611686018431368141"
    }, {
      "d" : "1756461254586208318",
      "t" : 1756461254586,
      "tn" : 1756461254586208318,
      "q" : "2894000000",
      "p" : "0.00000005155",
      "s" : "buy",
      "i" : "TONIC_USD",
      "m" : "4611686018431368140"
    }, {
      "d" : "1756461181857824623",
      "t" : 1756461181857,
      "tn" : 1756461181857824623,
      "q" : "2827000000",
      "p" : "0.00000005359",
      "s" : "sell",
      "i" : "TONIC_USD",
      "m" : "4611686018431368139"
    }, {
      "d" : "1756461174040498164",
      "t" : 1756461174040,
      "tn" : 1756461174040498164,
      "q" : "1132000000",
      "p" : "0.00000005377",
      "s" : "sell",
      "i" : "TONIC_USD",
      "m" : "4611686018431368138"
    }, {
      "d" : "1756461130577781491",
      "t" : 1756461130577,
      "tn" : 1756461130577781491,
      "q" : "2736000000",
      "p" : "0.00000005172",
      "s" : "buy",
      "i" : "TONIC_USD",
      "m" : "4611686018431368137"
    }, {
      "d" : "1756461124126678245",
      "t" : 1756461124126,
      "tn" : 1756461124126678245,
      "q" : "2658000000",
      "p" : "0.00000005123",
      "s" : "buy",
      "i" : "TONIC_USD",
      "m" : "4611686018431368136"
    }, {
      "d" : "1756461068013897840",
      "t" : 1756461068013,
      "tn" : 1756461068013897840,
      "q" : "192000000",
      "p" : "0.00000005250",
      "s" : "sell",
      "i" : "TONIC_USD",
      "m" : "4611686018431368135"
    }, {
      "d" : "1756461066780350614",
      "t" : 1756461066780,
      "tn" : 1756461066780350614,
      "q" : "2850000000",
      "p" : "0.00000005230",
      "s" : "sell",
      "i" : "TONIC_USD",
      "m" : "4611686018431368134"
    }, {
      "d" : "1756460964194608999",
      "t" : 1756460964194,
      "tn" : 1756460964194608999,
      "q" : "2851000000",
      "p" : "0.00000005160",
      "s" : "buy",
      "i" : "TONIC_USD",
      "m" : "4611686018431368133"
    }, {
      "d" : "1756460961228204644",
      "t" : 1756460961228,
      "tn" : 1756460961228204644,
      "q" : "2851000000",
      "p" : "0.00000005111",
      "s" : "buy",
      "i" : "TONIC_USD",
      "m" : "4611686018431368132"
    }, {
      "d" : "1756460897016372030",
      "t" : 1756460897016,
      "tn" : 1756460897016372030,
      "q" : "293000000",
      "p" : "0.00000005110",
      "s" : "sell",
      "i" : "TONIC_USD",
      "m" : "4611686018431368131"
    }, {
      "d" : "1756460826291813086",
      "t" : 1756460826291,
      "tn" : 1756460826291813086,
      "q" : "2118000000",
      "p" : "0.00000005214",
      "s" : "sell",
      "i" : "TONIC_USD",
      "m" : "4611686018431368130"
    }, {
      "d" : "1756460826291810551",
      "t" : 1756460826291,
      "tn" : 1756460826291810551,
      "q" : "618000000",
      "p" : "0.00000005295",
      "s" : "sell",
      "i" : "TONIC_USD",
      "m" : "4611686018431368129"
    }, {
      "d" : "1756460817789215687",
      "t" : 1756460817789,
      "tn" : 1756460817789215687,
      "q" : "3077000000",
      "p" : "0.00000005267",
      "s" : "sell",
      "i" : "TONIC_USD",
      "m" : "4611686018431368128"
    }, {
      "d" : "1756460706233571015",
      "t" : 1756460706233,
      "tn" : 1756460706233571015,
      "q" : "680000000",
      "p" : "0.00000005225",
      "s" : "sell",
      "i" : "TONIC_USD",
      "m" : "4611686018431368127"
    }, {
      "d" : "1756460639754884479",
      "t" : 1756460639754,
      "tn" : 1756460639754884479,
      "q" : "755000000",
      "p" : "0.00000005320",
      "s" : "sell",
      "i" : "TONIC_USD",
      "m" : "4611686018431368126"
    }, {
      "d" : "1756460635935474405",
      "t" : 1756460635935,
      "tn" : 1756460635935474405,
      "q" : "2736000000",
      "p" : "0.00000005321",
      "s" : "sell",
      "i" : "TONIC_USD",
      "m" : "4611686018431368125"
    }, {
      "d" : "1756460635587049946",
      "t" : 1756460635587,
      "tn" : 1756460635587049946,
      "q" : "2643000000",
      "p" : "0.00000005319",
      "s" : "sell",
      "i" : "TONIC_USD",
      "m" : "4611686018431368124"
    }, {
      "d" : "1756460635587048201",
      "t" : 1756460635587,
      "tn" : 1756460635587048201,
      "q" : "93000000",
      "p" : "0.00000005370",
      "s" : "sell",
      "i" : "TONIC_USD",
      "m" : "4611686018431368123"
    }, {
      "d" : "1756460634399824083",
      "t" : 1756460634399,
      "tn" : 1756460634399824083,
      "q" : "2851000000",
      "p" : "0.00000005366",
      "s" : "sell",
      "i" : "TONIC_USD",
      "m" : "4611686018431368122"
    }, {
      "d" : "1756460598756371142",
      "t" : 1756460598756,
      "tn" : 1756460598756371142,
      "q" : "500000000",
      "p" : "0.00000005088",
      "s" : "sell",
      "i" : "TONIC_USD",
      "m" : "4611686018431368121"
    }, {
      "d" : "1756460568308756586",
      "t" : 1756460568308,
      "tn" : 1756460568308756586,
      "q" : "3800000000",
      "p" : "0.00000004930",
      "s" : "buy",
      "i" : "TONIC_USD",
      "m" : "4611686018431368120"
    }, {
      "d" : "1756460567830508107",
      "t" : 1756460567830,
      "tn" : 1756460567830508107,
      "q" : "3800000000",
      "p" : "0.00000004900",
      "s" : "buy",
      "i" : "TONIC_USD",
      "m" : "4611686018431368119"
    }, {
      "d" : "1756460567506249969",
      "t" : 1756460567506,
      "tn" : 1756460567506249969,
      "q" : "633000000",
      "p" : "0.00000004890",
      "s" : "buy",
      "i" : "TONIC_USD",
      "m" : "4611686018431368118"
    }, {
      "d" : "1756460567506248117",
      "t" : 1756460567506,
      "tn" : 1756460567506248117,
      "q" : "3077000000",
      "p" : "0.00000004884",
      "s" : "buy",
      "i" : "TONIC_USD",
      "m" : "4611686018431368117"
    }, {
      "d" : "1756460567506245215",
      "t" : 1756460567506,
      "tn" : 1756460567506245215,
      "q" : "90000000",
      "p" : "0.00000004863",
      "s" : "buy",
      "i" : "TONIC_USD",
      "m" : "4611686018431368116"
    }, {
      "d" : "1756460554870373126",
      "t" : 1756460554870,
      "tn" : 1756460554870373126,
      "q" : "1012000000",
      "p" : "0.00000004860",
      "s" : "buy",
      "i" : "TONIC_USD",
      "m" : "4611686018431368115"
    }, {
      "d" : "1756460554870371441",
      "t" : 1756460554870,
      "tn" : 1756460554870371441,
      "q" : "3077000000",
      "p" : "0.00000004846",
      "s" : "buy",
      "i" : "TONIC_USD",
      "m" : "4611686018431368114"
    }, {
      "d" : "1756460520588496077",
      "t" : 1756460520588,
      "tn" : 1756460520588496077,
      "q" : "2962000000",
      "p" : "0.00000005248",
      "s" : "sell",
      "i" : "TONIC_USD",
      "m" : "4611686018431368113"
    }, {
      "d" : "1756460519933544502",
      "t" : 1756460519933,
      "tn" : 1756460519933544502,
      "q" : "2962000000",
      "p" : "0.00000005261",
      "s" : "sell",
      "i" : "TONIC_USD",
      "m" : "4611686018431368112"
    }, {
      "d" : "1756460515826008313",
      "t" : 1756460515826,
      "tn" : 1756460515826008313,
      "q" : "2833000000",
      "p" : "0.00000005270",
      "s" : "sell",
      "i" : "TONIC_USD",
      "m" : "4611686018431368111"
    }, {
      "d" : "1756460511257963582",
      "t" : 1756460511257,
      "tn" : 1756460511257963582,
      "q" : "2849000000",
      "p" : "0.00000005310",
      "s" : "sell",
      "i" : "TONIC_USD",
      "m" : "4611686018431368110"
    }, {
      "d" : "1756460510756953248",
      "t" : 1756460510756,
      "tn" : 1756460510756953248,
      "q" : "2849000000",
      "p" : "0.00000005320",
      "s" : "sell",
      "i" : "TONIC_USD",
      "m" : "4611686018431368109"
    }, {
      "d" : "1756460510281740892",
      "t" : 1756460510281,
      "tn" : 1756460510281740892,
      "q" : "2849000000",
      "p" : "0.00000005378",
      "s" : "sell",
      "i" : "TONIC_USD",
      "m" : "4611686018431368108"
    }, {
      "d" : "1756460462787252868",
      "t" : 1756460462787,
      "tn" : 1756460462787252868,
      "q" : "3800000000",
      "p" : "0.00000004920",
      "s" : "buy",
      "i" : "TONIC_USD",
      "m" : "4611686018431368107"
    }, {
      "d" : "1756460462365252404",
      "t" : 1756460462365,
      "tn" : 1756460462365252404,
      "q" : "3800000000",
      "p" : "0.00000004890",
      "s" : "buy",
      "i" : "TONIC_USD",
      "m" : "4611686018431368106"
    }, {
      "d" : "1756460461838405179",
      "t" : 1756460461838,
      "tn" : 1756460461838405179,
      "q" : "723000000",
      "p" : "0.00000004886",
      "s" : "buy",
      "i" : "TONIC_USD",
      "m" : "4611686018431368105"
    }, {
      "d" : "1756460461838403512",
      "t" : 1756460461838,
      "tn" : 1756460461838403512,
      "q" : "3077000000",
      "p" : "0.00000004876",
      "s" : "buy",
      "i" : "TONIC_USD",
      "m" : "4611686018431368104"
    }, {
      "d" : "1756460410035925298",
      "t" : 1756460410035,
      "tn" : 1756460410035925298,
      "q" : "420000000",
      "p" : "0.00000005262",
      "s" : "buy",
      "i" : "TONIC_USD",
      "m" : "4611686018431368103"
    }, {
      "d" : "1756460360734761800",
      "t" : 1756460360734,
      "tn" : 1756460360734761800,
      "q" : "2833000000",
      "p" : "0.00000005297",
      "s" : "sell",
      "i" : "TONIC_USD",
      "m" : "4611686018431368102"
    }, {
      "d" : "1756460352910691643",
      "t" : 1756460352910,
      "tn" : 1756460352910691643,
      "q" : "5433000000",
      "p" : "0.00000005370",
      "s" : "sell",
      "i" : "TONIC_USD",
      "m" : "4611686018431368101"
    }, {
      "d" : "1756460352910689844",
      "t" : 1756460352910,
      "tn" : 1756460352910689844,
      "q" : "3077000000",
      "p" : "0.00000005400",
      "s" : "sell",
      "i" : "TONIC_USD",
      "m" : "4611686018431368100"
    }, {
      "d" : "1756460311863991257",
      "t" : 1756460311863,
      "tn" : 1756460311863991257,
      "q" : "3800000000",
      "p" : "0.00000004950",
      "s" : "buy",
      "i" : "TONIC_USD",
      "m" : "4611686018431368099"
    }, {
      "d" : "1756460311376862462",
      "t" : 1756460311376,
      "tn" : 1756460311376862462,
      "q" : "3800000000",
      "p" : "0.00000004908",
      "s" : "buy",
      "i" : "TONIC_USD",
      "m" : "4611686018431368098"
    }, {
      "d" : "1756460310870441761",
      "t" : 1756460310870,
      "tn" : 1756460310870441761,
      "q" : "723000000",
      "p" : "0.00000004890",
      "s" : "buy",
      "i" : "TONIC_USD",
      "m" : "4611686018431368097"
    }, {
      "d" : "1756460310870439147",
      "t" : 1756460310870,
      "tn" : 1756460310870439147,
      "q" : "3077000000",
      "p" : "0.00000004860",
      "s" : "buy",
      "i" : "TONIC_USD",
      "m" : "4611686018431368096"
    }, {
      "d" : "1756460254183150704",
      "t" : 1756460254183,
      "tn" : 1756460254183150704,
      "q" : "1329000000",
      "p" : "0.00000005000",
      "s" : "buy",
      "i" : "TONIC_USD",
      "m" : "4611686018431368095"
    }, {
      "d" : "1756460216052246482",
      "t" : 1756460216052,
      "tn" : 1756460216052246482,
      "q" : "2839000000",
      "p" : "0.00000005240",
      "s" : "sell",
      "i" : "TONIC_USD",
      "m" : "4611686018431368094"
    }, {
      "d" : "1756460215047900535",
      "t" : 1756460215047,
      "tn" : 1756460215047900535,
      "q" : "2589000000",
      "p" : "0.00000005278",
      "s" : "sell",
      "i" : "TONIC_USD",
      "m" : "4611686018431368093"
    }, {
      "d" : "1756460214238633462",
      "t" : 1756460214238,
      "tn" : 1756460214238633462,
      "q" : "2589000000",
      "p" : "0.00000005280",
      "s" : "sell",
      "i" : "TONIC_USD",
      "m" : "4611686018431368092"
    }, {
      "d" : "1756460210045953884",
      "t" : 1756460210045,
      "tn" : 1756460210045953884,
      "q" : "2589000000",
      "p" : "0.00000005356",
      "s" : "sell",
      "i" : "TONIC_USD",
      "m" : "4611686018431368091"
    }, {
      "d" : "1756460209527668476",
      "t" : 1756460209527,
      "tn" : 1756460209527668476,
      "q" : "2092000000",
      "p" : "0.00000005365",
      "s" : "sell",
      "i" : "TONIC_USD",
      "m" : "4611686018431368090"
    }, {
      "d" : "1756460209527666594",
      "t" : 1756460209527,
      "tn" : 1756460209527666594,
      "q" : "497000000",
      "p" : "0.00000005369",
      "s" : "sell",
      "i" : "TONIC_USD",
      "m" : "4611686018431368089"
    }, {
      "d" : "1756460162871952888",
      "t" : 1756460162871,
      "tn" : 1756460162871952888,
      "q" : "3454000000",
      "p" : "0.00000004950",
      "s" : "buy",
      "i" : "TONIC_USD",
      "m" : "4611686018431368088"
    }, {
      "d" : "1756460162408130678",
      "t" : 1756460162408,
      "tn" : 1756460162408130678,
      "q" : "3454000000",
      "p" : "0.00000004901",
      "s" : "buy",
      "i" : "TONIC_USD",
      "m" : "4611686018431368087"
    }, {
      "d" : "1756460161933803461",
      "t" : 1756460161933,
      "tn" : 1756460161933803461,
      "q" : "377000000",
      "p" : "0.00000004890",
      "s" : "buy",
      "i" : "TONIC_USD",
      "m" : "4611686018431368086"
    }, {
      "d" : "1756460161933801588",
      "t" : 1756460161933,
      "tn" : 1756460161933801588,
      "q" : "3077000000",
      "p" : "0.00000004864",
      "s" : "buy",
      "i" : "TONIC_USD",
      "m" : "4611686018431368085"
    }, {
      "d" : "1756460116123429751",
      "t" : 1756460116123,
      "tn" : 1756460116123429751,
      "q" : "592000000",
      "p" : "0.00000005250",
      "s" : "sell",
      "i" : "TONIC_USD",
      "m" : "4611686018431368084"
    }, {
      "d" : "1756460116123427489",
      "t" : 1756460116123,
      "tn" : 1756460116123427489,
      "q" : "3077000000",
      "p" : "0.00000005275",
      "s" : "sell",
      "i" : "TONIC_USD",
      "m" : "4611686018431368083"
    }, {
      "d" : "1756460111793443330",
      "t" : 1756460111793,
      "tn" : 1756460111793443330,
      "q" : "2845000000",
      "p" : "0.00000005255",
      "s" : "sell",
      "i" : "TONIC_USD",
      "m" : "4611686018431368082"
    }, {
      "d" : "1756460106035304685",
      "t" : 1756460106035,
      "tn" : 1756460106035304685,
      "q" : "352000000",
      "p" : "0.00000005340",
      "s" : "sell",
      "i" : "TONIC_USD",
      "m" : "4611686018431368081"
    }, {
      "d" : "1756460106035303007",
      "t" : 1756460106035,
      "tn" : 1756460106035303007,
      "q" : "3077000000",
      "p" : "0.00000005350",
      "s" : "sell",
      "i" : "TONIC_USD",
      "m" : "4611686018431368080"
    }, {
      "d" : "1756460106035299982",
      "t" : 1756460106035,
      "tn" : 1756460106035299982,
      "q" : "242000000",
      "p" : "0.00000005354",
      "s" : "sell",
      "i" : "TONIC_USD",
      "m" : "4611686018431368079"
    } ]
  }
}