{
  "id" : -1,
  "method" : "public/get-trades",
  "code" : 0,
  "result" : {
    "data" : [ {
      "d" : "1756462461566632808",
      "t" : 1756462461566,
      "tn" : 1756462461566632808,
      "q" : "0.1",
      "p" : "3.0531",
      "s" : "sell",
      "i" : "TONUSD-PERP",
      "m" : "4611686018428254496"
    }, {
      "d" : "1756462461566629542",
      "t" : 1756462461566,
      "tn" : 1756462461566629542,
      "q" : "0.1",
      "p" : "3.0545",
      "s" : "sell",
      "i" : "TONUSD-PERP",
      "m" : "4611686018428254495"
    }, {
      "d" : "1756461888263395058",
      "t" : 1756461888263,
      "tn" : 1756461888263395058,
      "q" : "15.8",
      "p" : "3.0561",
      "s" : "buy",
      "i" : "TONUSD-PERP",
      "m" : "4611686018428254494"
    }, {
      "d" : "1756461753429064735",
      "t" : 1756461753429,
      "tn" : 1756461753429064735,
      "q" : "15.9",
      "p" : "3.0558",
      "s" : "buy",
      "i" : "TONUSD-PERP",
      "m" : "4611686018428254493"
    }, {
      "d" : "1756461250606961239",
      "t" : 1756461250606,
      "tn" : 1756461250606961239,
      "q" : "0.1",
      "p" : "3.0522",
      "s" : "sell",
      "i" : "TONUSD-PERP",
      "m" : "4611686018428254492"
    }, {
      "d" : "1756461250606958486",
      "t" : 1756461250606,
      "tn" : 1756461250606958486,
      "q" : "0.1",
      "p" : "3.0535",
      "s" : "sell",
      "i" : "TONUSD-PERP",
      "m" : "4611686018428254491"
    }, {
      "d" : "1756461005427415920",
      "t" : 1756461005427,
      "tn" : 1756461005427415920,
      "q" : "0.1",
      "p" : "3.0543",
      "s" : "sell",
      "i" : "TONUSD-PERP",
      "m" : "4611686018428254490"
    }, {
      "d" : "1756461005427412396",
      "t" : 1756461005427,
      "tn" : 1756461005427412396,
      "q" : "0.1",
      "p" : "3.0558",
      "s" : "sell",
      "i" : "TONUSD-PERP",
      "m" : "4611686018428254489"
    }, {
      "d" : "1756460887982343902",
      "t" : 1756460887982,
      "tn" : 1756460887982343902,
      "q" : "15.4",
      "p" : "3.0519",
      "s" : "buy",
      "i" : "TONUSD-PERP",
      "m" : "4611686018428254488"
    }, {
      "d" : "1756460694024610510",
      "t" : 1756460694024,
      "tn" : 1756460694024610510,
      "q" : "15.9",
      "p" : "3.0489",
      "s" : "buy",
      "i" : "TONUSD-PERP",
      "m" : "4611686018428254487"
    }, {
      "d" : "1756460605070318442",
      "t" : 1756460605070,
      "tn" : 1756460605070318442,
      "q" : "11.0",
      "p" : "3.0486",
      "s" : "buy",
      "i" : "TONUSD-PERP",
      "m" : "4611686018428254486"
    }, {
      "d" : "1756460594639195539",
      "t" : 1756460594639,
      "tn" : 1756460594639195539,
      "q" : "0.8",
      "p" : "3.0480",
      "s" : "buy",
      "i" : "TONUSD-PERP",
      "m" : "4611686018428254485"
    }, {
      "d" : "1756460594639192169",
      "t" : 1756460594639,
      "tn" : 1756460594639192169,
      "q" : "10.0",
      "p" : "3.0479",
      "s" : "buy",
      "i" : "TONUSD-PERP",
      "m" : "4611686018428254484"
    }, {
      "d" : "1756460594639188599",
      "t" : 1756460594639,
      "tn" : 1756460594639188598,
      "q" : "0.1",
      "p" : "3.0474",
      "s" : "buy",
      "i" : "TONUSD-PERP",
      "m" : "4611686018428254483"
    }, {
      "d" : "1756460594639188598",
      "t" : 1756460594639,
      "tn" : 1756460594639188598,
      "q" : "0.1",
      "p" : "3.0474",
      "s" : "buy",
      "i" : "TONUSD-PERP",
      "m" : "4611686018428254483"
    }, {
      "d" : "1756460584208250758",
      "t" : 1756460584208,
      "tn" : 1756460584208250758,
      "q" : "10.8",
      "p" : "3.0471",
      "s" : "buy",
      "i" : "TONUSD-PERP",
      "m" : "4611686018428254482"
    }, {
      "d" : "1756460584208248755",
      "t" : 1756460584208,
      "tn" : 1756460584208248755,
      "q" : "0.1",
      "p" : "3.0469",
      "s" : "buy",
      "i" : "TONUSD-PERP",
      "m" : "4611686018428254481"
    }, {
      "d" : "1756460584208246165",
      "t" : 1756460584208,
      "tn" : 1756460584208246165,
      "q" : "0.1",
      "p" : "3.0468",
      "s" : "buy",
      "i" : "TONUSD-PERP",
      "m" : "4611686018428254480"
    }, {
      "d" : "1756460573743581891",
      "t" : 1756460573743,
      "tn" : 1756460573743581891,
      "q" : "11.0",
      "p" : "3.0462",
      "s" : "buy",
      "i" : "TONUSD-PERP",
      "m" : "4611686018428254479"
    }, {
      "d" : "1756460563281540532",
      "t" : 1756460563281,
      "tn" : 1756460563281540532,
      "q" : "10.8",
      "p" : "3.0477",
      "s" : "buy",
      "i" : "TONUSD-PERP",
      "m" : "4611686018428254478"
    }, {
      "d" : "1756460563281536867",
      "t" : 1756460563281,
      "tn" : 1756460563281536867,
      "q" : "0.1",
      "p" : "3.0466",
      "s" : "buy",
      "i" : "TONUSD-PERP",
      "m" : "4611686018428254477"
    }, {
      "d" : "1756460563281534479",
      "t" : 1756460563281,
      "tn" : 1756460563281534479,
      "q" : "0.1",
      "p" : "3.0465",
      "s" : "buy",
      "i" : "TONUSD-PERP",
      "m" : "4611686018428254476"
    }, {
      "d" : "1756460552725436567",
      "t" : 1756460552725,
      "tn" : 1756460552725436567,
      "q" : "0.8",
      "p" : "3.0492",
      "s" : "buy",
      "i" : "TONUSD-PERP",
      "m" : "4611686018428254475"
    }, {
      "d" : "1756460552725434485",
      "t" : 1756460552725,
      "tn" : 1756460552725434485,
      "q" : "10.0",
      "p" : "3.0491",
      "s" : "buy",
      "i" : "TONUSD-PERP",
      "m" : "4611686018428254474"
    }, {
      "d" : "1756460552725431603",
      "t" : 1756460552725,
      "tn" : 1756460552725431602,
      "q" : "0.1",
      "p" : "3.0477",
      "s" : "buy",
      "i" : "TONUSD-PERP",
      "m" : "4611686018428254473"
    }, {
      "d" : "1756460552725431602",
      "t" : 1756460552725,
      "tn" : 1756460552725431602,
      "q" : "0.1",
      "p" : "3.0477",
      "s" : "buy",
      "i" : "TONUSD-PERP",
      "m" : "4611686018428254473"
    }, {
      "d" : "1756460542182195749",
      "t" : 1756460542182,
      "tn" : 1756460542182195749,
      "q" : "11.0",
      "p" : "3.0483",
      "s" : "buy",
      "i" : "TONUSD-PERP",
      "m" : "4611686018428254472"
    }, {
      "d" : "1756460539311390879",
      "t" : 1756460539311,
      "tn" : 1756460539311390879,
      "q" : "15.7",
      "p" : "3.0483",
      "s" : "buy",
      "i" : "TONUSD-PERP",
      "m" : "4611686018428254471"
    }, {
      "d" : "1756460531761237064",
      "t" : 1756460531761,
      "tn" : 1756460531761237064,
      "q" : "11.0",
      "p" : "3.0483",
      "s" : "buy",
      "i" : "TONUSD-PERP",
      "m" : "4611686018428254470"
    }, {
      "d" : "1756460521309967459",
      "t" : 1756460521309,
      "tn" : 1756460521309967459,
      "q" : "11.0",
      "p" : "3.0474",
      "s" : "buy",
      "i" : "TONUSD-PERP",
      "m" : "4611686018428254469"
    }, {
      "d" : "1756460510819272513",
      "t" : 1756460510819,
      "tn" : 1756460510819272512,
      "q" : "0.8",
      "p" : "3.0483",
      "s" : "buy",
      "i" : "TONUSD-PERP",
      "m" : "4611686018428254468"
    }, {
      "d" : "1756460510819272512",
      "t" : 1756460510819,
      "tn" : 1756460510819272512,
      "q" : "10.0",
      "p" : "3.0483",
      "s" : "buy",
      "i" : "TONUSD-PERP",
      "m" : "4611686018428254468"
    }, {
      "d" : "1756460510819268923",
      "t" : 1756460510819,
      "tn" : 1756460510819268923,
      "q" : "0.1",
      "p" : "3.0475",
      "s" : "buy",
      "i" : "TONUSD-PERP",
      "m" : "4611686018428254467"
    }, {
      "d" : "1756460510819266517",
      "t" : 1756460510819,
      "tn" : 1756460510819266517,
      "q" : "0.1",
      "p" : "3.0474",
      "s" : "buy",
      "i" : "TONUSD-PERP",
      "m" : "4611686018428254466"
    }, {
      "d" : "1756460500427059417",
      "t" : 1756460500427,
      "tn" : 1756460500427059417,
      "q" : "11.0",
      "p" : "3.0486",
      "s" : "buy",
      "i" : "TONUSD-PERP",
      "m" : "4611686018428254465"
    }, {
      "d" : "1756460489989643455",
      "t" : 1756460489989,
      "tn" : 1756460489989643455,
      "q" : "10.8",
      "p" : "3.0475",
      "s" : "buy",
      "i" : "TONUSD-PERP",
      "m" : "4611686018428254464"
    }, {
      "d" : "1756460489989639782",
      "t" : 1756460489989,
      "tn" : 1756460489989639781,
      "q" : "0.1",
      "p" : "3.0471",
      "s" : "buy",
      "i" : "TONUSD-PERP",
      "m" : "4611686018428254463"
    }, {
      "d" : "1756460489989639781",
      "t" : 1756460489989,
      "tn" : 1756460489989639781,
      "q" : "0.1",
      "p" : "3.0471",
      "s" : "buy",
      "i" : "TONUSD-PERP",
      "m" : "4611686018428254463"
    }, {
      "d" : "1756460479524165563",
      "t" : 1756460479524,
      "tn" : 1756460479524165563,
      "q" : "11.0",
      "p" : "3.0475",
      "s" : "buy",
      "i" : "TONUSD-PERP",
      "m" : "4611686018428254462"
    }, {
      "d" : "1756460478425940297",
      "t" : 1756460478425,
      "tn" : 1756460478425940297,
      "q" : "15.8",
      "p" : "3.0453",
      "s" : "buy",
      "i" : "TONUSD-PERP",
      "m" : "4611686018428254461"
    }, {
      "d" : "1756460469112390545",
      "t" : 1756460469112,
      "tn" : 1756460469112390545,
      "q" : "11.0",
      "p" : "3.0453",
      "s" : "buy",
      "i" : "TONUSD-PERP",
      "m" : "4611686018428254460"
    }, {
      "d" : "1756460458465417891",
      "t" : 1756460458465,
      "tn" : 1756460458465417891,
      "q" : "11.0",
      "p" : "3.0455",
      "s" : "buy",
      "i" : "TONUSD-PERP",
      "m" : "4611686018428254459"
    }, {
      "d" : "1756460448027048598",
      "t" : 1756460448027,
      "tn" : 1756460448027048598,
      "q" : "11.0",
      "p" : "3.0453",
      "s" : "buy",
      "i" : "TONUSD-PERP",
      "m" : "4611686018428254458"
    }, {
      "d" : "1756460437622866483",
      "t" : 1756460437622,
      "tn" : 1756460437622866483,
      "q" : "0.8",
      "p" : "3.0465",
      "s" : "buy",
      "i" : "TONUSD-PERP",
      "m" : "4611686018428254457"
    }, {
      "d" : "1756460437622862457",
      "t" : 1756460437622,
      "tn" : 1756460437622862457,
      "q" : "10.0",
      "p" : "3.0464",
      "s" : "buy",
      "i" : "TONUSD-PERP",
      "m" : "4611686018428254456"
    }, {
      "d" : "1756460437622860309",
      "t" : 1756460437622,
      "tn" : 1756460437622860308,
      "q" : "0.1",
      "p" : "3.0453",
      "s" : "buy",
      "i" : "TONUSD-PERP",
      "m" : "4611686018428254455"
    }, {
      "d" : "1756460437622860308",
      "t" : 1756460437622,
      "tn" : 1756460437622860308,
      "q" : "0.1",
      "p" : "3.0453",
      "s" : "buy",
      "i" : "TONUSD-PERP",
      "m" : "4611686018428254455"
    }, {
      "d" : "1756460427181912053",
      "t" : 1756460427181,
      "tn" : 1756460427181912053,
      "q" : "10.8",
      "p" : "3.0454",
      "s" : "buy",
      "i" : "TONUSD-PERP",
      "m" : "4611686018428254454"
    }, {
      "d" : "1756460427181909234",
      "t" : 1756460427181,
      "tn" : 1756460427181909234,
      "q" : "0.1",
      "p" : "3.0453",
      "s" : "buy",
      "i" : "TONUSD-PERP",
      "m" : "4611686018428254453"
    }, {
      "d" : "1756460427181906483",
      "t" : 1756460427181,
      "tn" : 1756460427181906483,
      "q" : "0.1",
      "p" : "3.0451",
      "s" : "buy",
      "i" : "TONUSD-PERP",
      "m" : "4611686018428254452"
    }, {
      "d" : "1756460416561585805",
      "t" : 1756460416561,
      "tn" : 1756460416561585805,
      "q" : "0.8",
      "p" : "3.0480",
      "s" : "buy",
      "i" : "TONUSD-PERP",
      "m" : "4611686018428254451"
    }, {
      "d" : "1756460416561582748",
      "t" : 1756460416561,
      "tn" : 1756460416561582748,
      "q" : "10.0",
      "p" : "3.0479",
      "s" : "buy",
      "i" : "TONUSD-PERP",
      "m" : "4611686018428254450"
    }, {
      "d" : "1756460416561580945",
      "t" : 1756460416561,
      "tn" : 1756460416561580945,
      "q" : "0.1",
      "p" : "3.0465",
      "s" : "buy",
      "i" : "TONUSD-PERP",
      "m" : "4611686018428254449"
    }, {
      "d" : "1756460416561578141",
      "t" : 1756460416561,
      "tn" : 1756460416561578141,
      "q" : "0.1",
      "p" : "3.0463",
      "s" : "buy",
      "i" : "TONUSD-PERP",
      "m" : "4611686018428254448"
    }, {
      "d" : "1756460412286645476",
      "t" : 1756460412286,
      "tn" : 1756460412286645476,
      "q" : "9.8",
      "p" : "3.0488",
      "s" : "buy",
      "i" : "TONUSD-PERP",
      "m" : "4611686018428254447"
    }, {
      "d" : "1756460406109344035",
      "t" : 1756460406109,
      "tn" : 1756460406109344035,
      "q" : "0.8",
      "p" : "3.0477",
      "s" : "buy",
      "i" : "TONUSD-PERP",
      "m" : "4611686018428254446"
    }, {
      "d" : "1756460406109341064",
      "t" : 1756460406109,
      "tn" : 1756460406109341064,
      "q" : "10.0",
      "p" : "3.0476",
      "s" : "buy",
      "i" : "TONUSD-PERP",
      "m" : "4611686018428254445"
    }, {
      "d" : "1756460406109338349",
      "t" : 1756460406109,
      "tn" : 1756460406109338348,
      "q" : "0.1",
      "p" : "3.0462",
      "s" : "buy",
      "i" : "TONUSD-PERP",
      "m" : "4611686018428254444"
    }, {
      "d" : "1756460406109338348",
      "t" : 1756460406109,
      "tn" : 1756460406109338348,
      "q" : "0.1",
      "p" : "3.0462",
      "s" : "buy",
      "i" : "TONUSD-PERP",
      "m" : "4611686018428254444"
    }, {
      "d" : "1756460395486266443",
      "t" : 1756460395486,
      "tn" : 1756460395486266443,
      "q" : "0.8",
      "p" : "3.0459",
      "s" : "buy",
      "i" : "TONUSD-PERP",
      "m" : "4611686018428254443"
    }, {
      "d" : "1756460395486263343",
      "t" : 1756460395486,
      "tn" : 1756460395486263343,
      "q" : "10.0",
      "p" : "3.0458",
      "s" : "buy",
      "i" : "TONUSD-PERP",
      "m" : "4611686018428254442"
    }, {
      "d" : "1756460395486261110",
      "t" : 1756460395486,
      "tn" : 1756460395486261110,
      "q" : "0.1",
      "p" : "3.0447",
      "s" : "buy",
      "i" : "TONUSD-PERP",
      "m" : "4611686018428254441"
    }, {
      "d" : "1756460395486258663",
      "t" : 1756460395486,
      "tn" : 1756460395486258663,
      "q" : "0.1",
      "p" : "3.0445",
      "s" : "buy",
      "i" : "TONUSD-PERP",
      "m" : "4611686018428254440"
    }, {
      "d" : "1756460385044040209",
      "t" : 1756460385044,
      "tn" : 1756460385044040209,
      "q" : "11.0",
      "p" : "3.0468",
      "s" : "buy",
      "i" : "TONUSD-PERP",
      "m" : "4611686018428254439"
    }, {
      "d" : "1756460374562313919",
      "t" : 1756460374562,
      "tn" : 1756460374562313919,
      "q" : "11.0",
      "p" : "3.0457",
      "s" : "buy",
      "i" : "TONUSD-PERP",
      "m" : "4611686018428254438"
    }, {
      "d" : "1756460364053812163",
      "t" : 1756460364053,
      "tn" : 1756460364053812163,
      "q" : "10.8",
      "p" : "3.0462",
      "s" : "buy",
      "i" : "TONUSD-PERP",
      "m" : "4611686018428254437"
    }, {
      "d" : "1756460364053807321",
      "t" : 1756460364053,
      "tn" : 1756460364053807320,
      "q" : "0.1",
      "p" : "3.0459",
      "s" : "buy",
      "i" : "TONUSD-PERP",
      "m" : "4611686018428254436"
    }, {
      "d" : "1756460364053807320",
      "t" : 1756460364053,
      "tn" : 1756460364053807320,
      "q" : "0.1",
      "p" : "3.0459",
      "s" : "buy",
      "i" : "TONUSD-PERP",
      "m" : "4611686018428254436"
    }, {
      "d" : "1756460353503454460",
      "t" : 1756460353503,
      "tn" : 1756460353503454460,
      "q" : "0.8",
      "p" : "3.0486",
      "s" : "buy",
      "i" : "TONUSD-PERP",
      "m" : "4611686018428254435"
    }, {
      "d" : "1756460353503451187",
      "t" : 1756460353503,
      "tn" : 1756460353503451187,
      "q" : "10.0",
      "p" : "3.0485",
      "s" : "buy",
      "i" : "TONUSD-PERP",
      "m" : "4611686018428254434"
    }, {
      "d" : "1756460353503448516",
      "t" : 1756460353503,
      "tn" : 1756460353503448516,
      "q" : "0.1",
      "p" : "3.0465",
      "s" : "buy",
      "i" : "TONUSD-PERP",
      "m" : "4611686018428254433"
    }, {
      "d" : "1756460353503445844",
      "t" : 1756460353503,
      "tn" : 1756460353503445844,
      "q" : "0.1",
      "p" : "3.0464",
      "s" : "buy",
      "i" : "TONUSD-PERP",
      "m" : "4611686018428254432"
    }, {
      "d" : "1756460346174068838",
      "t" : 1756460346174,
      "tn" : 1756460346174068838,
      "q" : "16.4",
      "p" : "3.0408",
      "s" : "sell",
      "i" : "TONUSD-PERP",
      "m" : "4611686018428254431"
    }, {
      "d" : "1756460346174066926",
      "t" : 1756460346174,
      "tn" : 1756460346174066926,
      "q" : "10.0",
      "p" : "3.0409",
      "s" : "sell",
      "i" : "TONUSD-PERP",
      "m" : "4611686018428254430"
    }, {
      "d" : "1756460346174063741",
      "t" : 1756460346174,
      "tn" : 1756460346174063741,
      "q" : "32.8",
      "p" : "3.0414",
      "s" : "sell",
      "i" : "TONUSD-PERP",
      "m" : "4611686018428254429"
    }, {
      "d" : "1756460346174061165",
      "t" : 1756460346174,
      "tn" : 1756460346174061165,
      "q" : "10.0",
      "p" : "3.0415",
      "s" : "sell",
      "i" : "TONUSD-PERP",
      "m" : "4611686018428254428"
    }, {
      "d" : "1756460346174058734",
      "t" : 1756460346174,
      "tn" : 1756460346174058734,
      "q" : "0.1",
      "p" : "3.0473",
      "s" : "sell",
      "i" : "TONUSD-PERP",
      "m" : "4611686018428254427"
    }, {
      "d" : "1756460342972803094",
      "t" : 1756460342972,
      "tn" : 1756460342972803093,
      "q" : "10.8",
      "p" : "3.0462",
      "s" : "buy",
      "i" : "TONUSD-PERP",
      "m" : "4611686018428254426"
    }, {
      "d" : "1756460342972803093",
      "t" : 1756460342972,
      "tn" : 1756460342972803093,
      "q" : "0.1",
      "p" : "3.0462",
      "s" : "buy",
      "i" : "TONUSD-PERP",
      "m" : "4611686018428254426"
    }, {
      "d" : "1756460342972799115",
      "t" : 1756460342972,
      "tn" : 1756460342972799115,
      "q" : "0.1",
      "p" : "3.0459",
      "s" : "buy",
      "i" : "TONUSD-PERP",
      "m" : "4611686018428254425"
    }, {
      "d" : "1756460332526662663",
      "t" : 1756460332526,
      "tn" : 1756460332526662663,
      "q" : "11.0",
      "p" : "3.0453",
      "s" : "buy",
      "i" : "TONUSD-PERP",
      "m" : "4611686018428254424"
    }, {
      "d" : "1756460321917459793",
      "t" : 1756460321917,
      "tn" : 1756460321917459793,
      "q" : "11.0",
      "p" : "3.0465",
      "s" : "buy",
      "i" : "TONUSD-PERP",
      "m" : "4611686018428254423"
    }, {
      "d" : "1756460318512538805",
      "t" : 1756460318512,
      "tn" : 1756460318512538805,
      "q" : "0.1",
      "p" : "3.0444",
      "s" : "sell",
      "i" : "TONUSD-PERP",
      "m" : "4611686018428254422"
    }, {
      "d" : "1756460318512535347",
      "t" : 1756460318512,
      "tn" : 1756460318512535347,
      "q" : "0.1",
      "p" : "3.0457",
      "s" : "sell",
      "i" : "TONUSD-PERP",
      "m" : "4611686018428254421"
    }, {
      "d" : "1756460313198580371",
      "t" : 1756460313198,
      "tn" : 1756460313198580371,
      "q" : "16.3",
      "p" : "3.0435",
      "s" : "sell",
      "i" : "TONUSD-PERP",
      "m" : "4611686018428254420"
    }, {
      "d" : "1756460313198578752",
      "t" : 1756460313198,
      "tn" : 1756460313198578752,
      "q" : "10.0",
      "p" : "3.0436",
      "s" : "sell",
      "i" : "TONUSD-PERP",
      "m" : "4611686018428254419"
    }, {
      "d" : "1756460313198576417",
      "t" : 1756460313198,
      "tn" : 1756460313198576417,
      "q" : "32.8",
      "p" : "3.0438",
      "s" : "sell",
      "i" : "TONUSD-PERP",
      "m" : "4611686018428254418"
    }, {
      "d" : "1756460313198574152",
      "t" : 1756460313198,
      "tn" : 1756460313198574152,
      "q" : "10.0",
      "p" : "3.0439",
      "s" : "sell",
      "i" : "TONUSD-PERP",
      "m" : "4611686018428254417"
    }, {
      "d" : "1756460313198571292",
      "t" : 1756460313198,
      "tn" : 1756460313198571292,
      "q" : "0.1",
      "p" : "3.0468",
      "s" : "sell",
      "i" : "TONUSD-PERP",
      "m" : "4611686018428254416"
    }, {
      "d" : "1756460313198568920",
      "t" : 1756460313198,
      "tn" : 1756460313198568920,
      "q" : "0.1",
      "p" : "3.0481",
      "s" : "sell",
      "i" : "TONUSD-PERP",
      "m" : "4611686018428254415"
    }, {
      "d" : "1756460311372509729",
      "t" : 1756460311372,
      "tn" : 1756460311372509729,
      "q" : "0.8",
      "p" : "3.0510",
      "s" : "buy",
      "i" : "TONUSD-PERP",
      "m" : "4611686018428254414"
    }, {
      "d" : "1756460311372507738",
      "t" : 1756460311372,
      "tn" : 1756460311372507738,
      "q" : "10.0",
      "p" : "3.0509",
      "s" : "buy",
      "i" : "TONUSD-PERP",
      "m" : "4611686018428254413"
    }, {
      "d" : "1756460311372505651",
      "t" : 1756460311372,
      "tn" : 1756460311372505651,
      "q" : "0.1",
      "p" : "3.0486",
      "s" : "buy",
      "i" : "TONUSD-PERP",
      "m" : "4611686018428254412"
    }, {
      "d" : "1756460311372502741",
      "t" : 1756460311372,
      "tn" : 1756460311372502741,
      "q" : "0.1",
      "p" : "3.0485",
      "s" : "buy",
      "i" : "TONUSD-PERP",
      "m" : "4611686018428254411"
    }, {
      "d" : "1756460310697460497",
      "t" : 1756460310697,
      "tn" : 1756460310697460497,
      "q" : "0.1",
      "p" : "3.0465",
      "s" : "sell",
      "i" : "TONUSD-PERP",
      "m" : "4611686018428254410"
    }, {
      "d" : "1756460310697458448",
      "t" : 1756460310697,
      "tn" : 1756460310697458448,
      "q" : "0.1",
      "p" : "3.0478",
      "s" : "sell",
      "i" : "TONUSD-PERP",
      "m" : "4611686018428254409"
    }, {
      "d" : "1756460305633440755",
      "t" : 1756460305633,
      "tn" : 1756460305633440755,
      "q" : "16.3",
      "p" : "3.0459",
      "s" : "sell",
      "i" : "TONUSD-PERP",
      "m" : "4611686018428254408"
    }, {
      "d" : "1756460305633439293",
      "t" : 1756460305633,
      "tn" : 1756460305633439293,
      "q" : "10.0",
      "p" : "3.0460",
      "s" : "sell",
      "i" : "TONUSD-PERP",
      "m" : "4611686018428254407"
    }, {
      "d" : "1756460305633436744",
      "t" : 1756460305633,
      "tn" : 1756460305633436744,
      "q" : "32.8",
      "p" : "3.0462",
      "s" : "sell",
      "i" : "TONUSD-PERP",
      "m" : "4611686018428254406"
    }, {
      "d" : "1756460305633434617",
      "t" : 1756460305633,
      "tn" : 1756460305633434617,
      "q" : "10.0",
      "p" : "3.0463",
      "s" : "sell",
      "i" : "TONUSD-PERP",
      "m" : "4611686018428254405"
    }, {
      "d" : "1756460305633432031",
      "t" : 1756460305633,
      "tn" : 1756460305633432031,
      "q" : "0.1",
      "p" : "3.0495",
      "s" : "sell",
      "i" : "TONUSD-PERP",
      "m" : "4611686018428254404"
    }, {
      "d" : "1756460305633427604",
      "t" : 1756460305633,
      "tn" : 1756460305633427604,
      "q" : "0.1",
      "p" : "3.0508",
      "s" : "sell",
      "i" : "TONUSD-PERP",
      "m" : "4611686018428254403"
    }, {
      "d" : "1756460300925862173",
      "t" : 1756460300925,
      "tn" : 1756460300925862173,
      "q" : "10.9",
      "p" : "3.0537",
      "s" : "buy",
      "i" : "TONUSD-PERP",
      "m" : "4611686018428254402"
    }, {
      "d" : "1756460300925860378",
      "t" : 1756460300925,
      "tn" : 1756460300925860378,
      "q" : "0.1",
      "p" : "3.0516",
      "s" : "buy",
      "i" : "TONUSD-PERP",
      "m" : "4611686018428254401"
    }, {
      "d" : "1756460300297216070",
      "t" : 1756460300297,
      "tn" : 1756460300297216070,
      "q" : "0.1",
      "p" : "3.0489",
      "s" : "sell",
      "i" : "TONUSD-PERP",
      "m" : "4611686018428254400"
    }, {
      "d" : "1756460300297214662",
      "t" : 1756460300297,
      "tn" : 1756460300297214662,
      "q" : "0.1",
      "p" : "3.0502",
      "s" : "sell",
      "i" : "TONUSD-PERP",
      "m" : "4611686018428254399"
    }, {
      "d" : "1756460295176807394",
      "t" : 1756460295176,
      "tn" : 1756460295176807394,
      "q" : "0.7",
      "p" : "3.0498",
      "s" : "sell",
      "i" : "TONUSD-PERP",
      "m" : "4611686018428254398"
    }, {
      "d" : "1756460295176805557",
      "t" : 1756460295176,
      "tn" : 1756460295176805557,
      "q" : "10.0",
      "p" : "3.0499",
      "s" : "sell",
      "i" : "TONUSD-PERP",
      "m" : "4611686018428254397"
    }, {
      "d" : "1756460295174386747",
      "t" : 1756460295174,
      "tn" : 1756460295174386747,
      "q" : "10.0",
      "p" : "3.0507",
      "s" : "sell",
      "i" : "TONUSD-PERP",
      "m" : "4611686018428254396"
    }, {
      "d" : "1756460295174384436",
      "t" : 1756460295174,
      "tn" : 1756460295174384436,
      "q" : "16.3",
      "p" : "3.0516",
      "s" : "sell",
      "i" : "TONUSD-PERP",
      "m" : "4611686018428254395"
    }, {
      "d" : "1756460295174382227",
      "t" : 1756460295174,
      "tn" : 1756460295174382227,
      "q" : "10.0",
      "p" : "3.0517",
      "s" : "sell",
      "i" : "TONUSD-PERP",
      "m" : "4611686018428254394"
    }, {
      "d" : "1756460295174380061",
      "t" : 1756460295174,
      "tn" : 1756460295174380061,
      "q" : "32.1",
      "p" : "3.0522",
      "s" : "sell",
      "i" : "TONUSD-PERP",
      "m" : "4611686018428254393"
    }, {
      "d" : "1756460295174377842",
      "t" : 1756460295174,
      "tn" : 1756460295174377842,
      "q" : "10.0",
      "p" : "3.0523",
      "s" : "sell",
      "i" : "TONUSD-PERP",
      "m" : "4611686018428254392"
    }, {
      "d" : "1756460295174375286",
      "t" : 1756460295174,
      "tn" : 1756460295174375286,
      "q" : "0.1",
      "p" : "3.0552",
      "s" : "sell",
      "i" : "TONUSD-PERP",
      "m" : "4611686018428254391"
    }, {
      "d" : "1756460295174373851",
      "t" : 1756460295174,
      "tn" : 1756460295174373851,
      "q" : "0.1",
      "p" : "3.0566",
      "s" : "sell",
      "i" : "TONUSD-PERP",
      "m" : "4611686018428254390"
    }, {
      "d" : "1756460291166853119",
      "t" : 1756460291166,
      "tn" : 1756460291166853119,
      "q" : "0.1",
      "p" : "3.0537",
      "s" : "sell",
      "i" : "TONUSD-PERP",
      "m" : "4611686018428254389"
    }, {
      "d" : "1756460291166849493",
      "t" : 1756460291166,
      "tn" : 1756460291166849493,
      "q" : "0.1",
      "p" : "3.0550",
      "s" : "sell",
      "i" : "TONUSD-PERP",
      "m" : "4611686018428254388"
    }, {
      "d" : "1756460286135012822",
      "t" : 1756460286135,
      "tn" : 1756460286135012822,
      "q" : "0.7",
      "p" : "3.0518",
      "s" : "sell",
      "i" : "TONUSD-PERP",
      "m" : "4611686018428254387"
    }, {
      "d" : "1756460286135010563",
      "t" : 1756460286135,
      "tn" : 1756460286135010563,
      "q" : "9.4",
      "p" : "3.0519",
      "s" : "sell",
      "i" : "TONUSD-PERP",
      "m" : "4611686018428254386"
    }, {
      "d" : "1756460286131877517",
      "t" : 1756460286131,
      "tn" : 1756460286131877517,
      "q" : "0.6",
      "p" : "3.0519",
      "s" : "sell",
      "i" : "TONUSD-PERP",
      "m" : "4611686018428254385"
    }, {
      "d" : "1756460286131875790",
      "t" : 1756460286131,
      "tn" : 1756460286131875790,
      "q" : "16.3",
      "p" : "3.0531",
      "s" : "sell",
      "i" : "TONUSD-PERP",
      "m" : "4611686018428254384"
    }, {
      "d" : "1756460286131873118",
      "t" : 1756460286131,
      "tn" : 1756460286131873118,
      "q" : "10.0",
      "p" : "3.0532",
      "s" : "sell",
      "i" : "TONUSD-PERP",
      "m" : "4611686018428254383"
    }, {
      "d" : "1756460286131871011",
      "t" : 1756460286131,
      "tn" : 1756460286131871011,
      "q" : "32.7",
      "p" : "3.0534",
      "s" : "sell",
      "i" : "TONUSD-PERP",
      "m" : "4611686018428254382"
    }, {
      "d" : "1756460286131868100",
      "t" : 1756460286131,
      "tn" : 1756460286131868100,
      "q" : "10.0",
      "p" : "3.0535",
      "s" : "sell",
      "i" : "TONUSD-PERP",
      "m" : "4611686018428254381"
    }, {
      "d" : "1756460286131865355",
      "t" : 1756460286131,
      "tn" : 1756460286131865355,
      "q" : "0.1",
      "p" : "3.0552",
      "s" : "sell",
      "i" : "TONUSD-PERP",
      "m" : "4611686018428254380"
    }, {
      "d" : "1756460286131862756",
      "t" : 1756460286131,
      "tn" : 1756460286131862756,
      "q" : "0.1",
      "p" : "3.0564",
      "s" : "sell",
      "i" : "TONUSD-PERP",
      "m" : "4611686018428254379"
    }, {
      "d" : "1756460222784863562",
      "t" : 1756460222784,
      "tn" : 1756460222784863562,
      "q" : "11.0",
      "p" : "3.0522",
      "s" : "buy",
      "i" : "TONUSD-PERP",
      "m" : "4611686018428254378"
    }, {
      "d" : "1756460124780696787",
      "t" : 1756460124780,
      "tn" : 1756460124780696787,
      "q" : "11.3",
      "p" : "3.0528",
      "s" : "buy",
      "i" : "TONUSD-PERP",
      "m" : "4611686018428254377"
    }, {
      "d" : "1756460088466200350",
      "t" : 1756460088466,
      "tn" : 1756460088466200350,
      "q" : "16.3",
      "p" : "3.0546",
      "s" : "buy",
      "i" : "TONUSD-PERP",
      "m" : "4611686018428254376"
    }, {
      "d" : "1756460078876534445",
      "t" : 1756460078876,
      "tn" : 1756460078876534445,
      "q" : "0.1",
      "p" : "3.0555",
      "s" : "sell",
      "i" : "TONUSD-PERP",
      "m" : "4611686018428254375"
    }, {
      "d" : "1756460041441586403",
      "t" : 1756460041441,
      "tn" : 1756460041441586403,
      "q" : "0.1",
      "p" : "3.0638",
      "s" : "sell",
      "i" : "TONUSD-PERP",
      "m" : "4611686018428254374"
    }, {
      "d" : "1756459954104195388",
      "t" : 1756459954104,
      "tn" : 1756459954104195388,
      "q" : "0.1",
      "p" : "3.0646",
      "s" : "sell",
      "i" : "TONUSD-PERP",
      "m" : "4611686018428254373"
    }, {
      "d" : "1756459954048660022",
      "t" : 1756459954048,
      "tn" : 1756459954048660021,
      "q" : "0.1",
      "p" : "3.0642",
      "s" : "buy",
      "i" : "TONUSD-PERP",
      "m" : "4611686018428254372"
    }, {
      "d" : "1756459954048660021",
      "t" : 1756459954048,
      "tn" : 1756459954048660021,
      "q" : "16.3",
      "p" : "3.0642",
      "s" : "buy",
      "i" : "TONUSD-PERP",
      "m" : "4611686018428254372"
    }, {
      "d" : "1756459951409359056",
      "t" : 1756459951409,
      "tn" : 1756459951409359055,
      "q" : "0.1",
      "p" : "3.0642",
      "s" : "buy",
      "i" : "TONUSD-PERP",
      "m" : "4611686018428254371"
    }, {
      "d" : "1756459951409359055",
      "t" : 1756459951409,
      "tn" : 1756459951409359055,
      "q" : "16.3",
      "p" : "3.0642",
      "s" : "buy",
      "i" : "TONUSD-PERP",
      "m" : "4611686018428254371"
    }, {
      "d" : "1756459947223328813",
      "t" : 1756459947223,
      "tn" : 1756459947223328811,
      "q" : "0.1",
      "p" : "3.0639",
      "s" : "buy",
      "i" : "TONUSD-PERP",
      "m" : "4611686018428254370"
    }, {
      "d" : "1756459947223328812",
      "t" : 1756459947223,
      "tn" : 1756459947223328811,
      "q" : "16.3",
      "p" : "3.0639",
      "s" : "buy",
      "i" : "TONUSD-PERP",
      "m" : "4611686018428254370"
    }, {
      "d" : "1756459947223328811",
      "t" : 1756459947223,
      "tn" : 1756459947223328811,
      "q" : "0.1",
      "p" : "3.0639",
      "s" : "buy",
      "i" : "TONUSD-PERP",
      "m" : "4611686018428254370"
    }, {
      "d" : "1756459936826699731",
      "t" : 1756459936826,
      "tn" : 1756459936826699731,
      "q" : "0.1",
      "p" : "3.0633",
      "s" : "sell",
      "i" : "TONUSD-PERP",
      "m" : "4611686018428254369"
    }, {
      "d" : "1756459934596944075",
      "t" : 1756459934596,
      "tn" : 1756459934596944075,
      "q" : "0.1",
      "p" : "3.0646",
      "s" : "sell",
      "i" : "TONUSD-PERP",
      "m" : "4611686018428254368"
    }, {
      "d" : "1756459933481365682",
      "t" : 1756459933481,
      "tn" : 1756459933481365682,
      "q" : "0.1",
      "p" : "3.0645",
      "s" : "sell",
      "i" : "TONUSD-PERP",
      "m" : "4611686018428254367"
    }, {
      "d" : "1756459933273289407",
      "t" : 1756459933273,
      "tn" : 1756459933273289407,
      "q" : "0.1",
      "p" : "3.0640",
      "s" : "sell",
      "i" : "TONUSD-PERP",
      "m" : "4611686018428254366"
    }, {
      "d" : "1756459932841311352",
      "t" : 1756459932841,
      "tn" : 1756459932841311352,
      "q" : "0.1",
      "p" : "3.0641",
      "s" : "sell",
      "i" : "TONUSD-PERP",
      "m" : "4611686018428254365"
    }, {
      "d" : "1756459931831506040",
      "t" : 1756459931831,
      "tn" : 1756459931831506040,
      "q" : "10.0",
      "p" : "3.0642",
      "s" : "buy",
      "i" : "TONUSD-PERP",
      "m" : "4611686018428254364"
    }, {
      "d" : "1756459931826719690",
      "t" : 1756459931826,
      "tn" : 1756459931826719690,
      "q" : "33.6",
      "p" : "3.0581",
      "s" : "sell",
      "i" : "TONUSD-PERP",
      "m" : "4611686018428254363"
    }, {
      "d" : "1756459931825116053",
      "t" : 1756459931825,
      "tn" : 1756459931825116053,
      "q" : "32.6",
      "p" : "3.0600",
      "s" : "sell",
      "i" : "TONUSD-PERP",
      "m" : "4611686018428254362"
    }, {
      "d" : "1756459931823985164",
      "t" : 1756459931823,
      "tn" : 1756459931823985164,
      "q" : "16.3",
      "p" : "3.0624",
      "s" : "sell",
      "i" : "TONUSD-PERP",
      "m" : "4611686018428254361"
    }, {
      "d" : "1756459931822046402",
      "t" : 1756459931822,
      "tn" : 1756459931822046402,
      "q" : "0.7",
      "p" : "3.0641",
      "s" : "sell",
      "i" : "TONUSD-PERP",
      "m" : "4611686018428254360"
    }, {
      "d" : "1756459931818741715",
      "t" : 1756459931818,
      "tn" : 1756459931818741714,
      "q" : "32.6",
      "p" : "3.0642",
      "s" : "sell",
      "i" : "TONUSD-PERP",
      "m" : "4611686018428254359"
    } ]
  }
}