{
  "id" : -1,
  "method" : "public/get-trades",
  "code" : 0,
  "result" : {
    "data" : [ {
      "d" : "1756458161294114575",
      "t" : 1756458161294,
      "tn" : 1756458161294114575,
      "q" : "167900",
      "p" : "0.00059544",
      "s" : "sell",
      "i" : "TOSHI_USD",
      "m" : "4611686018427665246"
    }, {
      "d" : "1756458161294112057",
      "t" : 1756458161294,
      "tn" : 1756458161294112057,
      "q" : "20200",
      "p" : "0.00059545",
      "s" : "sell",
      "i" : "TOSHI_USD",
      "m" : "4611686018427665245"
    }, {
      "d" : "1756457856578568327",
      "t" : 1756457856578,
      "tn" : 1756457856578568327,
      "q" : "167000",
      "p" : "0.00059873",
      "s" : "sell",
      "i" : "TOSHI_USD",
      "m" : "4611686018427665244"
    }, {
      "d" : "1756455036758452931",
      "t" : 1756455036758,
      "tn" : 1756455036758452931,
      "q" : "1581100",
      "p" : "0.00060747",
      "s" : "sell",
      "i" : "TOSHI_USD",
      "m" : "4611686018427665243"
    }, {
      "d" : "1756445429867159481",
      "t" : 1756445429867,
      "tn" : 1756445429867159481,
      "q" : "1422600",
      "p" : "0.00062684",
      "s" : "buy",
      "i" : "TOSHI_USD",
      "m" : "4611686018427665242"
    }, {
      "d" : "1756440271046448465",
      "t" : 1756440271046,
      "tn" : 1756440271046448465,
      "q" : "4600",
      "p" : "0.00063250",
      "s" : "buy",
      "i" : "TOSHI_USD",
      "m" : "4611686018427665241"
    }, {
      "d" : "1756434719915863102",
      "t" : 1756434719915,
      "tn" : 1756434719915863102,
      "q" : "860900",
      "p" : "0.00062701",
      "s" : "sell",
      "i" : "TOSHI_USD",
      "m" : "4611686018427665240"
    }, {
      "d" : "1756433656624327486",
      "t" : 1756433656624,
      "tn" : 1756433656624327486,
      "q" : "19700",
      "p" : "0.00062686",
      "s" : "buy",
      "i" : "TOSHI_USD",
      "m" : "4611686018427665239"
    }, {
      "d" : "1756430451212242259",
      "t" : 1756430451212,
      "tn" : 1756430451212242259,
      "q" : "20000",
      "p" : "0.00061771",
      "s" : "sell",
      "i" : "TOSHI_USD",
      "m" : "4611686018427665238"
    }, {
      "d" : "1756428328281759057",
      "t" : 1756428328281,
      "tn" : 1756428328281759057,
      "q" : "817000",
      "p" : "0.00062365",
      "s" : "sell",
      "i" : "TOSHI_USD",
      "m" : "4611686018427665237"
    }, {
      "d" : "1756422527074258149",
      "t" : 1756422527074,
      "tn" : 1756422527074258149,
      "q" : "19700",
      "p" : "0.00063340",
      "s" : "buy",
      "i" : "TOSHI_USD",
      "m" : "4611686018427665236"
    }, {
      "d" : "1756422527003504037",
      "t" : 1756422527003,
      "tn" : 1756422527003504037,
      "q" : "60000",
      "p" : "0.00063235",
      "s" : "buy",
      "i" : "TOSHI_USD",
      "m" : "4611686018427665235"
    }, {
      "d" : "1756422527003475838",
      "t" : 1756422527003,
      "tn" : 1756422527003475838,
      "q" : "260000",
      "p" : "0.00063235",
      "s" : "buy",
      "i" : "TOSHI_USD",
      "m" : "4611686018427665234"
    }, {
      "d" : "1756422527003473135",
      "t" : 1756422527003,
      "tn" : 1756422527003473135,
      "q" : "320000",
      "p" : "0.00063235",
      "s" : "buy",
      "i" : "TOSHI_USD",
      "m" : "4611686018427665233"
    }, {
      "d" : "1756422527003470554",
      "t" : 1756422527003,
      "tn" : 1756422527003470554,
      "q" : "460000",
      "p" : "0.00063235",
      "s" : "buy",
      "i" : "TOSHI_USD",
      "m" : "4611686018427665232"
    }, {
      "d" : "1756422526998683142",
      "t" : 1756422526998,
      "tn" : 1756422526998683142,
      "q" : "620000",
      "p" : "0.00063235",
      "s" : "buy",
      "i" : "TOSHI_USD",
      "m" : "4611686018427665231"
    }, {
      "d" : "1756422526993006609",
      "t" : 1756422526993,
      "tn" : 1756422526993006609,
      "q" : "480000",
      "p" : "0.00063235",
      "s" : "buy",
      "i" : "TOSHI_USD",
      "m" : "4611686018427665230"
    }, {
      "d" : "1756422526990804790",
      "t" : 1756422526990,
      "tn" : 1756422526990804790,
      "q" : "648300",
      "p" : "0.00063235",
      "s" : "buy",
      "i" : "TOSHI_USD",
      "m" : "4611686018427665229"
    }, {
      "d" : "1756422526989439639",
      "t" : 1756422526989,
      "tn" : 1756422526989439639,
      "q" : "320000",
      "p" : "0.00063235",
      "s" : "buy",
      "i" : "TOSHI_USD",
      "m" : "4611686018427665228"
    }, {
      "d" : "1756422526989432952",
      "t" : 1756422526989,
      "tn" : 1756422526989432952,
      "q" : "310000",
      "p" : "0.00063235",
      "s" : "buy",
      "i" : "TOSHI_USD",
      "m" : "4611686018427665227"
    }, {
      "d" : "1756422526989426362",
      "t" : 1756422526989,
      "tn" : 1756422526989426362,
      "q" : "510000",
      "p" : "0.00063235",
      "s" : "buy",
      "i" : "TOSHI_USD",
      "m" : "4611686018427665226"
    }, {
      "d" : "1756422526985704104",
      "t" : 1756422526985,
      "tn" : 1756422526985704104,
      "q" : "440000",
      "p" : "0.00063235",
      "s" : "buy",
      "i" : "TOSHI_USD",
      "m" : "4611686018427665225"
    }, {
      "d" : "1756422526983587200",
      "t" : 1756422526983,
      "tn" : 1756422526983587200,
      "q" : "66000",
      "p" : "0.00063235",
      "s" : "buy",
      "i" : "TOSHI_USD",
      "m" : "4611686018427665224"
    }, {
      "d" : "1756422526978224796",
      "t" : 1756422526978,
      "tn" : 1756422526978224796,
      "q" : "142300",
      "p" : "0.00063235",
      "s" : "buy",
      "i" : "TOSHI_USD",
      "m" : "4611686018427665223"
    }, {
      "d" : "1756414693991472263",
      "t" : 1756414693991,
      "tn" : 1756414693991472263,
      "q" : "63000",
      "p" : "0.00062783",
      "s" : "sell",
      "i" : "TOSHI_USD",
      "m" : "4611686018427665222"
    }, {
      "d" : "1756411978630978618",
      "t" : 1756411978630,
      "tn" : 1756411978630978618,
      "q" : "23500",
      "p" : "0.00062953",
      "s" : "buy",
      "i" : "TOSHI_USD",
      "m" : "4611686018427665221"
    }, {
      "d" : "1756410978191624448",
      "t" : 1756410978191,
      "tn" : 1756410978191624448,
      "q" : "368800",
      "p" : "0.00062434",
      "s" : "sell",
      "i" : "TOSHI_USD",
      "m" : "4611686018427665220"
    }, {
      "d" : "1756410871623153874",
      "t" : 1756410871623,
      "tn" : 1756410871623153874,
      "q" : "368700",
      "p" : "0.00062333",
      "s" : "buy",
      "i" : "TOSHI_USD",
      "m" : "4611686018427665219"
    }, {
      "d" : "1756410456329705687",
      "t" : 1756410456329,
      "tn" : 1756410456329705687,
      "q" : "777800",
      "p" : "0.00062225",
      "s" : "sell",
      "i" : "TOSHI_USD",
      "m" : "4611686018427665218"
    }, {
      "d" : "1756410456307648152",
      "t" : 1756410456307,
      "tn" : 1756410456307648152,
      "q" : "943800",
      "p" : "0.00062225",
      "s" : "sell",
      "i" : "TOSHI_USD",
      "m" : "4611686018427665217"
    }, {
      "d" : "1756410456291595266",
      "t" : 1756410456291,
      "tn" : 1756410456291595266,
      "q" : "705200",
      "p" : "0.00062225",
      "s" : "sell",
      "i" : "TOSHI_USD",
      "m" : "4611686018427665216"
    }, {
      "d" : "1756410452413369435",
      "t" : 1756410452413,
      "tn" : 1756410452413369435,
      "q" : "669600",
      "p" : "0.00062294",
      "s" : "sell",
      "i" : "TOSHI_USD",
      "m" : "4611686018427665215"
    }, {
      "d" : "1756410098212791001",
      "t" : 1756410098212,
      "tn" : 1756410098212791001,
      "q" : "892000",
      "p" : "0.00062314",
      "s" : "sell",
      "i" : "TOSHI_USD",
      "m" : "4611686018427665214"
    }, {
      "d" : "1756410064473860122",
      "t" : 1756410064473,
      "tn" : 1756410064473860122,
      "q" : "812400",
      "p" : "0.00062434",
      "s" : "sell",
      "i" : "TOSHI_USD",
      "m" : "4611686018427665213"
    }, {
      "d" : "1756409932365226041",
      "t" : 1756409932365,
      "tn" : 1756409932365226041,
      "q" : "5000",
      "p" : "0.00062617",
      "s" : "sell",
      "i" : "TOSHI_USD",
      "m" : "4611686018427665212"
    }, {
      "d" : "1756409750722956034",
      "t" : 1756409750722,
      "tn" : 1756409750722956034,
      "q" : "749400",
      "p" : "0.00062618",
      "s" : "sell",
      "i" : "TOSHI_USD",
      "m" : "4611686018427665211"
    }, {
      "d" : "1756409750703452146",
      "t" : 1756409750703,
      "tn" : 1756409750703452146,
      "q" : "840500",
      "p" : "0.00062618",
      "s" : "sell",
      "i" : "TOSHI_USD",
      "m" : "4611686018427665210"
    }, {
      "d" : "1756409750682948401",
      "t" : 1756409750682,
      "tn" : 1756409750682948401,
      "q" : "921900",
      "p" : "0.00062618",
      "s" : "sell",
      "i" : "TOSHI_USD",
      "m" : "4611686018427665209"
    }, {
      "d" : "1756406711601196894",
      "t" : 1756406711601,
      "tn" : 1756406711601196894,
      "q" : "69000",
      "p" : "0.00062524",
      "s" : "buy",
      "i" : "TOSHI_USD",
      "m" : "4611686018427665208"
    }, {
      "d" : "1756406711601188240",
      "t" : 1756406711601,
      "tn" : 1756406711601188240,
      "q" : "69000",
      "p" : "0.00062524",
      "s" : "buy",
      "i" : "TOSHI_USD",
      "m" : "4611686018427665207"
    }, {
      "d" : "1756406711599551159",
      "t" : 1756406711599,
      "tn" : 1756406711599551159,
      "q" : "69000",
      "p" : "0.00062524",
      "s" : "buy",
      "i" : "TOSHI_USD",
      "m" : "4611686018427665206"
    }, {
      "d" : "1756405975628813113",
      "t" : 1756405975628,
      "tn" : 1756405975628813113,
      "q" : "5075400",
      "p" : "0.00062808",
      "s" : "buy",
      "i" : "TOSHI_USD",
      "m" : "4611686018427665205"
    }, {
      "d" : "1756405644407278682",
      "t" : 1756405644407,
      "tn" : 1756405644407278682,
      "q" : "81000",
      "p" : "0.00062052",
      "s" : "buy",
      "i" : "TOSHI_USD",
      "m" : "4611686018427665204"
    }, {
      "d" : "1756405332771546196",
      "t" : 1756405332771,
      "tn" : 1756405332771546196,
      "q" : "58000",
      "p" : "0.00062031",
      "s" : "buy",
      "i" : "TOSHI_USD",
      "m" : "4611686018427665203"
    }, {
      "d" : "1756405332768436994",
      "t" : 1756405332768,
      "tn" : 1756405332768436994,
      "q" : "58000",
      "p" : "0.00062031",
      "s" : "buy",
      "i" : "TOSHI_USD",
      "m" : "4611686018427665202"
    }, {
      "d" : "1756405332755259506",
      "t" : 1756405332755,
      "tn" : 1756405332755259506,
      "q" : "58000",
      "p" : "0.00062031",
      "s" : "buy",
      "i" : "TOSHI_USD",
      "m" : "4611686018427665201"
    }, {
      "d" : "1756405332749260664",
      "t" : 1756405332749,
      "tn" : 1756405332749260664,
      "q" : "110000",
      "p" : "0.00062031",
      "s" : "buy",
      "i" : "TOSHI_USD",
      "m" : "4611686018427665200"
    }, {
      "d" : "1756405332749258178",
      "t" : 1756405332749,
      "tn" : 1756405332749258178,
      "q" : "56000",
      "p" : "0.00062031",
      "s" : "buy",
      "i" : "TOSHI_USD",
      "m" : "4611686018427665199"
    }, {
      "d" : "1756405332749240345",
      "t" : 1756405332749,
      "tn" : 1756405332749240345,
      "q" : "110000",
      "p" : "0.00062031",
      "s" : "buy",
      "i" : "TOSHI_USD",
      "m" : "4611686018427665198"
    }, {
      "d" : "1756405332744563641",
      "t" : 1756405332744,
      "tn" : 1756405332744563641,
      "q" : "58000",
      "p" : "0.00062031",
      "s" : "buy",
      "i" : "TOSHI_USD",
      "m" : "4611686018427665197"
    }, {
      "d" : "1756405332744562557",
      "t" : 1756405332744,
      "tn" : 1756405332744562557,
      "q" : "110000",
      "p" : "0.00062031",
      "s" : "buy",
      "i" : "TOSHI_USD",
      "m" : "4611686018427665196"
    }, {
      "d" : "1756405332743651321",
      "t" : 1756405332743,
      "tn" : 1756405332743651321,
      "q" : "58000",
      "p" : "0.00062031",
      "s" : "buy",
      "i" : "TOSHI_USD",
      "m" : "4611686018427665195"
    }, {
      "d" : "1756405332740818852",
      "t" : 1756405332740,
      "tn" : 1756405332740818852,
      "q" : "56000",
      "p" : "0.00062031",
      "s" : "buy",
      "i" : "TOSHI_USD",
      "m" : "4611686018427665194"
    }, {
      "d" : "1756405332740816400",
      "t" : 1756405332740,
      "tn" : 1756405332740816400,
      "q" : "110000",
      "p" : "0.00062031",
      "s" : "buy",
      "i" : "TOSHI_USD",
      "m" : "4611686018427665193"
    }, {
      "d" : "1756405332738123096",
      "t" : 1756405332738,
      "tn" : 1756405332738123096,
      "q" : "60000",
      "p" : "0.00062031",
      "s" : "buy",
      "i" : "TOSHI_USD",
      "m" : "4611686018427665192"
    }, {
      "d" : "1756405332737043490",
      "t" : 1756405332737,
      "tn" : 1756405332737043490,
      "q" : "58000",
      "p" : "0.00062031",
      "s" : "buy",
      "i" : "TOSHI_USD",
      "m" : "4611686018427665191"
    }, {
      "d" : "1756405332733343875",
      "t" : 1756405332733,
      "tn" : 1756405332733343875,
      "q" : "340000",
      "p" : "0.00062031",
      "s" : "buy",
      "i" : "TOSHI_USD",
      "m" : "4611686018427665190"
    }, {
      "d" : "1756405332733161792",
      "t" : 1756405332733,
      "tn" : 1756405332733161792,
      "q" : "60000",
      "p" : "0.00062031",
      "s" : "buy",
      "i" : "TOSHI_USD",
      "m" : "4611686018427665189"
    }, {
      "d" : "1756405332729932810",
      "t" : 1756405332729,
      "tn" : 1756405332729932810,
      "q" : "107100",
      "p" : "0.00062031",
      "s" : "buy",
      "i" : "TOSHI_USD",
      "m" : "4611686018427665188"
    }, {
      "d" : "1756405332728011939",
      "t" : 1756405332728,
      "tn" : 1756405332728011939,
      "q" : "340000",
      "p" : "0.00062031",
      "s" : "buy",
      "i" : "TOSHI_USD",
      "m" : "4611686018427665187"
    }, {
      "d" : "1756404984590508153",
      "t" : 1756404984590,
      "tn" : 1756404984590508153,
      "q" : "17600",
      "p" : "0.00061600",
      "s" : "sell",
      "i" : "TOSHI_USD",
      "m" : "4611686018427665186"
    }, {
      "d" : "1756404968807505429",
      "t" : 1756404968807,
      "tn" : 1756404968807505429,
      "q" : "3200",
      "p" : "0.00061830",
      "s" : "sell",
      "i" : "TOSHI_USD",
      "m" : "4611686018427665185"
    }, {
      "d" : "1756404966954881289",
      "t" : 1756404966954,
      "tn" : 1756404966954881289,
      "q" : "840100",
      "p" : "0.00061831",
      "s" : "sell",
      "i" : "TOSHI_USD",
      "m" : "4611686018427665184"
    }, {
      "d" : "1756404734318366385",
      "t" : 1756404734318,
      "tn" : 1756404734318366385,
      "q" : "5000",
      "p" : "0.00062089",
      "s" : "buy",
      "i" : "TOSHI_USD",
      "m" : "4611686018427665183"
    }, {
      "d" : "1756404627426697978",
      "t" : 1756404627426,
      "tn" : 1756404627426697978,
      "q" : "744600",
      "p" : "0.00061990",
      "s" : "sell",
      "i" : "TOSHI_USD",
      "m" : "4611686018427665182"
    }, {
      "d" : "1756404627411667345",
      "t" : 1756404627411,
      "tn" : 1756404627411667345,
      "q" : "698600",
      "p" : "0.00061990",
      "s" : "sell",
      "i" : "TOSHI_USD",
      "m" : "4611686018427665181"
    }, {
      "d" : "1756404627396989831",
      "t" : 1756404627396,
      "tn" : 1756404627396989831,
      "q" : "903100",
      "p" : "0.00061990",
      "s" : "sell",
      "i" : "TOSHI_USD",
      "m" : "4611686018427665180"
    }, {
      "d" : "1756402189752530716",
      "t" : 1756402189752,
      "tn" : 1756402189752530716,
      "q" : "896700",
      "p" : "0.00062830",
      "s" : "sell",
      "i" : "TOSHI_USD",
      "m" : "4611686018427665179"
    }, {
      "d" : "1756400732878659012",
      "t" : 1756400732878,
      "tn" : 1756400732878659012,
      "q" : "161200",
      "p" : "0.00061999",
      "s" : "sell",
      "i" : "TOSHI_USD",
      "m" : "4611686018427665178"
    }, {
      "d" : "1756400732838024258",
      "t" : 1756400732838,
      "tn" : 1756400732838024258,
      "q" : "622100",
      "p" : "0.00062000",
      "s" : "sell",
      "i" : "TOSHI_USD",
      "m" : "4611686018427665177"
    }, {
      "d" : "1756400732807691262",
      "t" : 1756400732807,
      "tn" : 1756400732807691262,
      "q" : "758100",
      "p" : "0.00062205",
      "s" : "buy",
      "i" : "TOSHI_USD",
      "m" : "4611686018427665176"
    }, {
      "d" : "1756400732768366944",
      "t" : 1756400732768,
      "tn" : 1756400732768366944,
      "q" : "320000",
      "p" : "0.00062500",
      "s" : "sell",
      "i" : "TOSHI_USD",
      "m" : "4611686018427665175"
    }, {
      "d" : "1756400381432037882",
      "t" : 1756400381432,
      "tn" : 1756400381432037882,
      "q" : "19100",
      "p" : "0.00062672",
      "s" : "sell",
      "i" : "TOSHI_USD",
      "m" : "4611686018427665174"
    }, {
      "d" : "1756400345496177040",
      "t" : 1756400345496,
      "tn" : 1756400345496177040,
      "q" : "159000",
      "p" : "0.00062861",
      "s" : "sell",
      "i" : "TOSHI_USD",
      "m" : "4611686018427665173"
    }, {
      "d" : "1756400196411151308",
      "t" : 1756400196411,
      "tn" : 1756400196411151308,
      "q" : "111100",
      "p" : "0.00063000",
      "s" : "sell",
      "i" : "TOSHI_USD",
      "m" : "4611686018427665172"
    }, {
      "d" : "1756400186291734049",
      "t" : 1756400186291,
      "tn" : 1756400186291734049,
      "q" : "19100",
      "p" : "0.00063051",
      "s" : "sell",
      "i" : "TOSHI_USD",
      "m" : "4611686018427665171"
    }, {
      "d" : "1756400182956903168",
      "t" : 1756400182956,
      "tn" : 1756400182956903168,
      "q" : "711200",
      "p" : "0.00063159",
      "s" : "sell",
      "i" : "TOSHI_USD",
      "m" : "4611686018427665170"
    }, {
      "d" : "1756399611050136442",
      "t" : 1756399611050,
      "tn" : 1756399611050136442,
      "q" : "19100",
      "p" : "0.00063633",
      "s" : "sell",
      "i" : "TOSHI_USD",
      "m" : "4611686018427665169"
    }, {
      "d" : "1756397019942318466",
      "t" : 1756397019942,
      "tn" : 1756397019942318466,
      "q" : "700",
      "p" : "0.00063842",
      "s" : "buy",
      "i" : "TOSHI_USD",
      "m" : "4611686018427665168"
    }, {
      "d" : "1756396142120728566",
      "t" : 1756396142120,
      "tn" : 1756396142120728566,
      "q" : "242700",
      "p" : "0.00063959",
      "s" : "sell",
      "i" : "TOSHI_USD",
      "m" : "4611686018427665167"
    }, {
      "d" : "1756396082317918441",
      "t" : 1756396082317,
      "tn" : 1756396082317918441,
      "q" : "659600",
      "p" : "0.00064087",
      "s" : "sell",
      "i" : "TOSHI_USD",
      "m" : "4611686018427665166"
    }, {
      "d" : "1756394750753397562",
      "t" : 1756394750753,
      "tn" : 1756394750753397562,
      "q" : "629300",
      "p" : "0.00064215",
      "s" : "sell",
      "i" : "TOSHI_USD",
      "m" : "4611686018427665165"
    }, {
      "d" : "1756394729668349452",
      "t" : 1756394729668,
      "tn" : 1756394729668349452,
      "q" : "565600",
      "p" : "0.00064343",
      "s" : "sell",
      "i" : "TOSHI_USD",
      "m" : "4611686018427665164"
    }, {
      "d" : "1756394729538591582",
      "t" : 1756394729538,
      "tn" : 1756394729538591582,
      "q" : "16700",
      "p" : "0.00064344",
      "s" : "sell",
      "i" : "TOSHI_USD",
      "m" : "4611686018427665163"
    }, {
      "d" : "1756394729203633204",
      "t" : 1756394729203,
      "tn" : 1756394729203633204,
      "q" : "16800",
      "p" : "0.00064344",
      "s" : "sell",
      "i" : "TOSHI_USD",
      "m" : "4611686018427665162"
    }, {
      "d" : "1756394729080461319",
      "t" : 1756394729080,
      "tn" : 1756394729080461319,
      "q" : "16600",
      "p" : "0.00064344",
      "s" : "sell",
      "i" : "TOSHI_USD",
      "m" : "4611686018427665161"
    }, {
      "d" : "1756394724159703798",
      "t" : 1756394724159,
      "tn" : 1756394724159703798,
      "q" : "553800",
      "p" : "0.00064472",
      "s" : "sell",
      "i" : "TOSHI_USD",
      "m" : "4611686018427665160"
    }, {
      "d" : "1756394719921878219",
      "t" : 1756394719921,
      "tn" : 1756394719921878219,
      "q" : "553800",
      "p" : "0.00064472",
      "s" : "sell",
      "i" : "TOSHI_USD",
      "m" : "4611686018427665159"
    }, {
      "d" : "1756394434722141662",
      "t" : 1756394434722,
      "tn" : 1756394434722141662,
      "q" : "606900",
      "p" : "0.00064601",
      "s" : "sell",
      "i" : "TOSHI_USD",
      "m" : "4611686018427665158"
    }, {
      "d" : "1756393438098240294",
      "t" : 1756393438098,
      "tn" : 1756393438098240294,
      "q" : "22800",
      "p" : "0.00064859",
      "s" : "buy",
      "i" : "TOSHI_USD",
      "m" : "4611686018427665157"
    }, {
      "d" : "1756393437763082815",
      "t" : 1756393437763,
      "tn" : 1756393437763082815,
      "q" : "584100",
      "p" : "0.00064859",
      "s" : "buy",
      "i" : "TOSHI_USD",
      "m" : "4611686018427665156"
    }, {
      "d" : "1756393437763080475",
      "t" : 1756393437763,
      "tn" : 1756393437763080475,
      "q" : "22800",
      "p" : "0.00064858",
      "s" : "buy",
      "i" : "TOSHI_USD",
      "m" : "4611686018427665155"
    }, {
      "d" : "1756393195672610820",
      "t" : 1756393195672,
      "tn" : 1756393195672610820,
      "q" : "22800",
      "p" : "0.00064730",
      "s" : "buy",
      "i" : "TOSHI_USD",
      "m" : "4611686018427665154"
    }, {
      "d" : "1756393195539632655",
      "t" : 1756393195539,
      "tn" : 1756393195539632655,
      "q" : "531000",
      "p" : "0.00064730",
      "s" : "buy",
      "i" : "TOSHI_USD",
      "m" : "4611686018427665153"
    }, {
      "d" : "1756393195539630674",
      "t" : 1756393195539,
      "tn" : 1756393195539630674,
      "q" : "22800",
      "p" : "0.00064729",
      "s" : "buy",
      "i" : "TOSHI_USD",
      "m" : "4611686018427665152"
    }, {
      "d" : "1756393195473667879",
      "t" : 1756393195473,
      "tn" : 1756393195473667879,
      "q" : "553800",
      "p" : "0.00064729",
      "s" : "buy",
      "i" : "TOSHI_USD",
      "m" : "4611686018427665151"
    }, {
      "d" : "1756391351615116384",
      "t" : 1756391351615,
      "tn" : 1756391351615116384,
      "q" : "565600",
      "p" : "0.00064601",
      "s" : "buy",
      "i" : "TOSHI_USD",
      "m" : "4611686018427665150"
    }, {
      "d" : "1756391351548782487",
      "t" : 1756391351548,
      "tn" : 1756391351548782487,
      "q" : "565600",
      "p" : "0.00064600",
      "s" : "buy",
      "i" : "TOSHI_USD",
      "m" : "4611686018427665149"
    }, {
      "d" : "1756391116958986888",
      "t" : 1756391116958,
      "tn" : 1756391116958986888,
      "q" : "699900",
      "p" : "0.00064343",
      "s" : "sell",
      "i" : "TOSHI_USD",
      "m" : "4611686018427665148"
    }, {
      "d" : "1756390955762773270",
      "t" : 1756390955762,
      "tn" : 1756390955762773270,
      "q" : "678300",
      "p" : "0.00064472",
      "s" : "sell",
      "i" : "TOSHI_USD",
      "m" : "4611686018427665147"
    }, {
      "d" : "1756390955577849343",
      "t" : 1756390955577,
      "tn" : 1756390955577849343,
      "q" : "678300",
      "p" : "0.00064473",
      "s" : "sell",
      "i" : "TOSHI_USD",
      "m" : "4611686018427665146"
    }, {
      "d" : "1756390943946389950",
      "t" : 1756390943946,
      "tn" : 1756390943946389950,
      "q" : "596000",
      "p" : "0.00064601",
      "s" : "sell",
      "i" : "TOSHI_USD",
      "m" : "4611686018427665145"
    }, {
      "d" : "1756390208526159485",
      "t" : 1756390208526,
      "tn" : 1756390208526159485,
      "q" : "1333800",
      "p" : "0.00064602",
      "s" : "sell",
      "i" : "TOSHI_USD",
      "m" : "4611686018427665144"
    }, {
      "d" : "1756390007251957738",
      "t" : 1756390007251,
      "tn" : 1756390007251957738,
      "q" : "17800",
      "p" : "0.00064909",
      "s" : "buy",
      "i" : "TOSHI_USD",
      "m" : "4611686018427665143"
    }, {
      "d" : "1756389632691833865",
      "t" : 1756389632691,
      "tn" : 1756389632691833865,
      "q" : "596000",
      "p" : "0.00064859",
      "s" : "buy",
      "i" : "TOSHI_USD",
      "m" : "4611686018427665142"
    }, {
      "d" : "1756389627822247611",
      "t" : 1756389627822,
      "tn" : 1756389627822247611,
      "q" : "55700",
      "p" : "0.00064730",
      "s" : "buy",
      "i" : "TOSHI_USD",
      "m" : "4611686018427665141"
    }, {
      "d" : "1756389042175177522",
      "t" : 1756389042175,
      "tn" : 1756389042175177522,
      "q" : "614600",
      "p" : "0.00064601",
      "s" : "sell",
      "i" : "TOSHI_USD",
      "m" : "4611686018427665140"
    }, {
      "d" : "1756388764025964546",
      "t" : 1756388764025,
      "tn" : 1756388764025964546,
      "q" : "591100",
      "p" : "0.00064730",
      "s" : "sell",
      "i" : "TOSHI_USD",
      "m" : "4611686018427665139"
    }, {
      "d" : "1756388756164686813",
      "t" : 1756388756164,
      "tn" : 1756388756164686813,
      "q" : "746300",
      "p" : "0.00064859",
      "s" : "sell",
      "i" : "TOSHI_USD",
      "m" : "4611686018427665138"
    }, {
      "d" : "1756388755945992885",
      "t" : 1756388755945,
      "tn" : 1756388755945992885,
      "q" : "571100",
      "p" : "0.00064989",
      "s" : "sell",
      "i" : "TOSHI_USD",
      "m" : "4611686018427665137"
    }, {
      "d" : "1756388753540329593",
      "t" : 1756388753540,
      "tn" : 1756388753540329593,
      "q" : "571100",
      "p" : "0.00064989",
      "s" : "sell",
      "i" : "TOSHI_USD",
      "m" : "4611686018427665136"
    }, {
      "d" : "1756388588974707414",
      "t" : 1756388588974,
      "tn" : 1756388588974707414,
      "q" : "328900",
      "p" : "0.00065119",
      "s" : "sell",
      "i" : "TOSHI_USD",
      "m" : "4611686018427665135"
    }, {
      "d" : "1756386350206417763",
      "t" : 1756386350206,
      "tn" : 1756386350206417763,
      "q" : "144300",
      "p" : "0.00065239",
      "s" : "sell",
      "i" : "TOSHI_USD",
      "m" : "4611686018427665134"
    }, {
      "d" : "1756386160603925473",
      "t" : 1756386160603,
      "tn" : 1756386160603925473,
      "q" : "61500",
      "p" : "0.00065159",
      "s" : "sell",
      "i" : "TOSHI_USD",
      "m" : "4611686018427665133"
    }, {
      "d" : "1756385674689466264",
      "t" : 1756385674689,
      "tn" : 1756385674689466264,
      "q" : "2000",
      "p" : "0.00065149",
      "s" : "sell",
      "i" : "TOSHI_USD",
      "m" : "4611686018427665132"
    }, {
      "d" : "1756385620659866905",
      "t" : 1756385620659,
      "tn" : 1756385620659866905,
      "q" : "328900",
      "p" : "0.00065379",
      "s" : "buy",
      "i" : "TOSHI_USD",
      "m" : "4611686018427665131"
    }, {
      "d" : "1756385620659864017",
      "t" : 1756385620659,
      "tn" : 1756385620659864017,
      "q" : "571100",
      "p" : "0.00065249",
      "s" : "buy",
      "i" : "TOSHI_USD",
      "m" : "4611686018427665130"
    }, {
      "d" : "1756385524611056492",
      "t" : 1756385524611,
      "tn" : 1756385524611056492,
      "q" : "261900",
      "p" : "0.00065119",
      "s" : "buy",
      "i" : "TOSHI_USD",
      "m" : "4611686018427665129"
    }, {
      "d" : "1756385524490250277",
      "t" : 1756385524490,
      "tn" : 1756385524490250277,
      "q" : "484400",
      "p" : "0.00065119",
      "s" : "buy",
      "i" : "TOSHI_USD",
      "m" : "4611686018427665128"
    }, {
      "d" : "1756385524259266193",
      "t" : 1756385524259,
      "tn" : 1756385524259266193,
      "q" : "462500",
      "p" : "0.00065118",
      "s" : "buy",
      "i" : "TOSHI_USD",
      "m" : "4611686018427665127"
    }, {
      "d" : "1756385519405576923",
      "t" : 1756385519405,
      "tn" : 1756385519405576923,
      "q" : "591100",
      "p" : "0.00064989",
      "s" : "buy",
      "i" : "TOSHI_USD",
      "m" : "4611686018427665126"
    }, {
      "d" : "1756385081565313018",
      "t" : 1756385081565,
      "tn" : 1756385081565313018,
      "q" : "614600",
      "p" : "0.00064859",
      "s" : "buy",
      "i" : "TOSHI_USD",
      "m" : "4611686018427665125"
    }, {
      "d" : "1756384862227084083",
      "t" : 1756384862227,
      "tn" : 1756384862227084083,
      "q" : "678300",
      "p" : "0.00064730",
      "s" : "buy",
      "i" : "TOSHI_USD",
      "m" : "4611686018427665124"
    }, {
      "d" : "1756384211640008845",
      "t" : 1756384211640,
      "tn" : 1756384211640008845,
      "q" : "699900",
      "p" : "0.00064601",
      "s" : "buy",
      "i" : "TOSHI_USD",
      "m" : "4611686018427665123"
    }, {
      "d" : "1756384057553848507",
      "t" : 1756384057553,
      "tn" : 1756384057553848507,
      "q" : "977100",
      "p" : "0.00064343",
      "s" : "sell",
      "i" : "TOSHI_USD",
      "m" : "4611686018427665122"
    }, {
      "d" : "1756383930604494545",
      "t" : 1756383930604,
      "tn" : 1756383930604494545,
      "q" : "911300",
      "p" : "0.00064472",
      "s" : "sell",
      "i" : "TOSHI_USD",
      "m" : "4611686018427665121"
    }, {
      "d" : "1756383927941136933",
      "t" : 1756383927941,
      "tn" : 1756383927941136933,
      "q" : "7200",
      "p" : "0.00064555",
      "s" : "sell",
      "i" : "TOSHI_USD",
      "m" : "4611686018427665120"
    }, {
      "d" : "1756383232948402262",
      "t" : 1756383232948,
      "tn" : 1756383232948402262,
      "q" : "999100",
      "p" : "0.00064601",
      "s" : "sell",
      "i" : "TOSHI_USD",
      "m" : "4611686018427665119"
    }, {
      "d" : "1756382772230018010",
      "t" : 1756382772230,
      "tn" : 1756382772230018010,
      "q" : "21100",
      "p" : "0.00064730",
      "s" : "sell",
      "i" : "TOSHI_USD",
      "m" : "4611686018427665118"
    }, {
      "d" : "1756382358308469893",
      "t" : 1756382358308,
      "tn" : 1756382358308469893,
      "q" : "21100",
      "p" : "0.00064989",
      "s" : "buy",
      "i" : "TOSHI_USD",
      "m" : "4611686018427665117"
    }, {
      "d" : "1756382358308467787",
      "t" : 1756382358308,
      "tn" : 1756382358308467787,
      "q" : "1900",
      "p" : "0.00064782",
      "s" : "buy",
      "i" : "TOSHI_USD",
      "m" : "4611686018427665116"
    }, {
      "d" : "1756377411569298876",
      "t" : 1756377411569,
      "tn" : 1756377411569298876,
      "q" : "77200",
      "p" : "0.00064782",
      "s" : "buy",
      "i" : "TOSHI_USD",
      "m" : "4611686018427665115"
    }, {
      "d" : "1756377411504219139",
      "t" : 1756377411504,
      "tn" : 1756377411504219139,
      "q" : "92600",
      "p" : "0.00064782",
      "s" : "buy",
      "i" : "TOSHI_USD",
      "m" : "4611686018427665114"
    }, {
      "d" : "1756377411456041268",
      "t" : 1756377411456,
      "tn" : 1756377411456041268,
      "q" : "100200",
      "p" : "0.00064782",
      "s" : "buy",
      "i" : "TOSHI_USD",
      "m" : "4611686018427665113"
    }, {
      "d" : "1756377403084020721",
      "t" : 1756377403084,
      "tn" : 1756377403084020721,
      "q" : "138900",
      "p" : "0.00064782",
      "s" : "buy",
      "i" : "TOSHI_USD",
      "m" : "4611686018427665112"
    }, {
      "d" : "1756377402964560885",
      "t" : 1756377402964,
      "tn" : 1756377402964560885,
      "q" : "92600",
      "p" : "0.00064782",
      "s" : "buy",
      "i" : "TOSHI_USD",
      "m" : "4611686018427665111"
    }, {
      "d" : "1756377402844302316",
      "t" : 1756377402844,
      "tn" : 1756377402844302316,
      "q" : "138900",
      "p" : "0.00064782",
      "s" : "buy",
      "i" : "TOSHI_USD",
      "m" : "4611686018427665110"
    }, {
      "d" : "1756377402757994187",
      "t" : 1756377402757,
      "tn" : 1756377402757994187,
      "q" : "138900",
      "p" : "0.00064782",
      "s" : "buy",
      "i" : "TOSHI_USD",
      "m" : "4611686018427665109"
    }, {
      "d" : "1756377401697841929",
      "t" : 1756377401697,
      "tn" : 1756377401697841929,
      "q" : "41900",
      "p" : "0.00064782",
      "s" : "buy",
      "i" : "TOSHI_USD",
      "m" : "4611686018427665108"
    }, {
      "d" : "1756377401687395029",
      "t" : 1756377401687,
      "tn" : 1756377401687395029,
      "q" : "23000",
      "p" : "0.00064782",
      "s" : "buy",
      "i" : "TOSHI_USD",
      "m" : "4611686018427665107"
    }, {
      "d" : "1756377401680829144",
      "t" : 1756377401680,
      "tn" : 1756377401680829144,
      "q" : "29000",
      "p" : "0.00064782",
      "s" : "buy",
      "i" : "TOSHI_USD",
      "m" : "4611686018427665106"
    }, {
      "d" : "1756377401680089158",
      "t" : 1756377401680,
      "tn" : 1756377401680089158,
      "q" : "24000",
      "p" : "0.00064782",
      "s" : "buy",
      "i" : "TOSHI_USD",
      "m" : "4611686018427665105"
    }, {
      "d" : "1756377401665689814",
      "t" : 1756377401665,
      "tn" : 1756377401665689814,
      "q" : "29000",
      "p" : "0.00064782",
      "s" : "buy",
      "i" : "TOSHI_USD",
      "m" : "4611686018427665104"
    }, {
      "d" : "1756377401527714272",
      "t" : 1756377401527,
      "tn" : 1756377401527714272,
      "q" : "41000",
      "p" : "0.00064782",
      "s" : "buy",
      "i" : "TOSHI_USD",
      "m" : "4611686018427665103"
    }, {
      "d" : "1756377401516584115",
      "t" : 1756377401516,
      "tn" : 1756377401516584115,
      "q" : "41000",
      "p" : "0.00064782",
      "s" : "buy",
      "i" : "TOSHI_USD",
      "m" : "4611686018427665102"
    }, {
      "d" : "1756377401362649251",
      "t" : 1756377401362,
      "tn" : 1756377401362649251,
      "q" : "59700",
      "p" : "0.00064782",
      "s" : "buy",
      "i" : "TOSHI_USD",
      "m" : "4611686018427665101"
    }, {
      "d" : "1756377401306948295",
      "t" : 1756377401306,
      "tn" : 1756377401306948295,
      "q" : "58000",
      "p" : "0.00064782",
      "s" : "buy",
      "i" : "TOSHI_USD",
      "m" : "4611686018427665100"
    }, {
      "d" : "1756377401300019267",
      "t" : 1756377401300,
      "tn" : 1756377401300019267,
      "q" : "59000",
      "p" : "0.00064782",
      "s" : "buy",
      "i" : "TOSHI_USD",
      "m" : "4611686018427665099"
    }, {
      "d" : "1756377367945350554",
      "t" : 1756377367945,
      "tn" : 1756377367945350554,
      "q" : "92600",
      "p" : "0.00064782",
      "s" : "buy",
      "i" : "TOSHI_USD",
      "m" : "4611686018427665098"
    }, {
      "d" : "1756377343342576964",
      "t" : 1756377343342,
      "tn" : 1756377343342576964,
      "q" : "565900",
      "p" : "0.00064782",
      "s" : "sell",
      "i" : "TOSHI_USD",
      "m" : "4611686018427665097"
    } ]
  }
}