{
  "id" : -1,
  "method" : "public/get-trades",
  "code" : 0,
  "result" : {
    "data" : [ {
      "d" : "1756459318571117548",
      "t" : 1756459318571,
      "tn" : 1756459318571117548,
      "q" : "220",
      "p" : "0.022910",
      "s" : "sell",
      "i" : "TOWNS_USD",
      "m" : "4611686018427389144"
    }, {
      "d" : "1756458657460620609",
      "t" : 1756458657460,
      "tn" : 1756458657460620609,
      "q" : "600",
      "p" : "0.022910",
      "s" : "sell",
      "i" : "TOWNS_USD",
      "m" : "4611686018427389143"
    }, {
      "d" : "1756458657450590083",
      "t" : 1756458657450,
      "tn" : 1756458657450590083,
      "q" : "700",
      "p" : "0.022910",
      "s" : "sell",
      "i" : "TOWNS_USD",
      "m" : "4611686018427389142"
    }, {
      "d" : "1756458657444020766",
      "t" : 1756458657444,
      "tn" : 1756458657444020766,
      "q" : "600",
      "p" : "0.022910",
      "s" : "sell",
      "i" : "TOWNS_USD",
      "m" : "4611686018427389141"
    }, {
      "d" : "1756458657426870210",
      "t" : 1756458657426,
      "tn" : 1756458657426870210,
      "q" : "900",
      "p" : "0.022910",
      "s" : "sell",
      "i" : "TOWNS_USD",
      "m" : "4611686018427389140"
    }, {
      "d" : "1756453202138285570",
      "t" : 1756453202138,
      "tn" : 1756453202138285570,
      "q" : "1180",
      "p" : "0.022910",
      "s" : "sell",
      "i" : "TOWNS_USD",
      "m" : "4611686018427389139"
    }, {
      "d" : "1756453202038486264",
      "t" : 1756453202038,
      "tn" : 1756453202038486264,
      "q" : "410",
      "p" : "0.022910",
      "s" : "sell",
      "i" : "TOWNS_USD",
      "m" : "4611686018427389138"
    }, {
      "d" : "1756415426037267194",
      "t" : 1756415426037,
      "tn" : 1756415426037267194,
      "q" : "130",
      "p" : "0.024456",
      "s" : "buy",
      "i" : "TOWNS_USD",
      "m" : "4611686018427389137"
    }, {
      "d" : "1756402968692277502",
      "t" : 1756402968692,
      "tn" : 1756402968692277502,
      "q" : "7000",
      "p" : "0.024185",
      "s" : "buy",
      "i" : "TOWNS_USD",
      "m" : "4611686018427389136"
    }, {
      "d" : "1756394387790053965",
      "t" : 1756394387790,
      "tn" : 1756394387790053965,
      "q" : "10040",
      "p" : "0.024418",
      "s" : "sell",
      "i" : "TOWNS_USD",
      "m" : "4611686018427389135"
    }, {
      "d" : "1756393178631286060",
      "t" : 1756393178631,
      "tn" : 1756393178631286060,
      "q" : "100",
      "p" : "0.024810",
      "s" : "buy",
      "i" : "TOWNS_USD",
      "m" : "4611686018427389134"
    }, {
      "d" : "1756393166211284416",
      "t" : 1756393166211,
      "tn" : 1756393166211284416,
      "q" : "9230",
      "p" : "0.024821",
      "s" : "buy",
      "i" : "TOWNS_USD",
      "m" : "4611686018427389133"
    }, {
      "d" : "1756393166211282043",
      "t" : 1756393166211,
      "tn" : 1756393166211282042,
      "q" : "430",
      "p" : "0.024820",
      "s" : "buy",
      "i" : "TOWNS_USD",
      "m" : "4611686018427389132"
    }, {
      "d" : "1756393166211282042",
      "t" : 1756393166211,
      "tn" : 1756393166211282042,
      "q" : "340",
      "p" : "0.024820",
      "s" : "buy",
      "i" : "TOWNS_USD",
      "m" : "4611686018427389132"
    }, {
      "d" : "1756386258128990732",
      "t" : 1756386258128,
      "tn" : 1756386258128990732,
      "q" : "1070",
      "p" : "0.025365",
      "s" : "buy",
      "i" : "TOWNS_USD",
      "m" : "4611686018427389131"
    }, {
      "d" : "1756383264748947682",
      "t" : 1756383264748,
      "tn" : 1756383264748947682,
      "q" : "7000",
      "p" : "0.024504",
      "s" : "sell",
      "i" : "TOWNS_USD",
      "m" : "4611686018427389130"
    }, {
      "d" : "1756382560205986347",
      "t" : 1756382560205,
      "tn" : 1756382560205986347,
      "q" : "2690",
      "p" : "0.024800",
      "s" : "buy",
      "i" : "TOWNS_USD",
      "m" : "4611686018427389129"
    }, {
      "d" : "1756382560205983262",
      "t" : 1756382560205,
      "tn" : 1756382560205983262,
      "q" : "340",
      "p" : "0.024799",
      "s" : "buy",
      "i" : "TOWNS_USD",
      "m" : "4611686018427389128"
    }, {
      "d" : "1756382560204016011",
      "t" : 1756382560204,
      "tn" : 1756382560204016011,
      "q" : "1000",
      "p" : "0.024777",
      "s" : "buy",
      "i" : "TOWNS_USD",
      "m" : "4611686018427389127"
    }, {
      "d" : "1756380573777179501",
      "t" : 1756380573777,
      "tn" : 1756380573777179501,
      "q" : "980",
      "p" : "0.024983",
      "s" : "sell",
      "i" : "TOWNS_USD",
      "m" : "4611686018427389126"
    }, {
      "d" : "1756380573727212048",
      "t" : 1756380573727,
      "tn" : 1756380573727212048,
      "q" : "70",
      "p" : "0.025238",
      "s" : "buy",
      "i" : "TOWNS_USD",
      "m" : "4611686018427389125"
    }, {
      "d" : "1756380573725986909",
      "t" : 1756380573725,
      "tn" : 1756380573725986909,
      "q" : "3570",
      "p" : "0.025238",
      "s" : "buy",
      "i" : "TOWNS_USD",
      "m" : "4611686018427389124"
    }, {
      "d" : "1756380573724974081",
      "t" : 1756380573724,
      "tn" : 1756380573724974081,
      "q" : "580",
      "p" : "0.025238",
      "s" : "buy",
      "i" : "TOWNS_USD",
      "m" : "4611686018427389123"
    }, {
      "d" : "1756380573697114832",
      "t" : 1756380573697,
      "tn" : 1756380573697114832,
      "q" : "40510",
      "p" : "0.025239",
      "s" : "buy",
      "i" : "TOWNS_USD",
      "m" : "4611686018427389122"
    }, {
      "d" : "1756380573697112116",
      "t" : 1756380573697,
      "tn" : 1756380573697112115,
      "q" : "4220",
      "p" : "0.025238",
      "s" : "buy",
      "i" : "TOWNS_USD",
      "m" : "4611686018427389121"
    }, {
      "d" : "1756380573697112115",
      "t" : 1756380573697,
      "tn" : 1756380573697112115,
      "q" : "340",
      "p" : "0.025238",
      "s" : "buy",
      "i" : "TOWNS_USD",
      "m" : "4611686018427389121"
    }, {
      "d" : "1756380549591973708",
      "t" : 1756380549591,
      "tn" : 1756380549591973708,
      "q" : "7720",
      "p" : "0.025002",
      "s" : "buy",
      "i" : "TOWNS_USD",
      "m" : "4611686018427389120"
    } ]
  }
}