{
  "id" : -1,
  "method" : "public/get-trades",
  "code" : 0,
  "result" : {
    "data" : [ {
      "d" : "1756460687673795744",
      "t" : 1756460687673,
      "tn" : 1756460687673795744,
      "q" : "17200",
      "p" : "0.022990",
      "s" : "buy",
      "i" : "TOWNSUSD-PERP",
      "m" : "4611686018427393149"
    }, {
      "d" : "1756460687673793498",
      "t" : 1756460687673,
      "tn" : 1756460687673793498,
      "q" : "100",
      "p" : "0.022987",
      "s" : "buy",
      "i" : "TOWNSUSD-PERP",
      "m" : "4611686018427393148"
    }, {
      "d" : "1756460687673790879",
      "t" : 1756460687673,
      "tn" : 1756460687673790879,
      "q" : "100",
      "p" : "0.022978",
      "s" : "buy",
      "i" : "TOWNSUSD-PERP",
      "m" : "4611686018427393147"
    }, {
      "d" : "1756455614800022815",
      "t" : 1756455614800,
      "tn" : 1756455614800022815,
      "q" : "100",
      "p" : "0.023178",
      "s" : "buy",
      "i" : "TOWNSUSD-PERP",
      "m" : "4611686018427393146"
    }, {
      "d" : "1756455614800020987",
      "t" : 1756455614800,
      "tn" : 1756455614800020987,
      "q" : "100",
      "p" : "0.023174",
      "s" : "buy",
      "i" : "TOWNSUSD-PERP",
      "m" : "4611686018427393145"
    }, {
      "d" : "1756452609171197279",
      "t" : 1756452609171,
      "tn" : 1756452609171197279,
      "q" : "100",
      "p" : "0.023180",
      "s" : "buy",
      "i" : "TOWNSUSD-PERP",
      "m" : "4611686018427393144"
    }, {
      "d" : "1756452252022537116",
      "t" : 1756452252022,
      "tn" : 1756452252022537116,
      "q" : "100",
      "p" : "0.023258",
      "s" : "buy",
      "i" : "TOWNSUSD-PERP",
      "m" : "4611686018427393143"
    }, {
      "d" : "1756452203897220245",
      "t" : 1756452203897,
      "tn" : 1756452203897220245,
      "q" : "100",
      "p" : "0.023178",
      "s" : "buy",
      "i" : "TOWNSUSD-PERP",
      "m" : "4611686018427393142"
    }, {
      "d" : "1756452002031970313",
      "t" : 1756452002031,
      "tn" : 1756452002031970313,
      "q" : "100",
      "p" : "0.023118",
      "s" : "buy",
      "i" : "TOWNSUSD-PERP",
      "m" : "4611686018427393141"
    }, {
      "d" : "1756451727646398858",
      "t" : 1756451727646,
      "tn" : 1756451727646398858,
      "q" : "100",
      "p" : "0.023140",
      "s" : "buy",
      "i" : "TOWNSUSD-PERP",
      "m" : "4611686018427393140"
    }, {
      "d" : "1756451441360069625",
      "t" : 1756451441360,
      "tn" : 1756451441360069625,
      "q" : "100",
      "p" : "0.023338",
      "s" : "buy",
      "i" : "TOWNSUSD-PERP",
      "m" : "4611686018427393139"
    }, {
      "d" : "1756451411666704364",
      "t" : 1756451411666,
      "tn" : 1756451411666704364,
      "q" : "100",
      "p" : "0.023278",
      "s" : "buy",
      "i" : "TOWNSUSD-PERP",
      "m" : "4611686018427393138"
    }, {
      "d" : "1756451409781628000",
      "t" : 1756451409781,
      "tn" : 1756451409781628000,
      "q" : "100",
      "p" : "0.023268",
      "s" : "buy",
      "i" : "TOWNSUSD-PERP",
      "m" : "4611686018427393137"
    }, {
      "d" : "1756451136584980657",
      "t" : 1756451136584,
      "tn" : 1756451136584980657,
      "q" : "2100",
      "p" : "0.023400",
      "s" : "buy",
      "i" : "TOWNSUSD-PERP",
      "m" : "4611686018427393136"
    }, {
      "d" : "1756451136573495567",
      "t" : 1756451136573,
      "tn" : 1756451136573495567,
      "q" : "100",
      "p" : "0.023371",
      "s" : "buy",
      "i" : "TOWNSUSD-PERP",
      "m" : "4611686018427393135"
    }, {
      "d" : "1756451136546516501",
      "t" : 1756451136546,
      "tn" : 1756451136546516501,
      "q" : "100",
      "p" : "0.023409",
      "s" : "sell",
      "i" : "TOWNSUSD-PERP",
      "m" : "4611686018427393134"
    }, {
      "d" : "1756451125423585176",
      "t" : 1756451125423,
      "tn" : 1756451125423585176,
      "q" : "100",
      "p" : "0.023398",
      "s" : "buy",
      "i" : "TOWNSUSD-PERP",
      "m" : "4611686018427393133"
    }, {
      "d" : "1756451022278053813",
      "t" : 1756451022278,
      "tn" : 1756451022278053813,
      "q" : "4200",
      "p" : "0.023410",
      "s" : "buy",
      "i" : "TOWNSUSD-PERP",
      "m" : "4611686018427393132"
    }, {
      "d" : "1756450946252500428",
      "t" : 1756450946252,
      "tn" : 1756450946252500428,
      "q" : "23900",
      "p" : "0.023320",
      "s" : "sell",
      "i" : "TOWNSUSD-PERP",
      "m" : "4611686018427393131"
    }, {
      "d" : "1756449908508727580",
      "t" : 1756449908508,
      "tn" : 1756449908508727580,
      "q" : "1700",
      "p" : "0.023528",
      "s" : "sell",
      "i" : "TOWNSUSD-PERP",
      "m" : "4611686018427393130"
    }, {
      "d" : "1756449589574315948",
      "t" : 1756449589574,
      "tn" : 1756449589574315948,
      "q" : "1900",
      "p" : "0.023450",
      "s" : "sell",
      "i" : "TOWNSUSD-PERP",
      "m" : "4611686018427393129"
    }, {
      "d" : "1756449589574314286",
      "t" : 1756449589574,
      "tn" : 1756449589574314286,
      "q" : "2100",
      "p" : "0.023455",
      "s" : "sell",
      "i" : "TOWNSUSD-PERP",
      "m" : "4611686018427393128"
    }, {
      "d" : "1756449589574312107",
      "t" : 1756449589574,
      "tn" : 1756449589574312107,
      "q" : "2100",
      "p" : "0.023460",
      "s" : "sell",
      "i" : "TOWNSUSD-PERP",
      "m" : "4611686018427393127"
    }, {
      "d" : "1756449588048485609",
      "t" : 1756449588048,
      "tn" : 1756449588048485609,
      "q" : "8800",
      "p" : "0.023427",
      "s" : "sell",
      "i" : "TOWNSUSD-PERP",
      "m" : "4611686018427393126"
    }, {
      "d" : "1756449588048483762",
      "t" : 1756449588048,
      "tn" : 1756449588048483762,
      "q" : "2100",
      "p" : "0.023515",
      "s" : "sell",
      "i" : "TOWNSUSD-PERP",
      "m" : "4611686018427393125"
    }, {
      "d" : "1756449588048482519",
      "t" : 1756449588048,
      "tn" : 1756449588048482519,
      "q" : "2100",
      "p" : "0.023520",
      "s" : "sell",
      "i" : "TOWNSUSD-PERP",
      "m" : "4611686018427393124"
    }, {
      "d" : "1756449588048480807",
      "t" : 1756449588048,
      "tn" : 1756449588048480807,
      "q" : "2100",
      "p" : "0.023525",
      "s" : "sell",
      "i" : "TOWNSUSD-PERP",
      "m" : "4611686018427393123"
    }, {
      "d" : "1756449588048479158",
      "t" : 1756449588048,
      "tn" : 1756449588048479158,
      "q" : "2100",
      "p" : "0.023530",
      "s" : "sell",
      "i" : "TOWNSUSD-PERP",
      "m" : "4611686018427393122"
    }, {
      "d" : "1756449586526304656",
      "t" : 1756449586526,
      "tn" : 1756449586526304656,
      "q" : "3500",
      "p" : "0.023408",
      "s" : "sell",
      "i" : "TOWNSUSD-PERP",
      "m" : "4611686018427393121"
    }, {
      "d" : "1756449586526302881",
      "t" : 1756449586526,
      "tn" : 1756449586526302881,
      "q" : "5300",
      "p" : "0.023415",
      "s" : "sell",
      "i" : "TOWNSUSD-PERP",
      "m" : "4611686018427393120"
    }, {
      "d" : "1756449586526300250",
      "t" : 1756449586526,
      "tn" : 1756449586526300250,
      "q" : "2100",
      "p" : "0.023485",
      "s" : "sell",
      "i" : "TOWNSUSD-PERP",
      "m" : "4611686018427393119"
    }, {
      "d" : "1756449586526298070",
      "t" : 1756449586526,
      "tn" : 1756449586526298070,
      "q" : "2100",
      "p" : "0.023490",
      "s" : "sell",
      "i" : "TOWNSUSD-PERP",
      "m" : "4611686018427393118"
    }, {
      "d" : "1756449586526295311",
      "t" : 1756449586526,
      "tn" : 1756449586526295311,
      "q" : "2100",
      "p" : "0.023495",
      "s" : "sell",
      "i" : "TOWNSUSD-PERP",
      "m" : "4611686018427393117"
    }, {
      "d" : "1756449586526292235",
      "t" : 1756449586526,
      "tn" : 1756449586526292235,
      "q" : "2100",
      "p" : "0.023500",
      "s" : "sell",
      "i" : "TOWNSUSD-PERP",
      "m" : "4611686018427393116"
    }, {
      "d" : "1756448033526641649",
      "t" : 1756448033526,
      "tn" : 1756448033526641649,
      "q" : "4100",
      "p" : "0.023985",
      "s" : "buy",
      "i" : "TOWNSUSD-PERP",
      "m" : "4611686018427393115"
    }, {
      "d" : "1756448033526639154",
      "t" : 1756448033526,
      "tn" : 1756448033526639154,
      "q" : "100",
      "p" : "0.023973",
      "s" : "buy",
      "i" : "TOWNSUSD-PERP",
      "m" : "4611686018427393114"
    }, {
      "d" : "1756448033520624790",
      "t" : 1756448033520,
      "tn" : 1756448033520624790,
      "q" : "100",
      "p" : "0.023966",
      "s" : "buy",
      "i" : "TOWNSUSD-PERP",
      "m" : "4611686018427393113"
    }, {
      "d" : "1756447884843252676",
      "t" : 1756447884843,
      "tn" : 1756447884843252676,
      "q" : "100",
      "p" : "0.024050",
      "s" : "sell",
      "i" : "TOWNSUSD-PERP",
      "m" : "4611686018427393112"
    }, {
      "d" : "1756447683955840609",
      "t" : 1756447683955,
      "tn" : 1756447683955840609,
      "q" : "100",
      "p" : "0.023998",
      "s" : "buy",
      "i" : "TOWNSUSD-PERP",
      "m" : "4611686018427393111"
    }, {
      "d" : "1756447307232264143",
      "t" : 1756447307232,
      "tn" : 1756447307232264143,
      "q" : "100",
      "p" : "0.024199",
      "s" : "sell",
      "i" : "TOWNSUSD-PERP",
      "m" : "4611686018427393110"
    }, {
      "d" : "1756447232206051065",
      "t" : 1756447232206,
      "tn" : 1756447232206051065,
      "q" : "100",
      "p" : "0.024156",
      "s" : "buy",
      "i" : "TOWNSUSD-PERP",
      "m" : "4611686018427393109"
    }, {
      "d" : "1756443864377325120",
      "t" : 1756443864377,
      "tn" : 1756443864377325120,
      "q" : "100",
      "p" : "0.024314",
      "s" : "buy",
      "i" : "TOWNSUSD-PERP",
      "m" : "4611686018427393108"
    }, {
      "d" : "1756443864377322419",
      "t" : 1756443864377,
      "tn" : 1756443864377322419,
      "q" : "100",
      "p" : "0.024308",
      "s" : "buy",
      "i" : "TOWNSUSD-PERP",
      "m" : "4611686018427393107"
    }, {
      "d" : "1756443400166509981",
      "t" : 1756443400166,
      "tn" : 1756443400166509981,
      "q" : "100",
      "p" : "0.024212",
      "s" : "buy",
      "i" : "TOWNSUSD-PERP",
      "m" : "4611686018427393106"
    }, {
      "d" : "1756443304602770984",
      "t" : 1756443304602,
      "tn" : 1756443304602770984,
      "q" : "100",
      "p" : "0.024278",
      "s" : "sell",
      "i" : "TOWNSUSD-PERP",
      "m" : "4611686018427393105"
    }, {
      "d" : "1756442551743660642",
      "t" : 1756442551743,
      "tn" : 1756442551743660642,
      "q" : "100",
      "p" : "0.024239",
      "s" : "buy",
      "i" : "TOWNSUSD-PERP",
      "m" : "4611686018427393104"
    }, {
      "d" : "1756442551734675456",
      "t" : 1756442551734,
      "tn" : 1756442551734675456,
      "q" : "100",
      "p" : "0.024202",
      "s" : "buy",
      "i" : "TOWNSUSD-PERP",
      "m" : "4611686018427393103"
    }, {
      "d" : "1756440988814629676",
      "t" : 1756440988814,
      "tn" : 1756440988814629676,
      "q" : "100",
      "p" : "0.024537",
      "s" : "buy",
      "i" : "TOWNSUSD-PERP",
      "m" : "4611686018427393102"
    }, {
      "d" : "1756440703116938162",
      "t" : 1756440703116,
      "tn" : 1756440703116938162,
      "q" : "100",
      "p" : "0.024537",
      "s" : "buy",
      "i" : "TOWNSUSD-PERP",
      "m" : "4611686018427393101"
    }, {
      "d" : "1756439416076869868",
      "t" : 1756439416076,
      "tn" : 1756439416076869868,
      "q" : "100",
      "p" : "0.024466",
      "s" : "buy",
      "i" : "TOWNSUSD-PERP",
      "m" : "4611686018427393100"
    }, {
      "d" : "1756439381481035839",
      "t" : 1756439381481,
      "tn" : 1756439381481035839,
      "q" : "100",
      "p" : "0.024446",
      "s" : "buy",
      "i" : "TOWNSUSD-PERP",
      "m" : "4611686018427393099"
    }, {
      "d" : "1756439358937510496",
      "t" : 1756439358937,
      "tn" : 1756439358937510496,
      "q" : "100",
      "p" : "0.024436",
      "s" : "buy",
      "i" : "TOWNSUSD-PERP",
      "m" : "4611686018427393098"
    }, {
      "d" : "1756438616006137429",
      "t" : 1756438616006,
      "tn" : 1756438616006137429,
      "q" : "100",
      "p" : "0.024396",
      "s" : "buy",
      "i" : "TOWNSUSD-PERP",
      "m" : "4611686018427393097"
    }, {
      "d" : "1756438421760782688",
      "t" : 1756438421760,
      "tn" : 1756438421760782688,
      "q" : "100",
      "p" : "0.024306",
      "s" : "buy",
      "i" : "TOWNSUSD-PERP",
      "m" : "4611686018427393096"
    }, {
      "d" : "1756438094870872048",
      "t" : 1756438094870,
      "tn" : 1756438094870872048,
      "q" : "100",
      "p" : "0.024246",
      "s" : "buy",
      "i" : "TOWNSUSD-PERP",
      "m" : "4611686018427393095"
    }, {
      "d" : "1756437833536188557",
      "t" : 1756437833536,
      "tn" : 1756437833536188557,
      "q" : "100",
      "p" : "0.024166",
      "s" : "buy",
      "i" : "TOWNSUSD-PERP",
      "m" : "4611686018427393094"
    }, {
      "d" : "1756437768091318289",
      "t" : 1756437768091,
      "tn" : 1756437768091318289,
      "q" : "100",
      "p" : "0.024226",
      "s" : "buy",
      "i" : "TOWNSUSD-PERP",
      "m" : "4611686018427393093"
    }, {
      "d" : "1756437687680637338",
      "t" : 1756437687680,
      "tn" : 1756437687680637338,
      "q" : "100",
      "p" : "0.024246",
      "s" : "buy",
      "i" : "TOWNSUSD-PERP",
      "m" : "4611686018427393092"
    }, {
      "d" : "1756437619030322022",
      "t" : 1756437619030,
      "tn" : 1756437619030322022,
      "q" : "100",
      "p" : "0.024204",
      "s" : "buy",
      "i" : "TOWNSUSD-PERP",
      "m" : "4611686018427393091"
    }, {
      "d" : "1756437598765369762",
      "t" : 1756437598765,
      "tn" : 1756437598765369762,
      "q" : "100",
      "p" : "0.024236",
      "s" : "buy",
      "i" : "TOWNSUSD-PERP",
      "m" : "4611686018427393090"
    }, {
      "d" : "1756437501400812925",
      "t" : 1756437501400,
      "tn" : 1756437501400812925,
      "q" : "100",
      "p" : "0.024294",
      "s" : "buy",
      "i" : "TOWNSUSD-PERP",
      "m" : "4611686018427393089"
    }, {
      "d" : "1756437284654817262",
      "t" : 1756437284654,
      "tn" : 1756437284654817261,
      "q" : "100",
      "p" : "0.024234",
      "s" : "buy",
      "i" : "TOWNSUSD-PERP",
      "m" : "4611686018427393088"
    }, {
      "d" : "1756437284654817261",
      "t" : 1756437284654,
      "tn" : 1756437284654817261,
      "q" : "100",
      "p" : "0.024234",
      "s" : "buy",
      "i" : "TOWNSUSD-PERP",
      "m" : "4611686018427393088"
    }, {
      "d" : "1756437217227560304",
      "t" : 1756437217227,
      "tn" : 1756437217227560304,
      "q" : "29100",
      "p" : "0.024273",
      "s" : "sell",
      "i" : "TOWNSUSD-PERP",
      "m" : "4611686018427393087"
    }, {
      "d" : "1756430796511596939",
      "t" : 1756430796511,
      "tn" : 1756430796511596939,
      "q" : "100",
      "p" : "0.024169",
      "s" : "sell",
      "i" : "TOWNSUSD-PERP",
      "m" : "4611686018427393086"
    }, {
      "d" : "1756430705226257700",
      "t" : 1756430705226,
      "tn" : 1756430705226257699,
      "q" : "100",
      "p" : "0.024118",
      "s" : "buy",
      "i" : "TOWNSUSD-PERP",
      "m" : "4611686018427393085"
    }, {
      "d" : "1756430705226257699",
      "t" : 1756430705226,
      "tn" : 1756430705226257699,
      "q" : "100",
      "p" : "0.024118",
      "s" : "buy",
      "i" : "TOWNSUSD-PERP",
      "m" : "4611686018427393085"
    }, {
      "d" : "1756429721910735759",
      "t" : 1756429721910,
      "tn" : 1756429721910735759,
      "q" : "11100",
      "p" : "0.024089",
      "s" : "buy",
      "i" : "TOWNSUSD-PERP",
      "m" : "4611686018427393084"
    }, {
      "d" : "1756429721910325426",
      "t" : 1756429721910,
      "tn" : 1756429721910325426,
      "q" : "5300",
      "p" : "0.024089",
      "s" : "buy",
      "i" : "TOWNSUSD-PERP",
      "m" : "4611686018427393083"
    }, {
      "d" : "1756429721910323541",
      "t" : 1756429721910,
      "tn" : 1756429721910323541,
      "q" : "100",
      "p" : "0.024058",
      "s" : "buy",
      "i" : "TOWNSUSD-PERP",
      "m" : "4611686018427393082"
    }, {
      "d" : "1756429721910321379",
      "t" : 1756429721910,
      "tn" : 1756429721910321379,
      "q" : "100",
      "p" : "0.024053",
      "s" : "buy",
      "i" : "TOWNSUSD-PERP",
      "m" : "4611686018427393081"
    }, {
      "d" : "1756429176603936733",
      "t" : 1756429176603,
      "tn" : 1756429176603936733,
      "q" : "100",
      "p" : "0.023968",
      "s" : "sell",
      "i" : "TOWNSUSD-PERP",
      "m" : "4611686018427393080"
    }, {
      "d" : "1756428838884966759",
      "t" : 1756428838884,
      "tn" : 1756428838884966759,
      "q" : "100",
      "p" : "0.023994",
      "s" : "sell",
      "i" : "TOWNSUSD-PERP",
      "m" : "4611686018427393079"
    }, {
      "d" : "1756426907732769222",
      "t" : 1756426907732,
      "tn" : 1756426907732769222,
      "q" : "100",
      "p" : "0.024098",
      "s" : "buy",
      "i" : "TOWNSUSD-PERP",
      "m" : "4611686018427393078"
    }, {
      "d" : "1756426446576972575",
      "t" : 1756426446576,
      "tn" : 1756426446576972575,
      "q" : "100",
      "p" : "0.024028",
      "s" : "buy",
      "i" : "TOWNSUSD-PERP",
      "m" : "4611686018427393077"
    }, {
      "d" : "1756425849377905040",
      "t" : 1756425849377,
      "tn" : 1756425849377905040,
      "q" : "100",
      "p" : "0.024063",
      "s" : "buy",
      "i" : "TOWNSUSD-PERP",
      "m" : "4611686018427393076"
    }, {
      "d" : "1756424549294156068",
      "t" : 1756424549294,
      "tn" : 1756424549294156068,
      "q" : "100",
      "p" : "0.024124",
      "s" : "sell",
      "i" : "TOWNSUSD-PERP",
      "m" : "4611686018427393075"
    }, {
      "d" : "1756424549294152885",
      "t" : 1756424549294,
      "tn" : 1756424549294152885,
      "q" : "100",
      "p" : "0.024126",
      "s" : "sell",
      "i" : "TOWNSUSD-PERP",
      "m" : "4611686018427393074"
    }, {
      "d" : "1756424031031825457",
      "t" : 1756424031031,
      "tn" : 1756424031031825457,
      "q" : "100",
      "p" : "0.024262",
      "s" : "sell",
      "i" : "TOWNSUSD-PERP",
      "m" : "4611686018427393073"
    }, {
      "d" : "1756422987815744556",
      "t" : 1756422987815,
      "tn" : 1756422987815744556,
      "q" : "100",
      "p" : "0.024718",
      "s" : "buy",
      "i" : "TOWNSUSD-PERP",
      "m" : "4611686018427393072"
    }, {
      "d" : "1756422801115463587",
      "t" : 1756422801115,
      "tn" : 1756422801115463587,
      "q" : "100",
      "p" : "0.024764",
      "s" : "sell",
      "i" : "TOWNSUSD-PERP",
      "m" : "4611686018427393071"
    }, {
      "d" : "1756422441585740039",
      "t" : 1756422441585,
      "tn" : 1756422441585740039,
      "q" : "100",
      "p" : "0.024698",
      "s" : "buy",
      "i" : "TOWNSUSD-PERP",
      "m" : "4611686018427393070"
    }, {
      "d" : "1756417037787320081",
      "t" : 1756417037787,
      "tn" : 1756417037787320081,
      "q" : "100",
      "p" : "0.024234",
      "s" : "sell",
      "i" : "TOWNSUSD-PERP",
      "m" : "4611686018427393069"
    }, {
      "d" : "1756416938009917588",
      "t" : 1756416938009,
      "tn" : 1756416938009917588,
      "q" : "9900",
      "p" : "0.024182",
      "s" : "sell",
      "i" : "TOWNSUSD-PERP",
      "m" : "4611686018427393068"
    }, {
      "d" : "1756415836775413544",
      "t" : 1756415836775,
      "tn" : 1756415836775413544,
      "q" : "100",
      "p" : "0.024249",
      "s" : "sell",
      "i" : "TOWNSUSD-PERP",
      "m" : "4611686018427393067"
    }, {
      "d" : "1756414795146939303",
      "t" : 1756414795146,
      "tn" : 1756414795146939303,
      "q" : "100",
      "p" : "0.024333",
      "s" : "buy",
      "i" : "TOWNSUSD-PERP",
      "m" : "4611686018427393066"
    }, {
      "d" : "1756414144575832138",
      "t" : 1756414144575,
      "tn" : 1756414144575832138,
      "q" : "100",
      "p" : "0.024298",
      "s" : "buy",
      "i" : "TOWNSUSD-PERP",
      "m" : "4611686018427393065"
    }, {
      "d" : "1756412826154374110",
      "t" : 1756412826154,
      "tn" : 1756412826154374110,
      "q" : "100",
      "p" : "0.024162",
      "s" : "buy",
      "i" : "TOWNSUSD-PERP",
      "m" : "4611686018427393064"
    }, {
      "d" : "1756412826154371467",
      "t" : 1756412826154,
      "tn" : 1756412826154371467,
      "q" : "100",
      "p" : "0.024159",
      "s" : "buy",
      "i" : "TOWNSUSD-PERP",
      "m" : "4611686018427393063"
    }, {
      "d" : "1756411924699052661",
      "t" : 1756411924699,
      "tn" : 1756411924699052661,
      "q" : "100",
      "p" : "0.024114",
      "s" : "buy",
      "i" : "TOWNSUSD-PERP",
      "m" : "4611686018427393062"
    }, {
      "d" : "1756411656687434446",
      "t" : 1756411656687,
      "tn" : 1756411656687434446,
      "q" : "100",
      "p" : "0.024010",
      "s" : "sell",
      "i" : "TOWNSUSD-PERP",
      "m" : "4611686018427393061"
    }, {
      "d" : "1756411624438439748",
      "t" : 1756411624438,
      "tn" : 1756411624438439748,
      "q" : "100",
      "p" : "0.023952",
      "s" : "buy",
      "i" : "TOWNSUSD-PERP",
      "m" : "4611686018427393060"
    }, {
      "d" : "1756411624438436153",
      "t" : 1756411624438,
      "tn" : 1756411624438436153,
      "q" : "100",
      "p" : "0.023939",
      "s" : "buy",
      "i" : "TOWNSUSD-PERP",
      "m" : "4611686018427393059"
    }, {
      "d" : "1756410967132150101",
      "t" : 1756410967132,
      "tn" : 1756410967132150101,
      "q" : "100",
      "p" : "0.024105",
      "s" : "sell",
      "i" : "TOWNSUSD-PERP",
      "m" : "4611686018427393058"
    }, {
      "d" : "1756410967132147203",
      "t" : 1756410967132,
      "tn" : 1756410967132147203,
      "q" : "100",
      "p" : "0.024110",
      "s" : "sell",
      "i" : "TOWNSUSD-PERP",
      "m" : "4611686018427393057"
    }, {
      "d" : "1756410119036815400",
      "t" : 1756410119036,
      "tn" : 1756410119036815400,
      "q" : "100",
      "p" : "0.023980",
      "s" : "sell",
      "i" : "TOWNSUSD-PERP",
      "m" : "4611686018427393056"
    }, {
      "d" : "1756410112641274137",
      "t" : 1756410112641,
      "tn" : 1756410112641274137,
      "q" : "100",
      "p" : "0.024019",
      "s" : "buy",
      "i" : "TOWNSUSD-PERP",
      "m" : "4611686018427393055"
    }, {
      "d" : "1756410103557398179",
      "t" : 1756410103557,
      "tn" : 1756410103557398179,
      "q" : "100",
      "p" : "0.024060",
      "s" : "sell",
      "i" : "TOWNSUSD-PERP",
      "m" : "4611686018427393054"
    }, {
      "d" : "1756410077472032018",
      "t" : 1756410077472,
      "tn" : 1756410077472032018,
      "q" : "100",
      "p" : "0.024160",
      "s" : "sell",
      "i" : "TOWNSUSD-PERP",
      "m" : "4611686018427393053"
    }, {
      "d" : "1756409831824188481",
      "t" : 1756409831824,
      "tn" : 1756409831824188481,
      "q" : "100",
      "p" : "0.024196",
      "s" : "sell",
      "i" : "TOWNSUSD-PERP",
      "m" : "4611686018427393052"
    }, {
      "d" : "1756406656370827947",
      "t" : 1756406656370,
      "tn" : 1756406656370827947,
      "q" : "100",
      "p" : "0.024242",
      "s" : "sell",
      "i" : "TOWNSUSD-PERP",
      "m" : "4611686018427393051"
    }, {
      "d" : "1756406650368389926",
      "t" : 1756406650368,
      "tn" : 1756406650368389926,
      "q" : "100",
      "p" : "0.024302",
      "s" : "sell",
      "i" : "TOWNSUSD-PERP",
      "m" : "4611686018427393050"
    }, {
      "d" : "1756406650367215676",
      "t" : 1756406650367,
      "tn" : 1756406650367215676,
      "q" : "100",
      "p" : "0.024305",
      "s" : "sell",
      "i" : "TOWNSUSD-PERP",
      "m" : "4611686018427393049"
    }, {
      "d" : "1756406650367213161",
      "t" : 1756406650367,
      "tn" : 1756406650367213161,
      "q" : "100",
      "p" : "0.024312",
      "s" : "sell",
      "i" : "TOWNSUSD-PERP",
      "m" : "4611686018427393048"
    }, {
      "d" : "1756406627746154486",
      "t" : 1756406627746,
      "tn" : 1756406627746154486,
      "q" : "100",
      "p" : "0.024350",
      "s" : "sell",
      "i" : "TOWNSUSD-PERP",
      "m" : "4611686018427393047"
    }, {
      "d" : "1756406627746151492",
      "t" : 1756406627746,
      "tn" : 1756406627746151492,
      "q" : "100",
      "p" : "0.024352",
      "s" : "sell",
      "i" : "TOWNSUSD-PERP",
      "m" : "4611686018427393046"
    }, {
      "d" : "1756406488964239764",
      "t" : 1756406488964,
      "tn" : 1756406488964239764,
      "q" : "100",
      "p" : "0.024304",
      "s" : "buy",
      "i" : "TOWNSUSD-PERP",
      "m" : "4611686018427393045"
    }, {
      "d" : "1756406362339115156",
      "t" : 1756406362339,
      "tn" : 1756406362339115156,
      "q" : "100",
      "p" : "0.024305",
      "s" : "sell",
      "i" : "TOWNSUSD-PERP",
      "m" : "4611686018427393044"
    }, {
      "d" : "1756406362336030403",
      "t" : 1756406362336,
      "tn" : 1756406362336030403,
      "q" : "100",
      "p" : "0.024338",
      "s" : "sell",
      "i" : "TOWNSUSD-PERP",
      "m" : "4611686018427393043"
    }, {
      "d" : "1756406100497003733",
      "t" : 1756406100497,
      "tn" : 1756406100497003733,
      "q" : "100",
      "p" : "0.024184",
      "s" : "buy",
      "i" : "TOWNSUSD-PERP",
      "m" : "4611686018427393042"
    }, {
      "d" : "1756406042025131604",
      "t" : 1756406042025,
      "tn" : 1756406042025131604,
      "q" : "100",
      "p" : "0.024272",
      "s" : "sell",
      "i" : "TOWNSUSD-PERP",
      "m" : "4611686018427393041"
    }, {
      "d" : "1756405804053115795",
      "t" : 1756405804053,
      "tn" : 1756405804053115795,
      "q" : "100",
      "p" : "0.024430",
      "s" : "sell",
      "i" : "TOWNSUSD-PERP",
      "m" : "4611686018427393040"
    }, {
      "d" : "1756405804053113908",
      "t" : 1756405804053,
      "tn" : 1756405804053113908,
      "q" : "100",
      "p" : "0.024432",
      "s" : "sell",
      "i" : "TOWNSUSD-PERP",
      "m" : "4611686018427393039"
    }, {
      "d" : "1756405445034249689",
      "t" : 1756405445034,
      "tn" : 1756405445034249689,
      "q" : "100",
      "p" : "0.024335",
      "s" : "sell",
      "i" : "TOWNSUSD-PERP",
      "m" : "4611686018427393038"
    }, {
      "d" : "1756405335683439651",
      "t" : 1756405335683,
      "tn" : 1756405335683439651,
      "q" : "100",
      "p" : "0.024190",
      "s" : "sell",
      "i" : "TOWNSUSD-PERP",
      "m" : "4611686018427393037"
    }, {
      "d" : "1756404810756511294",
      "t" : 1756404810756,
      "tn" : 1756404810756511294,
      "q" : "100",
      "p" : "0.024084",
      "s" : "buy",
      "i" : "TOWNSUSD-PERP",
      "m" : "4611686018427393036"
    }, {
      "d" : "1756404406262151048",
      "t" : 1756404406262,
      "tn" : 1756404406262151048,
      "q" : "100",
      "p" : "0.024014",
      "s" : "buy",
      "i" : "TOWNSUSD-PERP",
      "m" : "4611686018427393035"
    }, {
      "d" : "1756402968692571814",
      "t" : 1756402968692,
      "tn" : 1756402968692571814,
      "q" : "100",
      "p" : "0.024140",
      "s" : "buy",
      "i" : "TOWNSUSD-PERP",
      "m" : "4611686018427393034"
    }, {
      "d" : "1756402968690322638",
      "t" : 1756402968690,
      "tn" : 1756402968690322638,
      "q" : "100",
      "p" : "0.024130",
      "s" : "buy",
      "i" : "TOWNSUSD-PERP",
      "m" : "4611686018427393033"
    }, {
      "d" : "1756402968687230470",
      "t" : 1756402968687,
      "tn" : 1756402968687230470,
      "q" : "100",
      "p" : "0.024096",
      "s" : "buy",
      "i" : "TOWNSUSD-PERP",
      "m" : "4611686018427393032"
    }, {
      "d" : "1756402000364425775",
      "t" : 1756402000364,
      "tn" : 1756402000364425775,
      "q" : "100",
      "p" : "0.024040",
      "s" : "sell",
      "i" : "TOWNSUSD-PERP",
      "m" : "4611686018427393031"
    }, {
      "d" : "1756402000364423100",
      "t" : 1756402000364,
      "tn" : 1756402000364423100,
      "q" : "100",
      "p" : "0.024042",
      "s" : "sell",
      "i" : "TOWNSUSD-PERP",
      "m" : "4611686018427393030"
    }, {
      "d" : "1756400592014598179",
      "t" : 1756400592014,
      "tn" : 1756400592014598179,
      "q" : "100",
      "p" : "0.023975",
      "s" : "buy",
      "i" : "TOWNSUSD-PERP",
      "m" : "4611686018427393029"
    }, {
      "d" : "1756400064791213431",
      "t" : 1756400064791,
      "tn" : 1756400064791213431,
      "q" : "100",
      "p" : "0.023938",
      "s" : "sell",
      "i" : "TOWNSUSD-PERP",
      "m" : "4611686018427393028"
    }, {
      "d" : "1756400053410796719",
      "t" : 1756400053410,
      "tn" : 1756400053410796719,
      "q" : "100",
      "p" : "0.023965",
      "s" : "sell",
      "i" : "TOWNSUSD-PERP",
      "m" : "4611686018427393027"
    }, {
      "d" : "1756400053410795170",
      "t" : 1756400053410,
      "tn" : 1756400053410795170,
      "q" : "100",
      "p" : "0.023968",
      "s" : "sell",
      "i" : "TOWNSUSD-PERP",
      "m" : "4611686018427393026"
    }, {
      "d" : "1756400053406924806",
      "t" : 1756400053406,
      "tn" : 1756400053406924806,
      "q" : "100",
      "p" : "0.024008",
      "s" : "sell",
      "i" : "TOWNSUSD-PERP",
      "m" : "4611686018427393025"
    }, {
      "d" : "1756399939024732763",
      "t" : 1756399939024,
      "tn" : 1756399939024732763,
      "q" : "100",
      "p" : "0.024254",
      "s" : "sell",
      "i" : "TOWNSUSD-PERP",
      "m" : "4611686018427393024"
    }, {
      "d" : "1756399651121694734",
      "t" : 1756399651121,
      "tn" : 1756399651121694734,
      "q" : "100",
      "p" : "0.024154",
      "s" : "buy",
      "i" : "TOWNSUSD-PERP",
      "m" : "4611686018427393023"
    }, {
      "d" : "1756398949507183575",
      "t" : 1756398949507,
      "tn" : 1756398949507183575,
      "q" : "100",
      "p" : "0.024330",
      "s" : "sell",
      "i" : "TOWNSUSD-PERP",
      "m" : "4611686018427393022"
    }, {
      "d" : "1756398949507180998",
      "t" : 1756398949507,
      "tn" : 1756398949507180998,
      "q" : "100",
      "p" : "0.024334",
      "s" : "sell",
      "i" : "TOWNSUSD-PERP",
      "m" : "4611686018427393021"
    }, {
      "d" : "1756397365275584609",
      "t" : 1756397365275,
      "tn" : 1756397365275584609,
      "q" : "100",
      "p" : "0.023974",
      "s" : "buy",
      "i" : "TOWNSUSD-PERP",
      "m" : "4611686018427393020"
    }, {
      "d" : "1756397338031295166",
      "t" : 1756397338031,
      "tn" : 1756397338031295166,
      "q" : "100",
      "p" : "0.024002",
      "s" : "sell",
      "i" : "TOWNSUSD-PERP",
      "m" : "4611686018427393019"
    }, {
      "d" : "1756397040355772970",
      "t" : 1756397040355,
      "tn" : 1756397040355772970,
      "q" : "100",
      "p" : "0.024152",
      "s" : "sell",
      "i" : "TOWNSUSD-PERP",
      "m" : "4611686018427393018"
    }, {
      "d" : "1756396968344584279",
      "t" : 1756396968344,
      "tn" : 1756396968344584279,
      "q" : "100",
      "p" : "0.024020",
      "s" : "buy",
      "i" : "TOWNSUSD-PERP",
      "m" : "4611686018427393017"
    }, {
      "d" : "1756396968339527385",
      "t" : 1756396968339,
      "tn" : 1756396968339527385,
      "q" : "100",
      "p" : "0.024004",
      "s" : "buy",
      "i" : "TOWNSUSD-PERP",
      "m" : "4611686018427393016"
    }, {
      "d" : "1756396956146584924",
      "t" : 1756396956146,
      "tn" : 1756396956146584924,
      "q" : "100",
      "p" : "0.024122",
      "s" : "sell",
      "i" : "TOWNSUSD-PERP",
      "m" : "4611686018427393015"
    }, {
      "d" : "1756396924226267981",
      "t" : 1756396924226,
      "tn" : 1756396924226267981,
      "q" : "100",
      "p" : "0.024054",
      "s" : "buy",
      "i" : "TOWNSUSD-PERP",
      "m" : "4611686018427393014"
    }, {
      "d" : "1756396871278638475",
      "t" : 1756396871278,
      "tn" : 1756396871278638475,
      "q" : "100",
      "p" : "0.024223",
      "s" : "sell",
      "i" : "TOWNSUSD-PERP",
      "m" : "4611686018427393013"
    }, {
      "d" : "1756396871208657512",
      "t" : 1756396871208,
      "tn" : 1756396871208657512,
      "q" : "100",
      "p" : "0.024284",
      "s" : "sell",
      "i" : "TOWNSUSD-PERP",
      "m" : "4611686018427393012"
    }, {
      "d" : "1756396871206829922",
      "t" : 1756396871206,
      "tn" : 1756396871206829922,
      "q" : "100",
      "p" : "0.024294",
      "s" : "sell",
      "i" : "TOWNSUSD-PERP",
      "m" : "4611686018427393011"
    }, {
      "d" : "1756396781961638684",
      "t" : 1756396781961,
      "tn" : 1756396781961638684,
      "q" : "100",
      "p" : "0.024270",
      "s" : "sell",
      "i" : "TOWNSUSD-PERP",
      "m" : "4611686018427393010"
    }, {
      "d" : "1756396781961636342",
      "t" : 1756396781961,
      "tn" : 1756396781961636342,
      "q" : "100",
      "p" : "0.024284",
      "s" : "sell",
      "i" : "TOWNSUSD-PERP",
      "m" : "4611686018427393009"
    }, {
      "d" : "1756396729032202080",
      "t" : 1756396729032,
      "tn" : 1756396729032202080,
      "q" : "100",
      "p" : "0.024294",
      "s" : "sell",
      "i" : "TOWNSUSD-PERP",
      "m" : "4611686018427393008"
    }, {
      "d" : "1756396616070917105",
      "t" : 1756396616070,
      "tn" : 1756396616070917105,
      "q" : "100",
      "p" : "0.024284",
      "s" : "sell",
      "i" : "TOWNSUSD-PERP",
      "m" : "4611686018427393007"
    }, {
      "d" : "1756396544429434766",
      "t" : 1756396544429,
      "tn" : 1756396544429434766,
      "q" : "100",
      "p" : "0.024274",
      "s" : "sell",
      "i" : "TOWNSUSD-PERP",
      "m" : "4611686018427393006"
    }, {
      "d" : "1756396544411226630",
      "t" : 1756396544411,
      "tn" : 1756396544411226630,
      "q" : "100",
      "p" : "0.024294",
      "s" : "sell",
      "i" : "TOWNSUSD-PERP",
      "m" : "4611686018427393005"
    }, {
      "d" : "1756396533817117652",
      "t" : 1756396533817,
      "tn" : 1756396533817117652,
      "q" : "100",
      "p" : "0.024303",
      "s" : "sell",
      "i" : "TOWNSUSD-PERP",
      "m" : "4611686018427393004"
    }, {
      "d" : "1756396410336748601",
      "t" : 1756396410336,
      "tn" : 1756396410336748601,
      "q" : "100",
      "p" : "0.024504",
      "s" : "sell",
      "i" : "TOWNSUSD-PERP",
      "m" : "4611686018427393003"
    }, {
      "d" : "1756396410336745706",
      "t" : 1756396410336,
      "tn" : 1756396410336745706,
      "q" : "100",
      "p" : "0.024510",
      "s" : "sell",
      "i" : "TOWNSUSD-PERP",
      "m" : "4611686018427393002"
    } ]
  }
}