{
  "id" : -1,
  "method" : "public/get-trades",
  "code" : 0,
  "result" : {
    "data" : [ {
      "d" : "1756457190798103144",
      "t" : 1756457190798,
      "tn" : 1756457190798103144,
      "q" : "22.0",
      "p" : "0.38101",
      "s" : "buy",
      "i" : "TRAC_USD",
      "m" : "4611686018429326957"
    }, {
      "d" : "1756457188530111908",
      "t" : 1756457188530,
      "tn" : 1756457188530111908,
      "q" : "29.2",
      "p" : "0.38085",
      "s" : "buy",
      "i" : "TRAC_USD",
      "m" : "4611686018429326956"
    }, {
      "d" : "1756455301426497586",
      "t" : 1756455301426,
      "tn" : 1756455301426497586,
      "q" : "29.1",
      "p" : "0.38139",
      "s" : "sell",
      "i" : "TRAC_USD",
      "m" : "4611686018429326955"
    }, {
      "d" : "1756455298425047011",
      "t" : 1756455298425,
      "tn" : 1756455298425047011,
      "q" : "29.1",
      "p" : "0.38155",
      "s" : "sell",
      "i" : "TRAC_USD",
      "m" : "4611686018429326954"
    }, {
      "d" : "1756455297008533695",
      "t" : 1756455297008,
      "tn" : 1756455297008533695,
      "q" : "29.1",
      "p" : "0.38171",
      "s" : "sell",
      "i" : "TRAC_USD",
      "m" : "4611686018429326953"
    }, {
      "d" : "1756450052736217560",
      "t" : 1756450052736,
      "tn" : 1756450052736217560,
      "q" : "28.8",
      "p" : "0.38565",
      "s" : "buy",
      "i" : "TRAC_USD",
      "m" : "4611686018429326952"
    }, {
      "d" : "1756446633195689868",
      "t" : 1756446633195,
      "tn" : 1756446633195689868,
      "q" : "20.0",
      "p" : "0.38564",
      "s" : "buy",
      "i" : "TRAC_USD",
      "m" : "4611686018429326951"
    }, {
      "d" : "1756444852201357154",
      "t" : 1756444852201,
      "tn" : 1756444852201357154,
      "q" : "66.2",
      "p" : "0.38566",
      "s" : "buy",
      "i" : "TRAC_USD",
      "m" : "4611686018429326950"
    }, {
      "d" : "1756441339343705540",
      "t" : 1756441339343,
      "tn" : 1756441339343705540,
      "q" : "8.9",
      "p" : "0.38580",
      "s" : "buy",
      "i" : "TRAC_USD",
      "m" : "4611686018429326949"
    }, {
      "d" : "1756441123936208662",
      "t" : 1756441123936,
      "tn" : 1756441123936208662,
      "q" : "19.9",
      "p" : "0.38580",
      "s" : "buy",
      "i" : "TRAC_USD",
      "m" : "4611686018429326948"
    }, {
      "d" : "1756440999690175220",
      "t" : 1756440999690,
      "tn" : 1756440999690175220,
      "q" : "9.2",
      "p" : "0.38576",
      "s" : "buy",
      "i" : "TRAC_USD",
      "m" : "4611686018429326947"
    }, {
      "d" : "1756440914878254679",
      "t" : 1756440914878,
      "tn" : 1756440914878254679,
      "q" : "19.6",
      "p" : "0.38576",
      "s" : "buy",
      "i" : "TRAC_USD",
      "m" : "4611686018429326946"
    }, {
      "d" : "1756440582573563235",
      "t" : 1756440582573,
      "tn" : 1756440582573563235,
      "q" : "25.7",
      "p" : "0.38659",
      "s" : "buy",
      "i" : "TRAC_USD",
      "m" : "4611686018429326945"
    }, {
      "d" : "1756440582386778925",
      "t" : 1756440582386,
      "tn" : 1756440582386778925,
      "q" : "4.2",
      "p" : "0.38577",
      "s" : "buy",
      "i" : "TRAC_USD",
      "m" : "4611686018429326944"
    }, {
      "d" : "1756440547725281286",
      "t" : 1756440547725,
      "tn" : 1756440547725281286,
      "q" : "24.6",
      "p" : "0.38577",
      "s" : "buy",
      "i" : "TRAC_USD",
      "m" : "4611686018429326943"
    }, {
      "d" : "1756440522594069281",
      "t" : 1756440522594,
      "tn" : 1756440522594069281,
      "q" : "23.0",
      "p" : "0.38567",
      "s" : "buy",
      "i" : "TRAC_USD",
      "m" : "4611686018429326942"
    }, {
      "d" : "1756440407725962014",
      "t" : 1756440407725,
      "tn" : 1756440407725962014,
      "q" : "20.4",
      "p" : "0.38577",
      "s" : "buy",
      "i" : "TRAC_USD",
      "m" : "4611686018429326941"
    }, {
      "d" : "1756440282671476640",
      "t" : 1756440282671,
      "tn" : 1756440282671476640,
      "q" : "31.8",
      "p" : "0.38658",
      "s" : "buy",
      "i" : "TRAC_USD",
      "m" : "4611686018429326940"
    }, {
      "d" : "1756440282497331567",
      "t" : 1756440282497,
      "tn" : 1756440282497331567,
      "q" : "28.8",
      "p" : "0.38581",
      "s" : "buy",
      "i" : "TRAC_USD",
      "m" : "4611686018429326939"
    }, {
      "d" : "1756439885857422111",
      "t" : 1756439885857,
      "tn" : 1756439885857422111,
      "q" : "21.6",
      "p" : "0.38576",
      "s" : "buy",
      "i" : "TRAC_USD",
      "m" : "4611686018429326938"
    }, {
      "d" : "1756439882653963887",
      "t" : 1756439882653,
      "tn" : 1756439882653963887,
      "q" : "1.8",
      "p" : "0.38578",
      "s" : "buy",
      "i" : "TRAC_USD",
      "m" : "4611686018429326937"
    }, {
      "d" : "1756439712370340856",
      "t" : 1756439712370,
      "tn" : 1756439712370340856,
      "q" : "27.0",
      "p" : "0.38578",
      "s" : "buy",
      "i" : "TRAC_USD",
      "m" : "4611686018429326936"
    }, {
      "d" : "1756439712195620512",
      "t" : 1756439712195,
      "tn" : 1756439712195620512,
      "q" : "8.6",
      "p" : "0.38576",
      "s" : "buy",
      "i" : "TRAC_USD",
      "m" : "4611686018429326935"
    }, {
      "d" : "1756439704137940814",
      "t" : 1756439704137,
      "tn" : 1756439704137940814,
      "q" : "20.2",
      "p" : "0.38576",
      "s" : "buy",
      "i" : "TRAC_USD",
      "m" : "4611686018429326934"
    }, {
      "d" : "1756438938546592841",
      "t" : 1756438938546,
      "tn" : 1756438938546592841,
      "q" : "21.4",
      "p" : "0.38563",
      "s" : "buy",
      "i" : "TRAC_USD",
      "m" : "4611686018429326933"
    }, {
      "d" : "1756433432182078375",
      "t" : 1756433432182,
      "tn" : 1756433432182078375,
      "q" : "28.9",
      "p" : "0.38510",
      "s" : "buy",
      "i" : "TRAC_USD",
      "m" : "4611686018429326932"
    }, {
      "d" : "1756432683485268800",
      "t" : 1756432683485,
      "tn" : 1756432683485268800,
      "q" : "28.3",
      "p" : "0.38419",
      "s" : "sell",
      "i" : "TRAC_USD",
      "m" : "4611686018429326931"
    }, {
      "d" : "1756432681816156030",
      "t" : 1756432681816,
      "tn" : 1756432681816156030,
      "q" : "28.9",
      "p" : "0.38435",
      "s" : "sell",
      "i" : "TRAC_USD",
      "m" : "4611686018429326930"
    }, {
      "d" : "1756432679031866945",
      "t" : 1756432679031,
      "tn" : 1756432679031866945,
      "q" : "28.9",
      "p" : "0.38451",
      "s" : "sell",
      "i" : "TRAC_USD",
      "m" : "4611686018429326929"
    }, {
      "d" : "1756432675944224617",
      "t" : 1756432675944,
      "tn" : 1756432675944224617,
      "q" : "28.9",
      "p" : "0.38467",
      "s" : "sell",
      "i" : "TRAC_USD",
      "m" : "4611686018429326928"
    }, {
      "d" : "1756432198679808286",
      "t" : 1756432198679,
      "tn" : 1756432198679808286,
      "q" : "433.5",
      "p" : "0.38515",
      "s" : "sell",
      "i" : "TRAC_USD",
      "m" : "4611686018429326927"
    }, {
      "d" : "1756432195712203448",
      "t" : 1756432195712,
      "tn" : 1756432195712203448,
      "q" : "42.1",
      "p" : "0.38641",
      "s" : "sell",
      "i" : "TRAC_USD",
      "m" : "4611686018429326926"
    }, {
      "d" : "1756432195473064740",
      "t" : 1756432195473,
      "tn" : 1756432195473064740,
      "q" : "20.2",
      "p" : "0.38658",
      "s" : "sell",
      "i" : "TRAC_USD",
      "m" : "4611686018429326925"
    }, {
      "d" : "1756430902252850948",
      "t" : 1756430902252,
      "tn" : 1756430902252850947,
      "q" : "21.9",
      "p" : "0.38658",
      "s" : "sell",
      "i" : "TRAC_USD",
      "m" : "4611686018429326924"
    }, {
      "d" : "1756430902252850947",
      "t" : 1756430902252,
      "tn" : 1756430902252850947,
      "q" : "42.1",
      "p" : "0.38658",
      "s" : "sell",
      "i" : "TRAC_USD",
      "m" : "4611686018429326924"
    }, {
      "d" : "1756428746622142147",
      "t" : 1756428746622,
      "tn" : 1756428746622142147,
      "q" : "19.7",
      "p" : "0.38906",
      "s" : "buy",
      "i" : "TRAC_USD",
      "m" : "4611686018429326923"
    }, {
      "d" : "1756428743357660896",
      "t" : 1756428743357,
      "tn" : 1756428743357660896,
      "q" : "28.6",
      "p" : "0.38887",
      "s" : "buy",
      "i" : "TRAC_USD",
      "m" : "4611686018429326922"
    }, {
      "d" : "1756425756782192368",
      "t" : 1756425756782,
      "tn" : 1756425756782192368,
      "q" : "26.9",
      "p" : "0.39004",
      "s" : "buy",
      "i" : "TRAC_USD",
      "m" : "4611686018429326921"
    }, {
      "d" : "1756425644724342155",
      "t" : 1756425644724,
      "tn" : 1756425644724342155,
      "q" : "5.0",
      "p" : "0.39092",
      "s" : "buy",
      "i" : "TRAC_USD",
      "m" : "4611686018429326920"
    }, {
      "d" : "1756425644724340491",
      "t" : 1756425644724,
      "tn" : 1756425644724340491,
      "q" : "28.5",
      "p" : "0.39022",
      "s" : "buy",
      "i" : "TRAC_USD",
      "m" : "4611686018429326919"
    }, {
      "d" : "1756425644530148068",
      "t" : 1756425644530,
      "tn" : 1756425644530148068,
      "q" : "33.3",
      "p" : "0.39006",
      "s" : "buy",
      "i" : "TRAC_USD",
      "m" : "4611686018429326918"
    }, {
      "d" : "1756425632874635616",
      "t" : 1756425632874,
      "tn" : 1756425632874635616,
      "q" : "28.4",
      "p" : "0.39027",
      "s" : "buy",
      "i" : "TRAC_USD",
      "m" : "4611686018429326917"
    }, {
      "d" : "1756417570632419225",
      "t" : 1756417570632,
      "tn" : 1756417570632419225,
      "q" : "98.2",
      "p" : "0.39105",
      "s" : "buy",
      "i" : "TRAC_USD",
      "m" : "4611686018429326916"
    }, {
      "d" : "1756417569760518528",
      "t" : 1756417569760,
      "tn" : 1756417569760518528,
      "q" : "28.5",
      "p" : "0.39055",
      "s" : "buy",
      "i" : "TRAC_USD",
      "m" : "4611686018429326915"
    }, {
      "d" : "1756417566644520772",
      "t" : 1756417566644,
      "tn" : 1756417566644520772,
      "q" : "28.5",
      "p" : "0.39039",
      "s" : "buy",
      "i" : "TRAC_USD",
      "m" : "4611686018429326914"
    }, {
      "d" : "1756417566367404243",
      "t" : 1756417566367,
      "tn" : 1756417566367404243,
      "q" : "28.5",
      "p" : "0.39023",
      "s" : "buy",
      "i" : "TRAC_USD",
      "m" : "4611686018429326913"
    }, {
      "d" : "1756415788989269888",
      "t" : 1756415788989,
      "tn" : 1756415788989269888,
      "q" : "28.5",
      "p" : "0.39043",
      "s" : "buy",
      "i" : "TRAC_USD",
      "m" : "4611686018429326912"
    }, {
      "d" : "1756415788790668309",
      "t" : 1756415788790,
      "tn" : 1756415788790668309,
      "q" : "28.5",
      "p" : "0.39042",
      "s" : "buy",
      "i" : "TRAC_USD",
      "m" : "4611686018429326911"
    }, {
      "d" : "1756406815939488608",
      "t" : 1756406815939,
      "tn" : 1756406815939488608,
      "q" : "121.1",
      "p" : "0.38813",
      "s" : "sell",
      "i" : "TRAC_USD",
      "m" : "4611686018429326910"
    }, {
      "d" : "1756406815310921406",
      "t" : 1756406815310,
      "tn" : 1756406815310921406,
      "q" : "28.6",
      "p" : "0.38877",
      "s" : "sell",
      "i" : "TRAC_USD",
      "m" : "4611686018429326909"
    }, {
      "d" : "1756404863521134578",
      "t" : 1756404863521,
      "tn" : 1756404863521134578,
      "q" : "34.6",
      "p" : "0.38813",
      "s" : "sell",
      "i" : "TRAC_USD",
      "m" : "4611686018429326908"
    }, {
      "d" : "1756404863001769208",
      "t" : 1756404863001,
      "tn" : 1756404863001769208,
      "q" : "28.6",
      "p" : "0.38882",
      "s" : "sell",
      "i" : "TRAC_USD",
      "m" : "4611686018429326907"
    }, {
      "d" : "1756404365455028429",
      "t" : 1756404365455,
      "tn" : 1756404365455028429,
      "q" : "28.6",
      "p" : "0.38944",
      "s" : "buy",
      "i" : "TRAC_USD",
      "m" : "4611686018429326906"
    }, {
      "d" : "1756402283373688450",
      "t" : 1756402283373,
      "tn" : 1756402283373688450,
      "q" : "21.4",
      "p" : "0.38796",
      "s" : "sell",
      "i" : "TRAC_USD",
      "m" : "4611686018429326905"
    }, {
      "d" : "1756402283222638268",
      "t" : 1756402283222,
      "tn" : 1756402283222638268,
      "q" : "28.6",
      "p" : "0.38891",
      "s" : "sell",
      "i" : "TRAC_USD",
      "m" : "4611686018429326904"
    }, {
      "d" : "1756401177556231953",
      "t" : 1756401177556,
      "tn" : 1756401177556231953,
      "q" : "28.6",
      "p" : "0.38949",
      "s" : "buy",
      "i" : "TRAC_USD",
      "m" : "4611686018429326903"
    }, {
      "d" : "1756401177363778455",
      "t" : 1756401177363,
      "tn" : 1756401177363778455,
      "q" : "28.6",
      "p" : "0.38948",
      "s" : "buy",
      "i" : "TRAC_USD",
      "m" : "4611686018429326902"
    }, {
      "d" : "1756399967595294941",
      "t" : 1756399967595,
      "tn" : 1756399967595294941,
      "q" : "22.7",
      "p" : "0.39009",
      "s" : "buy",
      "i" : "TRAC_USD",
      "m" : "4611686018429326901"
    }, {
      "d" : "1756399967358177703",
      "t" : 1756399967358,
      "tn" : 1756399967358177703,
      "q" : "28.6",
      "p" : "0.38936",
      "s" : "buy",
      "i" : "TRAC_USD",
      "m" : "4611686018429326900"
    }, {
      "d" : "1756397401298987449",
      "t" : 1756397401298,
      "tn" : 1756397401298987449,
      "q" : "27.5",
      "p" : "0.39019",
      "s" : "sell",
      "i" : "TRAC_USD",
      "m" : "4611686018429326899"
    }, {
      "d" : "1756397398333090686",
      "t" : 1756397398333,
      "tn" : 1756397398333090686,
      "q" : "28.5",
      "p" : "0.39035",
      "s" : "sell",
      "i" : "TRAC_USD",
      "m" : "4611686018429326898"
    }, {
      "d" : "1756397398148122055",
      "t" : 1756397398148,
      "tn" : 1756397398148122055,
      "q" : "34.6",
      "p" : "0.39036",
      "s" : "sell",
      "i" : "TRAC_USD",
      "m" : "4611686018429326897"
    }, {
      "d" : "1756393283597670534",
      "t" : 1756393283597,
      "tn" : 1756393283597670534,
      "q" : "44.8",
      "p" : "0.39711",
      "s" : "buy",
      "i" : "TRAC_USD",
      "m" : "4611686018429326896"
    }, {
      "d" : "1756393280726582850",
      "t" : 1756393280726,
      "tn" : 1756393280726582850,
      "q" : "28.1",
      "p" : "0.39700",
      "s" : "buy",
      "i" : "TRAC_USD",
      "m" : "4611686018429326895"
    }, {
      "d" : "1756393278875013394",
      "t" : 1756393278875,
      "tn" : 1756393278875013394,
      "q" : "28.1",
      "p" : "0.39684",
      "s" : "buy",
      "i" : "TRAC_USD",
      "m" : "4611686018429326894"
    }, {
      "d" : "1756393276247297827",
      "t" : 1756393276247,
      "tn" : 1756393276247297827,
      "q" : "28.1",
      "p" : "0.39668",
      "s" : "buy",
      "i" : "TRAC_USD",
      "m" : "4611686018429326893"
    }, {
      "d" : "1756393273112294859",
      "t" : 1756393273112,
      "tn" : 1756393273112294859,
      "q" : "28.1",
      "p" : "0.39652",
      "s" : "buy",
      "i" : "TRAC_USD",
      "m" : "4611686018429326892"
    }, {
      "d" : "1756393271044330724",
      "t" : 1756393271044,
      "tn" : 1756393271044330724,
      "q" : "28.1",
      "p" : "0.39636",
      "s" : "buy",
      "i" : "TRAC_USD",
      "m" : "4611686018429326891"
    }, {
      "d" : "1756393268713231885",
      "t" : 1756393268713,
      "tn" : 1756393268713231885,
      "q" : "28.1",
      "p" : "0.39619",
      "s" : "buy",
      "i" : "TRAC_USD",
      "m" : "4611686018429326890"
    }, {
      "d" : "1756393265628204068",
      "t" : 1756393265628,
      "tn" : 1756393265628204068,
      "q" : "28.1",
      "p" : "0.39603",
      "s" : "buy",
      "i" : "TRAC_USD",
      "m" : "4611686018429326889"
    }, {
      "d" : "1756393263247234704",
      "t" : 1756393263247,
      "tn" : 1756393263247234704,
      "q" : "28.1",
      "p" : "0.39586",
      "s" : "buy",
      "i" : "TRAC_USD",
      "m" : "4611686018429326888"
    }, {
      "d" : "1756391934064839949",
      "t" : 1756391934064,
      "tn" : 1756391934064839949,
      "q" : "21.6",
      "p" : "0.39450",
      "s" : "buy",
      "i" : "TRAC_USD",
      "m" : "4611686018429326887"
    }, {
      "d" : "1756391742180369185",
      "t" : 1756391742180,
      "tn" : 1756391742180369185,
      "q" : "721.8",
      "p" : "0.39536",
      "s" : "buy",
      "i" : "TRAC_USD",
      "m" : "4611686018429326886"
    }, {
      "d" : "1756391742180366780",
      "t" : 1756391742180,
      "tn" : 1756391742180366780,
      "q" : "28.2",
      "p" : "0.39442",
      "s" : "buy",
      "i" : "TRAC_USD",
      "m" : "4611686018429326885"
    }, {
      "d" : "1756390636212657653",
      "t" : 1756390636212,
      "tn" : 1756390636212657653,
      "q" : "246.3",
      "p" : "0.39576",
      "s" : "buy",
      "i" : "TRAC_USD",
      "m" : "4611686018429326884"
    }, {
      "d" : "1756390636212655297",
      "t" : 1756390636212,
      "tn" : 1756390636212655297,
      "q" : "28.2",
      "p" : "0.39558",
      "s" : "buy",
      "i" : "TRAC_USD",
      "m" : "4611686018429326883"
    }, {
      "d" : "1756390635002690056",
      "t" : 1756390635002,
      "tn" : 1756390635002690056,
      "q" : "28.1",
      "p" : "0.39541",
      "s" : "buy",
      "i" : "TRAC_USD",
      "m" : "4611686018429326882"
    }, {
      "d" : "1756390632008640173",
      "t" : 1756390632008,
      "tn" : 1756390632008640173,
      "q" : "28.1",
      "p" : "0.39524",
      "s" : "buy",
      "i" : "TRAC_USD",
      "m" : "4611686018429326881"
    }, {
      "d" : "1756390631815245452",
      "t" : 1756390631815,
      "tn" : 1756390631815245451,
      "q" : "41.7",
      "p" : "0.39451",
      "s" : "buy",
      "i" : "TRAC_USD",
      "m" : "4611686018429326880"
    }, {
      "d" : "1756390631815245451",
      "t" : 1756390631815,
      "tn" : 1756390631815245451,
      "q" : "41.7",
      "p" : "0.39451",
      "s" : "buy",
      "i" : "TRAC_USD",
      "m" : "4611686018429326880"
    }, {
      "d" : "1756388845250800475",
      "t" : 1756388845250,
      "tn" : 1756388845250800475,
      "q" : "20.0",
      "p" : "0.39401",
      "s" : "sell",
      "i" : "TRAC_USD",
      "m" : "4611686018429326879"
    }, {
      "d" : "1756387732221776699",
      "t" : 1756387732221,
      "tn" : 1756387732221776699,
      "q" : "271.9",
      "p" : "0.39281",
      "s" : "buy",
      "i" : "TRAC_USD",
      "m" : "4611686018429326878"
    }, {
      "d" : "1756387732216386611",
      "t" : 1756387732216,
      "tn" : 1756387732216386611,
      "q" : "134.0",
      "p" : "0.39281",
      "s" : "buy",
      "i" : "TRAC_USD",
      "m" : "4611686018429326877"
    }, {
      "d" : "1756387732158681728",
      "t" : 1756387732158,
      "tn" : 1756387732158681728,
      "q" : "200.0",
      "p" : "0.39281",
      "s" : "buy",
      "i" : "TRAC_USD",
      "m" : "4611686018429326876"
    }, {
      "d" : "1756387732084196012",
      "t" : 1756387732084,
      "tn" : 1756387732084196012,
      "q" : "300.0",
      "p" : "0.39281",
      "s" : "buy",
      "i" : "TRAC_USD",
      "m" : "4611686018429326875"
    }, {
      "d" : "1756387732084162593",
      "t" : 1756387732084,
      "tn" : 1756387732084162593,
      "q" : "120.0",
      "p" : "0.39281",
      "s" : "buy",
      "i" : "TRAC_USD",
      "m" : "4611686018429326874"
    }, {
      "d" : "1756387731947044896",
      "t" : 1756387731947,
      "tn" : 1756387731947044896,
      "q" : "60.0",
      "p" : "0.39281",
      "s" : "buy",
      "i" : "TRAC_USD",
      "m" : "4611686018429326873"
    }, {
      "d" : "1756387731841649620",
      "t" : 1756387731841,
      "tn" : 1756387731841649620,
      "q" : "282.0",
      "p" : "0.39281",
      "s" : "sell",
      "i" : "TRAC_USD",
      "m" : "4611686018429326872"
    }, {
      "d" : "1756387728763815322",
      "t" : 1756387728763,
      "tn" : 1756387728763815322,
      "q" : "282.0",
      "p" : "0.39341",
      "s" : "sell",
      "i" : "TRAC_USD",
      "m" : "4611686018429326871"
    }, {
      "d" : "1756387727865097472",
      "t" : 1756387727865,
      "tn" : 1756387727865097472,
      "q" : "28.2",
      "p" : "0.39401",
      "s" : "sell",
      "i" : "TRAC_USD",
      "m" : "4611686018429326870"
    }, {
      "d" : "1756387724948192070",
      "t" : 1756387724948,
      "tn" : 1756387724948192070,
      "q" : "28.2",
      "p" : "0.39417",
      "s" : "sell",
      "i" : "TRAC_USD",
      "m" : "4611686018429326869"
    }, {
      "d" : "1756387723427373432",
      "t" : 1756387723427,
      "tn" : 1756387723427373432,
      "q" : "28.2",
      "p" : "0.39434",
      "s" : "sell",
      "i" : "TRAC_USD",
      "m" : "4611686018429326868"
    }, {
      "d" : "1756383669268468258",
      "t" : 1756383669268,
      "tn" : 1756383669268468258,
      "q" : "28.4",
      "p" : "0.39122",
      "s" : "buy",
      "i" : "TRAC_USD",
      "m" : "4611686018429326867"
    }, {
      "d" : "1756381418023650030",
      "t" : 1756381418023,
      "tn" : 1756381418023650030,
      "q" : "21.7",
      "p" : "0.39090",
      "s" : "buy",
      "i" : "TRAC_USD",
      "m" : "4611686018429326866"
    }, {
      "d" : "1756380018902492640",
      "t" : 1756380018902,
      "tn" : 1756380018902492640,
      "q" : "24.0",
      "p" : "0.39092",
      "s" : "buy",
      "i" : "TRAC_USD",
      "m" : "4611686018429326865"
    }, {
      "d" : "1756379822824598915",
      "t" : 1756379822824,
      "tn" : 1756379822824598915,
      "q" : "26.2",
      "p" : "0.39095",
      "s" : "buy",
      "i" : "TRAC_USD",
      "m" : "4611686018429326864"
    }, {
      "d" : "1756379819652544292",
      "t" : 1756379819652,
      "tn" : 1756379819652544292,
      "q" : "407.0",
      "p" : "0.39079",
      "s" : "buy",
      "i" : "TRAC_USD",
      "m" : "4611686018429326863"
    }, {
      "d" : "1756378277322278093",
      "t" : 1756378277322,
      "tn" : 1756378277322278093,
      "q" : "28.2",
      "p" : "0.39107",
      "s" : "buy",
      "i" : "TRAC_USD",
      "m" : "4611686018429326862"
    }, {
      "d" : "1756376828459806389",
      "t" : 1756376828459,
      "tn" : 1756376828459806389,
      "q" : "34.6",
      "p" : "0.39026",
      "s" : "buy",
      "i" : "TRAC_USD",
      "m" : "4611686018429326861"
    } ]
  }
}