{
  "id" : -1,
  "method" : "public/get-trades",
  "code" : 0,
  "result" : {
    "data" : [ {
      "d" : "1756458109313066500",
      "t" : 1756458109313,
      "tn" : 1756458109313066500,
      "q" : "2.005",
      "p" : "33.00",
      "s" : "sell",
      "i" : "TRB_USDT",
      "m" : "4611686018430706990"
    }, {
      "d" : "1756457045191775583",
      "t" : 1756457045191,
      "tn" : 1756457045191775583,
      "q" : "15.251",
      "p" : "33.38",
      "s" : "buy",
      "i" : "TRB_USDT",
      "m" : "4611686018430706989"
    }, {
      "d" : "1756457045140256359",
      "t" : 1756457045140,
      "tn" : 1756457045140256359,
      "q" : "9.814",
      "p" : "33.37",
      "s" : "buy",
      "i" : "TRB_USDT",
      "m" : "4611686018430706988"
    }, {
      "d" : "1756457045140253711",
      "t" : 1756457045140,
      "tn" : 1756457045140253711,
      "q" : "3.694",
      "p" : "33.36",
      "s" : "buy",
      "i" : "TRB_USDT",
      "m" : "4611686018430706987"
    }, {
      "d" : "1756456159414056484",
      "t" : 1756456159414,
      "tn" : 1756456159414056484,
      "q" : "5.602",
      "p" : "33.21",
      "s" : "sell",
      "i" : "TRB_USDT",
      "m" : "4611686018430706986"
    }, {
      "d" : "1756456159413262528",
      "t" : 1756456159413,
      "tn" : 1756456159413262528,
      "q" : "10.972",
      "p" : "33.21",
      "s" : "sell",
      "i" : "TRB_USDT",
      "m" : "4611686018430706985"
    }, {
      "d" : "1756455670814176562",
      "t" : 1756455670814,
      "tn" : 1756455670814176562,
      "q" : "0.903",
      "p" : "33.24",
      "s" : "sell",
      "i" : "TRB_USDT",
      "m" : "4611686018430706984"
    }, {
      "d" : "1756399225501012403",
      "t" : 1756399225501,
      "tn" : 1756399225501012403,
      "q" : "0.354",
      "p" : "34.44",
      "s" : "sell",
      "i" : "TRB_USDT",
      "m" : "4611686018430706983"
    }, {
      "d" : "1756393267063811668",
      "t" : 1756393267063,
      "tn" : 1756393267063811668,
      "q" : "12.473",
      "p" : "35.29",
      "s" : "buy",
      "i" : "TRB_USDT",
      "m" : "4611686018430706982"
    }, {
      "d" : "1756393267062138320",
      "t" : 1756393267062,
      "tn" : 1756393267062138320,
      "q" : "11.654",
      "p" : "35.28",
      "s" : "buy",
      "i" : "TRB_USDT",
      "m" : "4611686018430706981"
    }, {
      "d" : "1756383082361589803",
      "t" : 1756383082361,
      "tn" : 1756383082361589803,
      "q" : "0.497",
      "p" : "34.30",
      "s" : "sell",
      "i" : "TRB_USDT",
      "m" : "4611686018430706980"
    }, {
      "d" : "1756380361429322560",
      "t" : 1756380361429,
      "tn" : 1756380361429322560,
      "q" : "0.531",
      "p" : "34.28",
      "s" : "buy",
      "i" : "TRB_USDT",
      "m" : "4611686018430706979"
    }, {
      "d" : "1756380361429321009",
      "t" : 1756380361429,
      "tn" : 1756380361429321009,
      "q" : "3.649",
      "p" : "34.25",
      "s" : "buy",
      "i" : "TRB_USDT",
      "m" : "4611686018430706978"
    } ]
  }
}