{
  "id" : -1,
  "method" : "public/get-trades",
  "code" : 0,
  "result" : {
    "data" : [ {
      "d" : "1756461198098324873",
      "t" : 1756461198098,
      "tn" : 1756461198098324873,
      "q" : "2.863",
      "p" : "33.25",
      "s" : "sell",
      "i" : "TRB_USD",
      "m" : "4611686018430174819"
    }, {
      "d" : "1756461198098052407",
      "t" : 1756461198098,
      "tn" : 1756461198098052407,
      "q" : "14.054",
      "p" : "33.25",
      "s" : "sell",
      "i" : "TRB_USD",
      "m" : "4611686018430174818"
    }, {
      "d" : "1756461195834181221",
      "t" : 1756461195834,
      "tn" : 1756461195834181221,
      "q" : "1.141",
      "p" : "33.27",
      "s" : "sell",
      "i" : "TRB_USD",
      "m" : "4611686018430174817"
    }, {
      "d" : "1756458109313090362",
      "t" : 1756458109313,
      "tn" : 1756458109313090362,
      "q" : "2.573",
      "p" : "33.01",
      "s" : "sell",
      "i" : "TRB_USD",
      "m" : "4611686018430174816"
    }, {
      "d" : "1756457045140298312",
      "t" : 1756457045140,
      "tn" : 1756457045140298311,
      "q" : "0.753",
      "p" : "33.38",
      "s" : "buy",
      "i" : "TRB_USD",
      "m" : "4611686018430174815"
    }, {
      "d" : "1756457045140298311",
      "t" : 1756457045140,
      "tn" : 1756457045140298311,
      "q" : "3.231",
      "p" : "33.38",
      "s" : "buy",
      "i" : "TRB_USD",
      "m" : "4611686018430174815"
    }, {
      "d" : "1756455851911259164",
      "t" : 1756455851911,
      "tn" : 1756455851911259164,
      "q" : "1.000",
      "p" : "33.26",
      "s" : "sell",
      "i" : "TRB_USD",
      "m" : "4611686018430174814"
    }, {
      "d" : "1756454321321519377",
      "t" : 1756454321321,
      "tn" : 1756454321321519377,
      "q" : "2.230",
      "p" : "33.53",
      "s" : "sell",
      "i" : "TRB_USD",
      "m" : "4611686018430174813"
    }, {
      "d" : "1756454321212708324",
      "t" : 1756454321212,
      "tn" : 1756454321212708324,
      "q" : "2.048",
      "p" : "33.56",
      "s" : "sell",
      "i" : "TRB_USD",
      "m" : "4611686018430174812"
    }, {
      "d" : "1756450968217060965",
      "t" : 1756450968217,
      "tn" : 1756450968217060965,
      "q" : "2.929",
      "p" : "34.13",
      "s" : "sell",
      "i" : "TRB_USD",
      "m" : "4611686018430174811"
    }, {
      "d" : "1756449816512465866",
      "t" : 1756449816512,
      "tn" : 1756449816512465865,
      "q" : "0.060",
      "p" : "34.61",
      "s" : "buy",
      "i" : "TRB_USD",
      "m" : "4611686018430174810"
    }, {
      "d" : "1756449816512465865",
      "t" : 1756449816512,
      "tn" : 1756449816512465865,
      "q" : "19.940",
      "p" : "34.61",
      "s" : "buy",
      "i" : "TRB_USD",
      "m" : "4611686018430174810"
    }, {
      "d" : "1756448279789008277",
      "t" : 1756448279789,
      "tn" : 1756448279789008277,
      "q" : "7.669",
      "p" : "34.55",
      "s" : "buy",
      "i" : "TRB_USD",
      "m" : "4611686018430174809"
    }, {
      "d" : "1756448279786610100",
      "t" : 1756448279786,
      "tn" : 1756448279786610100,
      "q" : "2.461",
      "p" : "34.55",
      "s" : "sell",
      "i" : "TRB_USD",
      "m" : "4611686018430174808"
    }, {
      "d" : "1756442931030666253",
      "t" : 1756442931030,
      "tn" : 1756442931030666253,
      "q" : "1.185",
      "p" : "35.03",
      "s" : "buy",
      "i" : "TRB_USD",
      "m" : "4611686018430174807"
    }, {
      "d" : "1756438495590052617",
      "t" : 1756438495590,
      "tn" : 1756438495590052617,
      "q" : "10.201",
      "p" : "34.79",
      "s" : "sell",
      "i" : "TRB_USD",
      "m" : "4611686018430174806"
    }, {
      "d" : "1756438495589283550",
      "t" : 1756438495589,
      "tn" : 1756438495589283550,
      "q" : "11.497",
      "p" : "34.79",
      "s" : "sell",
      "i" : "TRB_USD",
      "m" : "4611686018430174805"
    }, {
      "d" : "1756438495589023314",
      "t" : 1756438495589,
      "tn" : 1756438495589023314,
      "q" : "10.201",
      "p" : "34.79",
      "s" : "sell",
      "i" : "TRB_USD",
      "m" : "4611686018430174804"
    }, {
      "d" : "1756438495535649553",
      "t" : 1756438495535,
      "tn" : 1756438495535649553,
      "q" : "2.683",
      "p" : "34.79",
      "s" : "buy",
      "i" : "TRB_USD",
      "m" : "4611686018430174803"
    }, {
      "d" : "1756438492409644197",
      "t" : 1756438492409,
      "tn" : 1756438492409644197,
      "q" : "12.533",
      "p" : "34.79",
      "s" : "sell",
      "i" : "TRB_USD",
      "m" : "4611686018430174802"
    }, {
      "d" : "1756438492409483084",
      "t" : 1756438492409,
      "tn" : 1756438492409483084,
      "q" : "19.299",
      "p" : "34.79",
      "s" : "sell",
      "i" : "TRB_USD",
      "m" : "4611686018430174801"
    }, {
      "d" : "1756438492409476176",
      "t" : 1756438492409,
      "tn" : 1756438492409476176,
      "q" : "8.000",
      "p" : "34.79",
      "s" : "sell",
      "i" : "TRB_USD",
      "m" : "4611686018430174800"
    }, {
      "d" : "1756438492401733774",
      "t" : 1756438492401,
      "tn" : 1756438492401733774,
      "q" : "1.776",
      "p" : "34.79",
      "s" : "sell",
      "i" : "TRB_USD",
      "m" : "4611686018430174799"
    }, {
      "d" : "1756438492359274775",
      "t" : 1756438492359,
      "tn" : 1756438492359274775,
      "q" : "2.995",
      "p" : "34.79",
      "s" : "sell",
      "i" : "TRB_USD",
      "m" : "4611686018430174798"
    }, {
      "d" : "1756438492356631768",
      "t" : 1756438492356,
      "tn" : 1756438492356631768,
      "q" : "15.925",
      "p" : "34.79",
      "s" : "sell",
      "i" : "TRB_USD",
      "m" : "4611686018430174797"
    }, {
      "d" : "1756438492355733942",
      "t" : 1756438492355,
      "tn" : 1756438492355733942,
      "q" : "3.592",
      "p" : "34.79",
      "s" : "buy",
      "i" : "TRB_USD",
      "m" : "4611686018430174796"
    }, {
      "d" : "1756420609708619067",
      "t" : 1756420609708,
      "tn" : 1756420609708619067,
      "q" : "1.000",
      "p" : "34.91",
      "s" : "buy",
      "i" : "TRB_USD",
      "m" : "4611686018430174795"
    }, {
      "d" : "1756413926613980073",
      "t" : 1756413926613,
      "tn" : 1756413926613980073,
      "q" : "1.049",
      "p" : "34.35",
      "s" : "sell",
      "i" : "TRB_USD",
      "m" : "4611686018430174794"
    }, {
      "d" : "1756408245656971047",
      "t" : 1756408245656,
      "tn" : 1756408245656971047,
      "q" : "0.975",
      "p" : "34.53",
      "s" : "buy",
      "i" : "TRB_USD",
      "m" : "4611686018430174793"
    }, {
      "d" : "1756399610301003233",
      "t" : 1756399610301,
      "tn" : 1756399610301003233,
      "q" : "2.047",
      "p" : "34.31",
      "s" : "sell",
      "i" : "TRB_USD",
      "m" : "4611686018430174792"
    }, {
      "d" : "1756398595304188128",
      "t" : 1756398595304,
      "tn" : 1756398595304188128,
      "q" : "2.000",
      "p" : "34.60",
      "s" : "buy",
      "i" : "TRB_USD",
      "m" : "4611686018430174791"
    }, {
      "d" : "1756397852201528166",
      "t" : 1756397852201,
      "tn" : 1756397852201528166,
      "q" : "1.000",
      "p" : "34.54",
      "s" : "sell",
      "i" : "TRB_USD",
      "m" : "4611686018430174790"
    }, {
      "d" : "1756397837612004911",
      "t" : 1756397837612,
      "tn" : 1756397837612004911,
      "q" : "2.463",
      "p" : "34.55",
      "s" : "sell",
      "i" : "TRB_USD",
      "m" : "4611686018430174789"
    }, {
      "d" : "1756397477955622978",
      "t" : 1756397477955,
      "tn" : 1756397477955622978,
      "q" : "1.088",
      "p" : "34.54",
      "s" : "buy",
      "i" : "TRB_USD",
      "m" : "4611686018430174788"
    }, {
      "d" : "1756396421065510827",
      "t" : 1756396421065,
      "tn" : 1756396421065510827,
      "q" : "1.824",
      "p" : "34.39",
      "s" : "sell",
      "i" : "TRB_USD",
      "m" : "4611686018430174787"
    }, {
      "d" : "1756396421065509234",
      "t" : 1756396421065,
      "tn" : 1756396421065509234,
      "q" : "2.906",
      "p" : "34.40",
      "s" : "sell",
      "i" : "TRB_USD",
      "m" : "4611686018430174786"
    }, {
      "d" : "1756396091001153526",
      "t" : 1756396091001,
      "tn" : 1756396091001153526,
      "q" : "4.094",
      "p" : "34.45",
      "s" : "sell",
      "i" : "TRB_USD",
      "m" : "4611686018430174785"
    }, {
      "d" : "1756396091001151224",
      "t" : 1756396091001,
      "tn" : 1756396091001151224,
      "q" : "2.901",
      "p" : "34.46",
      "s" : "sell",
      "i" : "TRB_USD",
      "m" : "4611686018430174784"
    }, {
      "d" : "1756393844586248517",
      "t" : 1756393844586,
      "tn" : 1756393844586248517,
      "q" : "0.362",
      "p" : "35.32",
      "s" : "buy",
      "i" : "TRB_USD",
      "m" : "4611686018430174783"
    }, {
      "d" : "1756393497860956291",
      "t" : 1756393497860,
      "tn" : 1756393497860956291,
      "q" : "4.742",
      "p" : "35.32",
      "s" : "buy",
      "i" : "TRB_USD",
      "m" : "4611686018430174782"
    }, {
      "d" : "1756393349644537272",
      "t" : 1756393349644,
      "tn" : 1756393349644537272,
      "q" : "13.900",
      "p" : "35.38",
      "s" : "sell",
      "i" : "TRB_USD",
      "m" : "4611686018430174781"
    }, {
      "d" : "1756391384936328504",
      "t" : 1756391384936,
      "tn" : 1756391384936328504,
      "q" : "1.276",
      "p" : "34.80",
      "s" : "buy",
      "i" : "TRB_USD",
      "m" : "4611686018430174780"
    }, {
      "d" : "1756390499568102555",
      "t" : 1756390499568,
      "tn" : 1756390499568102555,
      "q" : "3.603",
      "p" : "34.69",
      "s" : "buy",
      "i" : "TRB_USD",
      "m" : "4611686018430174779"
    }, {
      "d" : "1756386416633553551",
      "t" : 1756386416633,
      "tn" : 1756386416633553551,
      "q" : "5.952",
      "p" : "34.40",
      "s" : "sell",
      "i" : "TRB_USD",
      "m" : "4611686018430174778"
    }, {
      "d" : "1756386416630378024",
      "t" : 1756386416630,
      "tn" : 1756386416630378024,
      "q" : "3.633",
      "p" : "34.40",
      "s" : "buy",
      "i" : "TRB_USD",
      "m" : "4611686018430174777"
    }, {
      "d" : "1756385863038704015",
      "t" : 1756385863038,
      "tn" : 1756385863038704015,
      "q" : "0.933",
      "p" : "34.32",
      "s" : "sell",
      "i" : "TRB_USD",
      "m" : "4611686018430174776"
    }, {
      "d" : "1756384196984981618",
      "t" : 1756384196984,
      "tn" : 1756384196984981618,
      "q" : "2.035",
      "p" : "34.23",
      "s" : "sell",
      "i" : "TRB_USD",
      "m" : "4611686018430174775"
    }, {
      "d" : "1756383129882501255",
      "t" : 1756383129882,
      "tn" : 1756383129882501255,
      "q" : "2.475",
      "p" : "34.33",
      "s" : "sell",
      "i" : "TRB_USD",
      "m" : "4611686018430174774"
    }, {
      "d" : "1756383118697061567",
      "t" : 1756383118697,
      "tn" : 1756383118697061567,
      "q" : "2.541",
      "p" : "34.33",
      "s" : "buy",
      "i" : "TRB_USD",
      "m" : "4611686018430174773"
    }, {
      "d" : "1756383118691431915",
      "t" : 1756383118691,
      "tn" : 1756383118691431915,
      "q" : "2.159",
      "p" : "34.33",
      "s" : "sell",
      "i" : "TRB_USD",
      "m" : "4611686018430174772"
    } ]
  }
}