{
  "id" : -1,
  "method" : "public/get-trades",
  "code" : 0,
  "result" : {
    "data" : [ {
      "d" : "1756455103831881652",
      "t" : 1756455103831,
      "tn" : 1756455103831881652,
      "q" : "0.01",
      "p" : "33.38",
      "s" : "sell",
      "i" : "TRBUSD-PERP",
      "m" : "4611686018428887519"
    }, {
      "d" : "1756445029615645496",
      "t" : 1756445029615,
      "tn" : 1756445029615645495,
      "q" : "0.59",
      "p" : "34.91",
      "s" : "sell",
      "i" : "TRBUSD-PERP",
      "m" : "4611686018428887518"
    }, {
      "d" : "1756445029615645495",
      "t" : 1756445029615,
      "tn" : 1756445029615645495,
      "q" : "0.01",
      "p" : "34.91",
      "s" : "sell",
      "i" : "TRBUSD-PERP",
      "m" : "4611686018428887518"
    }, {
      "d" : "1756438492367215880",
      "t" : 1756438492367,
      "tn" : 1756438492367215880,
      "q" : "0.01",
      "p" : "34.73",
      "s" : "buy",
      "i" : "TRBUSD-PERP",
      "m" : "4611686018428887517"
    }, {
      "d" : "1756421963559663077",
      "t" : 1756421963559,
      "tn" : 1756421963559663076,
      "q" : "1.48",
      "p" : "34.89",
      "s" : "sell",
      "i" : "TRBUSD-PERP",
      "m" : "4611686018428887516"
    }, {
      "d" : "1756421963559663076",
      "t" : 1756421963559,
      "tn" : 1756421963559663076,
      "q" : "0.01",
      "p" : "34.89",
      "s" : "sell",
      "i" : "TRBUSD-PERP",
      "m" : "4611686018428887516"
    }, {
      "d" : "1756421761376835501",
      "t" : 1756421761376,
      "tn" : 1756421761376835500,
      "q" : "1.39",
      "p" : "34.85",
      "s" : "sell",
      "i" : "TRBUSD-PERP",
      "m" : "4611686018428887515"
    }, {
      "d" : "1756421761376835500",
      "t" : 1756421761376,
      "tn" : 1756421761376835500,
      "q" : "0.01",
      "p" : "34.85",
      "s" : "sell",
      "i" : "TRBUSD-PERP",
      "m" : "4611686018428887515"
    }, {
      "d" : "1756417119255808155",
      "t" : 1756417119255,
      "tn" : 1756417119255808155,
      "q" : "0.01",
      "p" : "34.61",
      "s" : "sell",
      "i" : "TRBUSD-PERP",
      "m" : "4611686018428887514"
    }, {
      "d" : "1756411506971261409",
      "t" : 1756411506971,
      "tn" : 1756411506971261407,
      "q" : "1.29",
      "p" : "34.11",
      "s" : "sell",
      "i" : "TRBUSD-PERP",
      "m" : "4611686018428887513"
    }, {
      "d" : "1756411506971261408",
      "t" : 1756411506971,
      "tn" : 1756411506971261407,
      "q" : "0.01",
      "p" : "34.11",
      "s" : "sell",
      "i" : "TRBUSD-PERP",
      "m" : "4611686018428887513"
    }, {
      "d" : "1756411506971261407",
      "t" : 1756411506971,
      "tn" : 1756411506971261407,
      "q" : "0.01",
      "p" : "34.11",
      "s" : "sell",
      "i" : "TRBUSD-PERP",
      "m" : "4611686018428887513"
    }, {
      "d" : "1756411456077680766",
      "t" : 1756411456077,
      "tn" : 1756411456077680765,
      "q" : "2.69",
      "p" : "34.11",
      "s" : "sell",
      "i" : "TRBUSD-PERP",
      "m" : "4611686018428887512"
    }, {
      "d" : "1756411456077680765",
      "t" : 1756411456077,
      "tn" : 1756411456077680765,
      "q" : "0.01",
      "p" : "34.11",
      "s" : "sell",
      "i" : "TRBUSD-PERP",
      "m" : "4611686018428887512"
    } ]
  }
}