{
  "id" : -1,
  "method" : "public/get-trades",
  "code" : 0,
  "result" : {
    "data" : [ {
      "d" : "1756452307248798485",
      "t" : 1756452307248,
      "tn" : 1756452307248798485,
      "q" : "2527",
      "p" : "0.030383",
      "s" : "buy",
      "i" : "TRU_USD",
      "m" : "4611686018430048541"
    }, {
      "d" : "1756452307247697782",
      "t" : 1756452307247,
      "tn" : 1756452307247697782,
      "q" : "2962",
      "p" : "0.030383",
      "s" : "buy",
      "i" : "TRU_USD",
      "m" : "4611686018430048540"
    }, {
      "d" : "1756452307247665079",
      "t" : 1756452307247,
      "tn" : 1756452307247665079,
      "q" : "2962",
      "p" : "0.030383",
      "s" : "buy",
      "i" : "TRU_USD",
      "m" : "4611686018430048539"
    }, {
      "d" : "1756452307247662622",
      "t" : 1756452307247,
      "tn" : 1756452307247662622,
      "q" : "658",
      "p" : "0.030383",
      "s" : "buy",
      "i" : "TRU_USD",
      "m" : "4611686018430048538"
    }, {
      "d" : "1756452307243903940",
      "t" : 1756452307243,
      "tn" : 1756452307243903940,
      "q" : "3291",
      "p" : "0.030383",
      "s" : "sell",
      "i" : "TRU_USD",
      "m" : "4611686018430048537"
    }, {
      "d" : "1756446756321681056",
      "t" : 1756446756321,
      "tn" : 1756446756321681056,
      "q" : "3939",
      "p" : "0.032058",
      "s" : "sell",
      "i" : "TRU_USD",
      "m" : "4611686018430048536"
    }, {
      "d" : "1756444120139426325",
      "t" : 1756444120139,
      "tn" : 1756444120139426325,
      "q" : "925",
      "p" : "0.032052",
      "s" : "sell",
      "i" : "TRU_USD",
      "m" : "4611686018430048535"
    }, {
      "d" : "1756435737014106722",
      "t" : 1756435737014,
      "tn" : 1756435737014106722,
      "q" : "58",
      "p" : "0.032120",
      "s" : "buy",
      "i" : "TRU_USD",
      "m" : "4611686018430048534"
    }, {
      "d" : "1756432690711784165",
      "t" : 1756432690711,
      "tn" : 1756432690711784165,
      "q" : "1585",
      "p" : "0.031462",
      "s" : "buy",
      "i" : "TRU_USD",
      "m" : "4611686018430048533"
    }, {
      "d" : "1756429333415888662",
      "t" : 1756429333415,
      "tn" : 1756429333415888662,
      "q" : "22838",
      "p" : "0.032350",
      "s" : "sell",
      "i" : "TRU_USD",
      "m" : "4611686018430048532"
    }, {
      "d" : "1756429333411513492",
      "t" : 1756429333411,
      "tn" : 1756429333411513492,
      "q" : "3863",
      "p" : "0.032350",
      "s" : "buy",
      "i" : "TRU_USD",
      "m" : "4611686018430048531"
    }, {
      "d" : "1756418247647346133",
      "t" : 1756418247647,
      "tn" : 1756418247647346133,
      "q" : "200",
      "p" : "0.031527",
      "s" : "buy",
      "i" : "TRU_USD",
      "m" : "4611686018430048530"
    }, {
      "d" : "1756411775528268995",
      "t" : 1756411775528,
      "tn" : 1756411775528268995,
      "q" : "1078",
      "p" : "0.031002",
      "s" : "buy",
      "i" : "TRU_USD",
      "m" : "4611686018430048529"
    }, {
      "d" : "1756411775523827117",
      "t" : 1756411775523,
      "tn" : 1756411775523827117,
      "q" : "822",
      "p" : "0.031002",
      "s" : "sell",
      "i" : "TRU_USD",
      "m" : "4611686018430048528"
    }, {
      "d" : "1756405234536123524",
      "t" : 1756405234536,
      "tn" : 1756405234536123524,
      "q" : "1936",
      "p" : "0.031309",
      "s" : "buy",
      "i" : "TRU_USD",
      "m" : "4611686018430048527"
    }, {
      "d" : "1756403345898329714",
      "t" : 1756403345898,
      "tn" : 1756403345898329714,
      "q" : "409",
      "p" : "0.031252",
      "s" : "buy",
      "i" : "TRU_USD",
      "m" : "4611686018430048526"
    }, {
      "d" : "1756398837851278720",
      "t" : 1756398837851,
      "tn" : 1756398837851278720,
      "q" : "41",
      "p" : "0.031996",
      "s" : "buy",
      "i" : "TRU_USD",
      "m" : "4611686018430048525"
    }, {
      "d" : "1756398837835198930",
      "t" : 1756398837835,
      "tn" : 1756398837835198930,
      "q" : "630",
      "p" : "0.031996",
      "s" : "buy",
      "i" : "TRU_USD",
      "m" : "4611686018430048524"
    }, {
      "d" : "1756398837821403396",
      "t" : 1756398837821,
      "tn" : 1756398837821403396,
      "q" : "630",
      "p" : "0.031995",
      "s" : "buy",
      "i" : "TRU_USD",
      "m" : "4611686018430048523"
    }, {
      "d" : "1756398755257930574",
      "t" : 1756398755257,
      "tn" : 1756398755257930574,
      "q" : "23102",
      "p" : "0.031778",
      "s" : "sell",
      "i" : "TRU_USD",
      "m" : "4611686018430048522"
    }, {
      "d" : "1756398755257928146",
      "t" : 1756398755257,
      "tn" : 1756398755257928146,
      "q" : "1139",
      "p" : "0.031779",
      "s" : "sell",
      "i" : "TRU_USD",
      "m" : "4611686018430048521"
    }, {
      "d" : "1756398755257925508",
      "t" : 1756398755257,
      "tn" : 1756398755257925508,
      "q" : "449",
      "p" : "0.031780",
      "s" : "sell",
      "i" : "TRU_USD",
      "m" : "4611686018430048520"
    }, {
      "d" : "1756398755255976574",
      "t" : 1756398755255,
      "tn" : 1756398755255976574,
      "q" : "222",
      "p" : "0.031780",
      "s" : "sell",
      "i" : "TRU_USD",
      "m" : "4611686018430048519"
    }, {
      "d" : "1756397569757988977",
      "t" : 1756397569757,
      "tn" : 1756397569757988977,
      "q" : "380",
      "p" : "0.031759",
      "s" : "sell",
      "i" : "TRU_USD",
      "m" : "4611686018430048518"
    }, {
      "d" : "1756397569757986874",
      "t" : 1756397569757,
      "tn" : 1756397569757986874,
      "q" : "2464",
      "p" : "0.031760",
      "s" : "sell",
      "i" : "TRU_USD",
      "m" : "4611686018430048517"
    }, {
      "d" : "1756392179496230242",
      "t" : 1756392179496,
      "tn" : 1756392179496230242,
      "q" : "80",
      "p" : "0.031961",
      "s" : "sell",
      "i" : "TRU_USD",
      "m" : "4611686018430048516"
    } ]
  }
}