{
  "id" : -1,
  "method" : "public/get-trades",
  "code" : 0,
  "result" : {
    "data" : [ {
      "d" : "1756462734330272369",
      "t" : 1756462734330,
      "tn" : 1756462734330272369,
      "q" : "0.1",
      "p" : "8.360",
      "s" : "buy",
      "i" : "TRUMPUSD-PERP",
      "m" : "4611686018428193762"
    }, {
      "d" : "1756462734220115383",
      "t" : 1756462734220,
      "tn" : 1756462734220115383,
      "q" : "0.1",
      "p" : "8.360",
      "s" : "buy",
      "i" : "TRUMPUSD-PERP",
      "m" : "4611686018428193761"
    }, {
      "d" : "1756462734109336231",
      "t" : 1756462734109,
      "tn" : 1756462734109336231,
      "q" : "0.1",
      "p" : "8.360",
      "s" : "buy",
      "i" : "TRUMPUSD-PERP",
      "m" : "4611686018428193760"
    }, {
      "d" : "1756462733997537898",
      "t" : 1756462733997,
      "tn" : 1756462733997537898,
      "q" : "0.1",
      "p" : "8.360",
      "s" : "buy",
      "i" : "TRUMPUSD-PERP",
      "m" : "4611686018428193759"
    }, {
      "d" : "1756462681066113356",
      "t" : 1756462681066,
      "tn" : 1756462681066113356,
      "q" : "0.1",
      "p" : "8.358",
      "s" : "buy",
      "i" : "TRUMPUSD-PERP",
      "m" : "4611686018428193758"
    }, {
      "d" : "1756462680109695787",
      "t" : 1756462680109,
      "tn" : 1756462680109695787,
      "q" : "0.1",
      "p" : "8.357",
      "s" : "buy",
      "i" : "TRUMPUSD-PERP",
      "m" : "4611686018428193757"
    }, {
      "d" : "1756462679158247222",
      "t" : 1756462679158,
      "tn" : 1756462679158247222,
      "q" : "0.1",
      "p" : "8.356",
      "s" : "sell",
      "i" : "TRUMPUSD-PERP",
      "m" : "4611686018428193756"
    }, {
      "d" : "1756462678974674397",
      "t" : 1756462678974,
      "tn" : 1756462678974674396,
      "q" : "4.4",
      "p" : "8.356",
      "s" : "sell",
      "i" : "TRUMPUSD-PERP",
      "m" : "4611686018428193755"
    }, {
      "d" : "1756462678974674396",
      "t" : 1756462678974,
      "tn" : 1756462678974674396,
      "q" : "29.9",
      "p" : "8.356",
      "s" : "sell",
      "i" : "TRUMPUSD-PERP",
      "m" : "4611686018428193755"
    }, {
      "d" : "1756462669102230964",
      "t" : 1756462669102,
      "tn" : 1756462669102230964,
      "q" : "0.1",
      "p" : "8.355",
      "s" : "sell",
      "i" : "TRUMPUSD-PERP",
      "m" : "4611686018428193754"
    }, {
      "d" : "1756462668914753851",
      "t" : 1756462668914,
      "tn" : 1756462668914753850,
      "q" : "4.4",
      "p" : "8.356",
      "s" : "sell",
      "i" : "TRUMPUSD-PERP",
      "m" : "4611686018428193753"
    }, {
      "d" : "1756462668914753850",
      "t" : 1756462668914,
      "tn" : 1756462668914753850,
      "q" : "29.9",
      "p" : "8.356",
      "s" : "sell",
      "i" : "TRUMPUSD-PERP",
      "m" : "4611686018428193753"
    }, {
      "d" : "1756462661177348362",
      "t" : 1756462661177,
      "tn" : 1756462661177348360,
      "q" : "5.0",
      "p" : "8.352",
      "s" : "sell",
      "i" : "TRUMPUSD-PERP",
      "m" : "4611686018428193752"
    }, {
      "d" : "1756462661177348361",
      "t" : 1756462661177,
      "tn" : 1756462661177348360,
      "q" : "0.1",
      "p" : "8.352",
      "s" : "sell",
      "i" : "TRUMPUSD-PERP",
      "m" : "4611686018428193752"
    }, {
      "d" : "1756462661177348360",
      "t" : 1756462661177,
      "tn" : 1756462661177348360,
      "q" : "29.9",
      "p" : "8.352",
      "s" : "sell",
      "i" : "TRUMPUSD-PERP",
      "m" : "4611686018428193752"
    }, {
      "d" : "1756462661177344112",
      "t" : 1756462661177,
      "tn" : 1756462661177344112,
      "q" : "5.0",
      "p" : "8.353",
      "s" : "sell",
      "i" : "TRUMPUSD-PERP",
      "m" : "4611686018428193751"
    }, {
      "d" : "1756462661177341302",
      "t" : 1756462661177,
      "tn" : 1756462661177341301,
      "q" : "4.4",
      "p" : "8.354",
      "s" : "sell",
      "i" : "TRUMPUSD-PERP",
      "m" : "4611686018428193750"
    }, {
      "d" : "1756462661177341301",
      "t" : 1756462661177,
      "tn" : 1756462661177341301,
      "q" : "0.1",
      "p" : "8.354",
      "s" : "sell",
      "i" : "TRUMPUSD-PERP",
      "m" : "4611686018428193750"
    }, {
      "d" : "1756462659082232534",
      "t" : 1756462659082,
      "tn" : 1756462659082232534,
      "q" : "0.1",
      "p" : "8.355",
      "s" : "sell",
      "i" : "TRUMPUSD-PERP",
      "m" : "4611686018428193749"
    }, {
      "d" : "1756462658882173349",
      "t" : 1756462658882,
      "tn" : 1756462658882173349,
      "q" : "0.1",
      "p" : "8.355",
      "s" : "sell",
      "i" : "TRUMPUSD-PERP",
      "m" : "4611686018428193748"
    }, {
      "d" : "1756462651145946455",
      "t" : 1756462651145,
      "tn" : 1756462651145946454,
      "q" : "29.9",
      "p" : "8.354",
      "s" : "sell",
      "i" : "TRUMPUSD-PERP",
      "m" : "4611686018428193747"
    }, {
      "d" : "1756462651145946454",
      "t" : 1756462651145,
      "tn" : 1756462651145946454,
      "q" : "0.1",
      "p" : "8.354",
      "s" : "sell",
      "i" : "TRUMPUSD-PERP",
      "m" : "4611686018428193747"
    }, {
      "d" : "1756462614390472684",
      "t" : 1756462614390,
      "tn" : 1756462614390472684,
      "q" : "0.1",
      "p" : "8.351",
      "s" : "buy",
      "i" : "TRUMPUSD-PERP",
      "m" : "4611686018428193746"
    }, {
      "d" : "1756462614280394006",
      "t" : 1756462614280,
      "tn" : 1756462614280394006,
      "q" : "0.1",
      "p" : "8.351",
      "s" : "buy",
      "i" : "TRUMPUSD-PERP",
      "m" : "4611686018428193745"
    }, {
      "d" : "1756462609876690168",
      "t" : 1756462609876,
      "tn" : 1756462609876690168,
      "q" : "0.1",
      "p" : "8.351",
      "s" : "buy",
      "i" : "TRUMPUSD-PERP",
      "m" : "4611686018428193744"
    }, {
      "d" : "1756462582453028407",
      "t" : 1756462582453,
      "tn" : 1756462582453028407,
      "q" : "0.1",
      "p" : "8.356",
      "s" : "sell",
      "i" : "TRUMPUSD-PERP",
      "m" : "4611686018428193743"
    }, {
      "d" : "1756462582268962098",
      "t" : 1756462582268,
      "tn" : 1756462582268962098,
      "q" : "0.1",
      "p" : "8.356",
      "s" : "sell",
      "i" : "TRUMPUSD-PERP",
      "m" : "4611686018428193742"
    }, {
      "d" : "1756462581717849759",
      "t" : 1756462581717,
      "tn" : 1756462581717849759,
      "q" : "0.1",
      "p" : "8.356",
      "s" : "sell",
      "i" : "TRUMPUSD-PERP",
      "m" : "4611686018428193741"
    }, {
      "d" : "1756462567490895409",
      "t" : 1756462567490,
      "tn" : 1756462567490895409,
      "q" : "0.1",
      "p" : "8.360",
      "s" : "buy",
      "i" : "TRUMPUSD-PERP",
      "m" : "4611686018428193740"
    }, {
      "d" : "1756462567380751298",
      "t" : 1756462567380,
      "tn" : 1756462567380751298,
      "q" : "0.1",
      "p" : "8.360",
      "s" : "buy",
      "i" : "TRUMPUSD-PERP",
      "m" : "4611686018428193739"
    }, {
      "d" : "1756462500487712066",
      "t" : 1756462500487,
      "tn" : 1756462500487712066,
      "q" : "0.1",
      "p" : "8.365",
      "s" : "buy",
      "i" : "TRUMPUSD-PERP",
      "m" : "4611686018428193738"
    }, {
      "d" : "1756462457908789131",
      "t" : 1756462457908,
      "tn" : 1756462457908789131,
      "q" : "0.1",
      "p" : "8.358",
      "s" : "buy",
      "i" : "TRUMPUSD-PERP",
      "m" : "4611686018428193737"
    }, {
      "d" : "1756462457800366667",
      "t" : 1756462457800,
      "tn" : 1756462457800366667,
      "q" : "0.1",
      "p" : "8.358",
      "s" : "buy",
      "i" : "TRUMPUSD-PERP",
      "m" : "4611686018428193736"
    }, {
      "d" : "1756462431913282709",
      "t" : 1756462431913,
      "tn" : 1756462431913282709,
      "q" : "5.0",
      "p" : "8.362",
      "s" : "sell",
      "i" : "TRUMPUSD-PERP",
      "m" : "4611686018428193735"
    }, {
      "d" : "1756462392402588843",
      "t" : 1756462392402,
      "tn" : 1756462392402588843,
      "q" : "31.0",
      "p" : "8.367",
      "s" : "sell",
      "i" : "TRUMPUSD-PERP",
      "m" : "4611686018428193734"
    }, {
      "d" : "1756462392402577861",
      "t" : 1756462392402,
      "tn" : 1756462392402577861,
      "q" : "62.1",
      "p" : "8.367",
      "s" : "sell",
      "i" : "TRUMPUSD-PERP",
      "m" : "4611686018428193733"
    }, {
      "d" : "1756462392399720433",
      "t" : 1756462392399,
      "tn" : 1756462392399720433,
      "q" : "292.5",
      "p" : "8.368",
      "s" : "sell",
      "i" : "TRUMPUSD-PERP",
      "m" : "4611686018428193732"
    }, {
      "d" : "1756462392399620319",
      "t" : 1756462392399,
      "tn" : 1756462392399620318,
      "q" : "59.7",
      "p" : "8.369",
      "s" : "sell",
      "i" : "TRUMPUSD-PERP",
      "m" : "4611686018428193731"
    }, {
      "d" : "1756462392399620318",
      "t" : 1756462392399,
      "tn" : 1756462392399620318,
      "q" : "11.9",
      "p" : "8.369",
      "s" : "sell",
      "i" : "TRUMPUSD-PERP",
      "m" : "4611686018428193731"
    }, {
      "d" : "1756462392399617050",
      "t" : 1756462392399,
      "tn" : 1756462392399617049,
      "q" : "5.0",
      "p" : "8.370",
      "s" : "sell",
      "i" : "TRUMPUSD-PERP",
      "m" : "4611686018428193730"
    }, {
      "d" : "1756462392399617049",
      "t" : 1756462392399,
      "tn" : 1756462392399617049,
      "q" : "0.1",
      "p" : "8.370",
      "s" : "sell",
      "i" : "TRUMPUSD-PERP",
      "m" : "4611686018428193730"
    }, {
      "d" : "1756462392399613947",
      "t" : 1756462392399,
      "tn" : 1756462392399613947,
      "q" : "5.0",
      "p" : "8.371",
      "s" : "sell",
      "i" : "TRUMPUSD-PERP",
      "m" : "4611686018428193729"
    }, {
      "d" : "1756462392399522422",
      "t" : 1756462392399,
      "tn" : 1756462392399522421,
      "q" : "0.1",
      "p" : "8.372",
      "s" : "sell",
      "i" : "TRUMPUSD-PERP",
      "m" : "4611686018428193728"
    }, {
      "d" : "1756462392399522421",
      "t" : 1756462392399,
      "tn" : 1756462392399522421,
      "q" : "5.0",
      "p" : "8.372",
      "s" : "sell",
      "i" : "TRUMPUSD-PERP",
      "m" : "4611686018428193728"
    }, {
      "d" : "1756462392399368964",
      "t" : 1756462392399,
      "tn" : 1756462392399368964,
      "q" : "5.0",
      "p" : "8.373",
      "s" : "sell",
      "i" : "TRUMPUSD-PERP",
      "m" : "4611686018428193727"
    }, {
      "d" : "1756462385197662033",
      "t" : 1756462385197,
      "tn" : 1756462385197662033,
      "q" : "29.8",
      "p" : "8.375",
      "s" : "sell",
      "i" : "TRUMPUSD-PERP",
      "m" : "4611686018428193726"
    }, {
      "d" : "1756462357950846315",
      "t" : 1756462357950,
      "tn" : 1756462357950846313,
      "q" : "29.8",
      "p" : "8.375",
      "s" : "sell",
      "i" : "TRUMPUSD-PERP",
      "m" : "4611686018428193725"
    }, {
      "d" : "1756462357950846314",
      "t" : 1756462357950,
      "tn" : 1756462357950846313,
      "q" : "4.4",
      "p" : "8.375",
      "s" : "sell",
      "i" : "TRUMPUSD-PERP",
      "m" : "4611686018428193725"
    }, {
      "d" : "1756462357950846313",
      "t" : 1756462357950,
      "tn" : 1756462357950846313,
      "q" : "0.1",
      "p" : "8.375",
      "s" : "sell",
      "i" : "TRUMPUSD-PERP",
      "m" : "4611686018428193725"
    }, {
      "d" : "1756462347906326947",
      "t" : 1756462347906,
      "tn" : 1756462347906326945,
      "q" : "4.4",
      "p" : "8.375",
      "s" : "sell",
      "i" : "TRUMPUSD-PERP",
      "m" : "4611686018428193724"
    }, {
      "d" : "1756462337820141669",
      "t" : 1756462337820,
      "tn" : 1756462337820141669,
      "q" : "0.1",
      "p" : "8.374",
      "s" : "sell",
      "i" : "TRUMPUSD-PERP",
      "m" : "4611686018428193723"
    }, {
      "d" : "1756462327760869765",
      "t" : 1756462327760,
      "tn" : 1756462327760869765,
      "q" : "0.1",
      "p" : "8.374",
      "s" : "sell",
      "i" : "TRUMPUSD-PERP",
      "m" : "4611686018428193722"
    }, {
      "d" : "1756461970815875832",
      "t" : 1756461970815,
      "tn" : 1756461970815875832,
      "q" : "0.1",
      "p" : "8.360",
      "s" : "buy",
      "i" : "TRUMPUSD-PERP",
      "m" : "4611686018428193721"
    }, {
      "d" : "1756461949153944559",
      "t" : 1756461949153,
      "tn" : 1756461949153944559,
      "q" : "0.1",
      "p" : "8.359",
      "s" : "buy",
      "i" : "TRUMPUSD-PERP",
      "m" : "4611686018428193720"
    }, {
      "d" : "1756461943023952617",
      "t" : 1756461943023,
      "tn" : 1756461943023952617,
      "q" : "29.9",
      "p" : "8.357",
      "s" : "sell",
      "i" : "TRUMPUSD-PERP",
      "m" : "4611686018428193719"
    }, {
      "d" : "1756461943023950172",
      "t" : 1756461943023,
      "tn" : 1756461943023950172,
      "q" : "0.1",
      "p" : "8.358",
      "s" : "sell",
      "i" : "TRUMPUSD-PERP",
      "m" : "4611686018428193718"
    }, {
      "d" : "1756461941863924346",
      "t" : 1756461941863,
      "tn" : 1756461941863924346,
      "q" : "0.1",
      "p" : "8.357",
      "s" : "sell",
      "i" : "TRUMPUSD-PERP",
      "m" : "4611686018428193717"
    }, {
      "d" : "1756461932709070174",
      "t" : 1756461932709,
      "tn" : 1756461932709070174,
      "q" : "29.9",
      "p" : "8.357",
      "s" : "sell",
      "i" : "TRUMPUSD-PERP",
      "m" : "4611686018428193716"
    }, {
      "d" : "1756461931776531900",
      "t" : 1756461931776,
      "tn" : 1756461931776531900,
      "q" : "0.1",
      "p" : "8.356",
      "s" : "sell",
      "i" : "TRUMPUSD-PERP",
      "m" : "4611686018428193715"
    }, {
      "d" : "1756461723397900308",
      "t" : 1756461723397,
      "tn" : 1756461723397900307,
      "q" : "0.1",
      "p" : "8.350",
      "s" : "buy",
      "i" : "TRUMPUSD-PERP",
      "m" : "4611686018428193714"
    }, {
      "d" : "1756461723397900307",
      "t" : 1756461723397,
      "tn" : 1756461723397900307,
      "q" : "5.0",
      "p" : "8.350",
      "s" : "buy",
      "i" : "TRUMPUSD-PERP",
      "m" : "4611686018428193714"
    }, {
      "d" : "1756461723397897282",
      "t" : 1756461723397,
      "tn" : 1756461723397897282,
      "q" : "0.1",
      "p" : "8.349",
      "s" : "buy",
      "i" : "TRUMPUSD-PERP",
      "m" : "4611686018428193713"
    }, {
      "d" : "1756461722359247825",
      "t" : 1756461722359,
      "tn" : 1756461722359247825,
      "q" : "0.1",
      "p" : "8.347",
      "s" : "sell",
      "i" : "TRUMPUSD-PERP",
      "m" : "4611686018428193712"
    }, {
      "d" : "1756461714761010543",
      "t" : 1756461714761,
      "tn" : 1756461714761010542,
      "q" : "29.9",
      "p" : "8.346",
      "s" : "sell",
      "i" : "TRUMPUSD-PERP",
      "m" : "4611686018428193711"
    }, {
      "d" : "1756461714761010542",
      "t" : 1756461714761,
      "tn" : 1756461714761010542,
      "q" : "0.1",
      "p" : "8.346",
      "s" : "sell",
      "i" : "TRUMPUSD-PERP",
      "m" : "4611686018428193711"
    }, {
      "d" : "1756461709226787853",
      "t" : 1756461709226,
      "tn" : 1756461709226787853,
      "q" : "29.9",
      "p" : "8.346",
      "s" : "sell",
      "i" : "TRUMPUSD-PERP",
      "m" : "4611686018428193710"
    }, {
      "d" : "1756461480716320610",
      "t" : 1756461480716,
      "tn" : 1756461480716320610,
      "q" : "29.9",
      "p" : "8.345",
      "s" : "sell",
      "i" : "TRUMPUSD-PERP",
      "m" : "4611686018428193709"
    }, {
      "d" : "1756461469949963983",
      "t" : 1756461469949,
      "tn" : 1756461469949963982,
      "q" : "0.1",
      "p" : "8.346",
      "s" : "sell",
      "i" : "TRUMPUSD-PERP",
      "m" : "4611686018428193708"
    }, {
      "d" : "1756461469949963982",
      "t" : 1756461469949,
      "tn" : 1756461469949963982,
      "q" : "29.9",
      "p" : "8.346",
      "s" : "sell",
      "i" : "TRUMPUSD-PERP",
      "m" : "4611686018428193708"
    }, {
      "d" : "1756461461139110844",
      "t" : 1756461461139,
      "tn" : 1756461461139110842,
      "q" : "4.4",
      "p" : "8.346",
      "s" : "sell",
      "i" : "TRUMPUSD-PERP",
      "m" : "4611686018428193707"
    }, {
      "d" : "1756461461139110843",
      "t" : 1756461461139,
      "tn" : 1756461461139110842,
      "q" : "29.9",
      "p" : "8.346",
      "s" : "sell",
      "i" : "TRUMPUSD-PERP",
      "m" : "4611686018428193707"
    }, {
      "d" : "1756461461139110842",
      "t" : 1756461461139,
      "tn" : 1756461461139110842,
      "q" : "0.1",
      "p" : "8.346",
      "s" : "sell",
      "i" : "TRUMPUSD-PERP",
      "m" : "4611686018428193707"
    }, {
      "d" : "1756461449369415870",
      "t" : 1756461449369,
      "tn" : 1756461449369415870,
      "q" : "0.1",
      "p" : "8.346",
      "s" : "sell",
      "i" : "TRUMPUSD-PERP",
      "m" : "4611686018428193706"
    }, {
      "d" : "1756461449369413578",
      "t" : 1756461449369,
      "tn" : 1756461449369413578,
      "q" : "29.9",
      "p" : "8.347",
      "s" : "sell",
      "i" : "TRUMPUSD-PERP",
      "m" : "4611686018428193705"
    }, {
      "d" : "1756461441774955760",
      "t" : 1756461441774,
      "tn" : 1756461441774955760,
      "q" : "0.1",
      "p" : "8.348",
      "s" : "buy",
      "i" : "TRUMPUSD-PERP",
      "m" : "4611686018428193704"
    }, {
      "d" : "1756461441042715069",
      "t" : 1756461441042,
      "tn" : 1756461441042715069,
      "q" : "0.1",
      "p" : "8.346",
      "s" : "sell",
      "i" : "TRUMPUSD-PERP",
      "m" : "4611686018428193703"
    }, {
      "d" : "1756461440639701962",
      "t" : 1756461440639,
      "tn" : 1756461440639701962,
      "q" : "0.1",
      "p" : "8.346",
      "s" : "buy",
      "i" : "TRUMPUSD-PERP",
      "m" : "4611686018428193702"
    }, {
      "d" : "1756461440531981686",
      "t" : 1756461440531,
      "tn" : 1756461440531981686,
      "q" : "0.1",
      "p" : "8.346",
      "s" : "buy",
      "i" : "TRUMPUSD-PERP",
      "m" : "4611686018428193701"
    }, {
      "d" : "1756461439327162579",
      "t" : 1756461439327,
      "tn" : 1756461439327162577,
      "q" : "4.4",
      "p" : "8.345",
      "s" : "sell",
      "i" : "TRUMPUSD-PERP",
      "m" : "4611686018428193700"
    }, {
      "d" : "1756461439327162578",
      "t" : 1756461439327,
      "tn" : 1756461439327162577,
      "q" : "29.9",
      "p" : "8.345",
      "s" : "sell",
      "i" : "TRUMPUSD-PERP",
      "m" : "4611686018428193700"
    }, {
      "d" : "1756461439327162577",
      "t" : 1756461439327,
      "tn" : 1756461439327162577,
      "q" : "0.1",
      "p" : "8.345",
      "s" : "sell",
      "i" : "TRUMPUSD-PERP",
      "m" : "4611686018428193700"
    }, {
      "d" : "1756461429243143663",
      "t" : 1756461429243,
      "tn" : 1756461429243143663,
      "q" : "0.1",
      "p" : "8.345",
      "s" : "sell",
      "i" : "TRUMPUSD-PERP",
      "m" : "4611686018428193699"
    }, {
      "d" : "1756461416768865173",
      "t" : 1756461416768,
      "tn" : 1756461416768865173,
      "q" : "0.1",
      "p" : "8.345",
      "s" : "buy",
      "i" : "TRUMPUSD-PERP",
      "m" : "4611686018428193698"
    }, {
      "d" : "1756461416754844686",
      "t" : 1756461416754,
      "tn" : 1756461416754844685,
      "q" : "4.4",
      "p" : "8.345",
      "s" : "sell",
      "i" : "TRUMPUSD-PERP",
      "m" : "4611686018428193697"
    }, {
      "d" : "1756461416754844685",
      "t" : 1756461416754,
      "tn" : 1756461416754844685,
      "q" : "29.9",
      "p" : "8.345",
      "s" : "sell",
      "i" : "TRUMPUSD-PERP",
      "m" : "4611686018428193697"
    }, {
      "d" : "1756461406730931659",
      "t" : 1756461406730,
      "tn" : 1756461406730931659,
      "q" : "0.1",
      "p" : "8.345",
      "s" : "sell",
      "i" : "TRUMPUSD-PERP",
      "m" : "4611686018428193696"
    }, {
      "d" : "1756461380543074659",
      "t" : 1756461380543,
      "tn" : 1756461380543074659,
      "q" : "0.1",
      "p" : "8.343",
      "s" : "buy",
      "i" : "TRUMPUSD-PERP",
      "m" : "4611686018428193695"
    }, {
      "d" : "1756461235239268150",
      "t" : 1756461235239,
      "tn" : 1756461235239268150,
      "q" : "0.1",
      "p" : "8.337",
      "s" : "sell",
      "i" : "TRUMPUSD-PERP",
      "m" : "4611686018428193694"
    }, {
      "d" : "1756461173921873798",
      "t" : 1756461173921,
      "tn" : 1756461173921873798,
      "q" : "0.1",
      "p" : "8.334",
      "s" : "buy",
      "i" : "TRUMPUSD-PERP",
      "m" : "4611686018428193693"
    }, {
      "d" : "1756461150317015542",
      "t" : 1756461150317,
      "tn" : 1756461150317015542,
      "q" : "0.1",
      "p" : "8.337",
      "s" : "sell",
      "i" : "TRUMPUSD-PERP",
      "m" : "4611686018428193692"
    }, {
      "d" : "1756461051053270476",
      "t" : 1756461051053,
      "tn" : 1756461051053270476,
      "q" : "0.1",
      "p" : "8.346",
      "s" : "buy",
      "i" : "TRUMPUSD-PERP",
      "m" : "4611686018428193691"
    }, {
      "d" : "1756461050943069389",
      "t" : 1756461050943,
      "tn" : 1756461050943069389,
      "q" : "0.1",
      "p" : "8.346",
      "s" : "buy",
      "i" : "TRUMPUSD-PERP",
      "m" : "4611686018428193690"
    }, {
      "d" : "1756461050832850543",
      "t" : 1756461050832,
      "tn" : 1756461050832850543,
      "q" : "0.1",
      "p" : "8.346",
      "s" : "buy",
      "i" : "TRUMPUSD-PERP",
      "m" : "4611686018428193689"
    }, {
      "d" : "1756461050715971381",
      "t" : 1756461050715,
      "tn" : 1756461050715971381,
      "q" : "0.1",
      "p" : "8.346",
      "s" : "buy",
      "i" : "TRUMPUSD-PERP",
      "m" : "4611686018428193688"
    }, {
      "d" : "1756461050075401407",
      "t" : 1756461050075,
      "tn" : 1756461050075401407,
      "q" : "0.1",
      "p" : "8.345",
      "s" : "buy",
      "i" : "TRUMPUSD-PERP",
      "m" : "4611686018428193687"
    }, {
      "d" : "1756460736628385751",
      "t" : 1756460736628,
      "tn" : 1756460736628385751,
      "q" : "0.1",
      "p" : "8.335",
      "s" : "buy",
      "i" : "TRUMPUSD-PERP",
      "m" : "4611686018428193686"
    }, {
      "d" : "1756460735682528726",
      "t" : 1756460735682,
      "tn" : 1756460735682528726,
      "q" : "0.1",
      "p" : "8.334",
      "s" : "sell",
      "i" : "TRUMPUSD-PERP",
      "m" : "4611686018428193685"
    }, {
      "d" : "1756460431568760419",
      "t" : 1756460431568,
      "tn" : 1756460431568760419,
      "q" : "0.1",
      "p" : "8.311",
      "s" : "buy",
      "i" : "TRUMPUSD-PERP",
      "m" : "4611686018428193684"
    }, {
      "d" : "1756460411312850929",
      "t" : 1756460411312,
      "tn" : 1756460411312850929,
      "q" : "0.1",
      "p" : "8.317",
      "s" : "sell",
      "i" : "TRUMPUSD-PERP",
      "m" : "4611686018428193683"
    }, {
      "d" : "1756460408966205423",
      "t" : 1756460408966,
      "tn" : 1756460408966205423,
      "q" : "0.1",
      "p" : "8.314",
      "s" : "buy",
      "i" : "TRUMPUSD-PERP",
      "m" : "4611686018428193682"
    }, {
      "d" : "1756460405315947016",
      "t" : 1756460405315,
      "tn" : 1756460405315947016,
      "q" : "0.1",
      "p" : "8.315",
      "s" : "sell",
      "i" : "TRUMPUSD-PERP",
      "m" : "4611686018428193681"
    }, {
      "d" : "1756460390241010554",
      "t" : 1756460390241,
      "tn" : 1756460390241010554,
      "q" : "0.1",
      "p" : "8.313",
      "s" : "buy",
      "i" : "TRUMPUSD-PERP",
      "m" : "4611686018428193680"
    }, {
      "d" : "1756460384837143480",
      "t" : 1756460384837,
      "tn" : 1756460384837143479,
      "q" : "30.0",
      "p" : "8.314",
      "s" : "sell",
      "i" : "TRUMPUSD-PERP",
      "m" : "4611686018428193679"
    }, {
      "d" : "1756460384837143479",
      "t" : 1756460384837,
      "tn" : 1756460384837143479,
      "q" : "0.1",
      "p" : "8.314",
      "s" : "sell",
      "i" : "TRUMPUSD-PERP",
      "m" : "4611686018428193679"
    }, {
      "d" : "1756460341841497234",
      "t" : 1756460341841,
      "tn" : 1756460341841497234,
      "q" : "0.1",
      "p" : "8.311",
      "s" : "buy",
      "i" : "TRUMPUSD-PERP",
      "m" : "4611686018428193678"
    }, {
      "d" : "1756460341308467191",
      "t" : 1756460341308,
      "tn" : 1756460341308467191,
      "q" : "0.1",
      "p" : "8.311",
      "s" : "buy",
      "i" : "TRUMPUSD-PERP",
      "m" : "4611686018428193677"
    }, {
      "d" : "1756460341195294054",
      "t" : 1756460341195,
      "tn" : 1756460341195294054,
      "q" : "0.1",
      "p" : "8.311",
      "s" : "buy",
      "i" : "TRUMPUSD-PERP",
      "m" : "4611686018428193676"
    }, {
      "d" : "1756460319381314600",
      "t" : 1756460319381,
      "tn" : 1756460319381314600,
      "q" : "0.1",
      "p" : "8.310",
      "s" : "buy",
      "i" : "TRUMPUSD-PERP",
      "m" : "4611686018428193675"
    }, {
      "d" : "1756460288114236336",
      "t" : 1756460288114,
      "tn" : 1756460288114236336,
      "q" : "0.1",
      "p" : "8.318",
      "s" : "sell",
      "i" : "TRUMPUSD-PERP",
      "m" : "4611686018428193674"
    }, {
      "d" : "1756460287562082832",
      "t" : 1756460287562,
      "tn" : 1756460287562082832,
      "q" : "0.1",
      "p" : "8.317",
      "s" : "sell",
      "i" : "TRUMPUSD-PERP",
      "m" : "4611686018428193673"
    }, {
      "d" : "1756460197333941649",
      "t" : 1756460197333,
      "tn" : 1756460197333941648,
      "q" : "30.0",
      "p" : "8.316",
      "s" : "sell",
      "i" : "TRUMPUSD-PERP",
      "m" : "4611686018428193672"
    }, {
      "d" : "1756460197333941648",
      "t" : 1756460197333,
      "tn" : 1756460197333941648,
      "q" : "0.1",
      "p" : "8.316",
      "s" : "sell",
      "i" : "TRUMPUSD-PERP",
      "m" : "4611686018428193672"
    }, {
      "d" : "1756460178029969646",
      "t" : 1756460178029,
      "tn" : 1756460178029969646,
      "q" : "0.1",
      "p" : "8.306",
      "s" : "buy",
      "i" : "TRUMPUSD-PERP",
      "m" : "4611686018428193671"
    }, {
      "d" : "1756460173869488829",
      "t" : 1756460173869,
      "tn" : 1756460173869488828,
      "q" : "0.1",
      "p" : "8.305",
      "s" : "sell",
      "i" : "TRUMPUSD-PERP",
      "m" : "4611686018428193670"
    }, {
      "d" : "1756460173869488828",
      "t" : 1756460173869,
      "tn" : 1756460173869488828,
      "q" : "5.0",
      "p" : "8.305",
      "s" : "sell",
      "i" : "TRUMPUSD-PERP",
      "m" : "4611686018428193670"
    }, {
      "d" : "1756460101160912172",
      "t" : 1756460101160,
      "tn" : 1756460101160912172,
      "q" : "0.1",
      "p" : "8.311",
      "s" : "buy",
      "i" : "TRUMPUSD-PERP",
      "m" : "4611686018428193669"
    }, {
      "d" : "1756460099904618904",
      "t" : 1756460099904,
      "tn" : 1756460099904618904,
      "q" : "0.1",
      "p" : "8.309",
      "s" : "buy",
      "i" : "TRUMPUSD-PERP",
      "m" : "4611686018428193668"
    }, {
      "d" : "1756460086971350689",
      "t" : 1756460086971,
      "tn" : 1756460086971350689,
      "q" : "0.1",
      "p" : "8.306",
      "s" : "buy",
      "i" : "TRUMPUSD-PERP",
      "m" : "4611686018428193667"
    }, {
      "d" : "1756460055645662309",
      "t" : 1756460055645,
      "tn" : 1756460055645662309,
      "q" : "30.0",
      "p" : "8.306",
      "s" : "sell",
      "i" : "TRUMPUSD-PERP",
      "m" : "4611686018428193666"
    }, {
      "d" : "1756459913764601065",
      "t" : 1756459913764,
      "tn" : 1756459913764601065,
      "q" : "0.1",
      "p" : "8.315",
      "s" : "buy",
      "i" : "TRUMPUSD-PERP",
      "m" : "4611686018428193665"
    }, {
      "d" : "1756459758244457094",
      "t" : 1756459758244,
      "tn" : 1756459758244457094,
      "q" : "30.0",
      "p" : "8.316",
      "s" : "sell",
      "i" : "TRUMPUSD-PERP",
      "m" : "4611686018428193664"
    }, {
      "d" : "1756459748155844594",
      "t" : 1756459748155,
      "tn" : 1756459748155844593,
      "q" : "4.5",
      "p" : "8.316",
      "s" : "sell",
      "i" : "TRUMPUSD-PERP",
      "m" : "4611686018428193663"
    }, {
      "d" : "1756459748155844593",
      "t" : 1756459748155,
      "tn" : 1756459748155844593,
      "q" : "30.0",
      "p" : "8.316",
      "s" : "sell",
      "i" : "TRUMPUSD-PERP",
      "m" : "4611686018428193663"
    }, {
      "d" : "1756459668550231907",
      "t" : 1756459668550,
      "tn" : 1756459668550231907,
      "q" : "16.1",
      "p" : "8.310",
      "s" : "sell",
      "i" : "TRUMPUSD-PERP",
      "m" : "4611686018428193662"
    }, {
      "d" : "1756459544571737935",
      "t" : 1756459544571,
      "tn" : 1756459544571737934,
      "q" : "4.5",
      "p" : "8.316",
      "s" : "sell",
      "i" : "TRUMPUSD-PERP",
      "m" : "4611686018428193661"
    }, {
      "d" : "1756459544571737934",
      "t" : 1756459544571,
      "tn" : 1756459544571737934,
      "q" : "30.0",
      "p" : "8.316",
      "s" : "sell",
      "i" : "TRUMPUSD-PERP",
      "m" : "4611686018428193661"
    }, {
      "d" : "1756459523520636447",
      "t" : 1756459523520,
      "tn" : 1756459523520636447,
      "q" : "30.0",
      "p" : "8.315",
      "s" : "sell",
      "i" : "TRUMPUSD-PERP",
      "m" : "4611686018428193660"
    }, {
      "d" : "1756459401464470097",
      "t" : 1756459401464,
      "tn" : 1756459401464470097,
      "q" : "5.0",
      "p" : "8.314",
      "s" : "sell",
      "i" : "TRUMPUSD-PERP",
      "m" : "4611686018428193659"
    }, {
      "d" : "1756459309858788042",
      "t" : 1756459309858,
      "tn" : 1756459309858788042,
      "q" : "0.1",
      "p" : "8.317",
      "s" : "buy",
      "i" : "TRUMPUSD-PERP",
      "m" : "4611686018428193658"
    }, {
      "d" : "1756459309750629311",
      "t" : 1756459309750,
      "tn" : 1756459309750629309,
      "q" : "4.5",
      "p" : "8.316",
      "s" : "sell",
      "i" : "TRUMPUSD-PERP",
      "m" : "4611686018428193657"
    }, {
      "d" : "1756459309750629310",
      "t" : 1756459309750,
      "tn" : 1756459309750629309,
      "q" : "30.0",
      "p" : "8.316",
      "s" : "sell",
      "i" : "TRUMPUSD-PERP",
      "m" : "4611686018428193657"
    }, {
      "d" : "1756459309750629309",
      "t" : 1756459309750,
      "tn" : 1756459309750629309,
      "q" : "0.1",
      "p" : "8.316",
      "s" : "sell",
      "i" : "TRUMPUSD-PERP",
      "m" : "4611686018428193657"
    }, {
      "d" : "1756459299738877550",
      "t" : 1756459299738,
      "tn" : 1756459299738877549,
      "q" : "30.0",
      "p" : "8.315",
      "s" : "sell",
      "i" : "TRUMPUSD-PERP",
      "m" : "4611686018428193656"
    }, {
      "d" : "1756459299738877549",
      "t" : 1756459299738,
      "tn" : 1756459299738877549,
      "q" : "4.5",
      "p" : "8.315",
      "s" : "sell",
      "i" : "TRUMPUSD-PERP",
      "m" : "4611686018428193656"
    }, {
      "d" : "1756459295620845268",
      "t" : 1756459295620,
      "tn" : 1756459295620845268,
      "q" : "0.1",
      "p" : "8.316",
      "s" : "buy",
      "i" : "TRUMPUSD-PERP",
      "m" : "4611686018428193655"
    }, {
      "d" : "1756459289731860021",
      "t" : 1756459289731,
      "tn" : 1756459289731860021,
      "q" : "0.1",
      "p" : "8.315",
      "s" : "sell",
      "i" : "TRUMPUSD-PERP",
      "m" : "4611686018428193654"
    }, {
      "d" : "1756459267153460101",
      "t" : 1756459267153,
      "tn" : 1756459267153460101,
      "q" : "0.1",
      "p" : "8.310",
      "s" : "buy",
      "i" : "TRUMPUSD-PERP",
      "m" : "4611686018428193653"
    }, {
      "d" : "1756459265785817170",
      "t" : 1756459265785,
      "tn" : 1756459265785817170,
      "q" : "0.1",
      "p" : "8.305",
      "s" : "sell",
      "i" : "TRUMPUSD-PERP",
      "m" : "4611686018428193652"
    }, {
      "d" : "1756459265563500037",
      "t" : 1756459265563,
      "tn" : 1756459265563500037,
      "q" : "238.3",
      "p" : "8.304",
      "s" : "sell",
      "i" : "TRUMPUSD-PERP",
      "m" : "4611686018428193651"
    }, {
      "d" : "1756459265563404386",
      "t" : 1756459265563,
      "tn" : 1756459265563404386,
      "q" : "227.2",
      "p" : "8.305",
      "s" : "sell",
      "i" : "TRUMPUSD-PERP",
      "m" : "4611686018428193650"
    }, {
      "d" : "1756459265563235630",
      "t" : 1756459265563,
      "tn" : 1756459265563235629,
      "q" : "12.0",
      "p" : "8.306",
      "s" : "sell",
      "i" : "TRUMPUSD-PERP",
      "m" : "4611686018428193649"
    }, {
      "d" : "1756459265563235629",
      "t" : 1756459265563,
      "tn" : 1756459265563235629,
      "q" : "5.0",
      "p" : "8.306",
      "s" : "sell",
      "i" : "TRUMPUSD-PERP",
      "m" : "4611686018428193649"
    }, {
      "d" : "1756459265563232657",
      "t" : 1756459265563,
      "tn" : 1756459265563232655,
      "q" : "60.2",
      "p" : "8.307",
      "s" : "sell",
      "i" : "TRUMPUSD-PERP",
      "m" : "4611686018428193648"
    }, {
      "d" : "1756459265563232656",
      "t" : 1756459265563,
      "tn" : 1756459265563232655,
      "q" : "0.1",
      "p" : "8.307",
      "s" : "sell",
      "i" : "TRUMPUSD-PERP",
      "m" : "4611686018428193648"
    }, {
      "d" : "1756459265563232655",
      "t" : 1756459265563,
      "tn" : 1756459265563232655,
      "q" : "5.0",
      "p" : "8.307",
      "s" : "sell",
      "i" : "TRUMPUSD-PERP",
      "m" : "4611686018428193648"
    }, {
      "d" : "1756459265563225162",
      "t" : 1756459265563,
      "tn" : 1756459265563225162,
      "q" : "5.0",
      "p" : "8.308",
      "s" : "sell",
      "i" : "TRUMPUSD-PERP",
      "m" : "4611686018428193647"
    }, {
      "d" : "1756459265562909907",
      "t" : 1756459265562,
      "tn" : 1756459265562909906,
      "q" : "0.1",
      "p" : "8.309",
      "s" : "sell",
      "i" : "TRUMPUSD-PERP",
      "m" : "4611686018428193646"
    }, {
      "d" : "1756459265562909906",
      "t" : 1756459265562,
      "tn" : 1756459265562909906,
      "q" : "5.0",
      "p" : "8.309",
      "s" : "sell",
      "i" : "TRUMPUSD-PERP",
      "m" : "4611686018428193646"
    }, {
      "d" : "1756459247542635442",
      "t" : 1756459247542,
      "tn" : 1756459247542635442,
      "q" : "4.5",
      "p" : "8.313",
      "s" : "sell",
      "i" : "TRUMPUSD-PERP",
      "m" : "4611686018428193645"
    }, {
      "d" : "1756459179393896525",
      "t" : 1756459179393,
      "tn" : 1756459179393896524,
      "q" : "5.0",
      "p" : "8.305",
      "s" : "sell",
      "i" : "TRUMPUSD-PERP",
      "m" : "4611686018428193644"
    } ]
  }
}