{
  "id" : -1,
  "method" : "public/get-trades",
  "code" : 0,
  "result" : {
    "data" : [ {
      "d" : "1756462743908741655",
      "t" : 1756462743908,
      "tn" : 1756462743908741655,
      "q" : "1.50",
      "p" : "8.364",
      "s" : "sell",
      "i" : "TRUMP_USD",
      "m" : "4611686018433585111"
    }, {
      "d" : "1756462725032112305",
      "t" : 1756462725032,
      "tn" : 1756462725032112304,
      "q" : "3.45",
      "p" : "8.362",
      "s" : "sell",
      "i" : "TRUMP_USD",
      "m" : "4611686018433585110"
    }, {
      "d" : "1756462725032112304",
      "t" : 1756462725032,
      "tn" : 1756462725032112304,
      "q" : "37.96",
      "p" : "8.362",
      "s" : "sell",
      "i" : "TRUMP_USD",
      "m" : "4611686018433585110"
    }, {
      "d" : "1756462721791483007",
      "t" : 1756462721791,
      "tn" : 1756462721791483007,
      "q" : "0.02",
      "p" : "8.361",
      "s" : "buy",
      "i" : "TRUMP_USD",
      "m" : "4611686018433585109"
    }, {
      "d" : "1756462718966388107",
      "t" : 1756462718966,
      "tn" : 1756462718966388107,
      "q" : "0.15",
      "p" : "8.361",
      "s" : "sell",
      "i" : "TRUMP_USD",
      "m" : "4611686018433585108"
    }, {
      "d" : "1756462712912386823",
      "t" : 1756462712912,
      "tn" : 1756462712912386823,
      "q" : "0.15",
      "p" : "8.361",
      "s" : "sell",
      "i" : "TRUMP_USD",
      "m" : "4611686018433585107"
    }, {
      "d" : "1756462706938646268",
      "t" : 1756462706938,
      "tn" : 1756462706938646267,
      "q" : "0.15",
      "p" : "8.362",
      "s" : "sell",
      "i" : "TRUMP_USD",
      "m" : "4611686018433585106"
    }, {
      "d" : "1756462706938646267",
      "t" : 1756462706938,
      "tn" : 1756462706938646267,
      "q" : "0.24",
      "p" : "8.362",
      "s" : "sell",
      "i" : "TRUMP_USD",
      "m" : "4611686018433585106"
    }, {
      "d" : "1756462701035433007",
      "t" : 1756462701035,
      "tn" : 1756462701035433007,
      "q" : "0.15",
      "p" : "8.363",
      "s" : "sell",
      "i" : "TRUMP_USD",
      "m" : "4611686018433585105"
    }, {
      "d" : "1756462695009760108",
      "t" : 1756462695009,
      "tn" : 1756462695009760108,
      "q" : "0.15",
      "p" : "8.363",
      "s" : "sell",
      "i" : "TRUMP_USD",
      "m" : "4611686018433585104"
    }, {
      "d" : "1756462681065923153",
      "t" : 1756462681065,
      "tn" : 1756462681065923153,
      "q" : "0.15",
      "p" : "8.360",
      "s" : "buy",
      "i" : "TRUMP_USD",
      "m" : "4611686018433585103"
    }, {
      "d" : "1756462621895209922",
      "t" : 1756462621895,
      "tn" : 1756462621895209921,
      "q" : "26.36",
      "p" : "8.356",
      "s" : "sell",
      "i" : "TRUMP_USD",
      "m" : "4611686018433585102"
    }, {
      "d" : "1756462621895209921",
      "t" : 1756462621895,
      "tn" : 1756462621895209921,
      "q" : "0.15",
      "p" : "8.356",
      "s" : "sell",
      "i" : "TRUMP_USD",
      "m" : "4611686018433585102"
    }, {
      "d" : "1756462615974170516",
      "t" : 1756462615974,
      "tn" : 1756462615974170516,
      "q" : "0.15",
      "p" : "8.355",
      "s" : "sell",
      "i" : "TRUMP_USD",
      "m" : "4611686018433585101"
    }, {
      "d" : "1756462609849924104",
      "t" : 1756462609849,
      "tn" : 1756462609849924104,
      "q" : "0.15",
      "p" : "8.354",
      "s" : "sell",
      "i" : "TRUMP_USD",
      "m" : "4611686018433585100"
    }, {
      "d" : "1756462608626301092",
      "t" : 1756462608626,
      "tn" : 1756462608626301092,
      "q" : "0.15",
      "p" : "8.356",
      "s" : "sell",
      "i" : "TRUMP_USD",
      "m" : "4611686018433585099"
    }, {
      "d" : "1756462603879856606",
      "t" : 1756462603879,
      "tn" : 1756462603879856606,
      "q" : "0.15",
      "p" : "8.356",
      "s" : "sell",
      "i" : "TRUMP_USD",
      "m" : "4611686018433585098"
    }, {
      "d" : "1756462598076024462",
      "t" : 1756462598076,
      "tn" : 1756462598076024462,
      "q" : "0.15",
      "p" : "8.356",
      "s" : "sell",
      "i" : "TRUMP_USD",
      "m" : "4611686018433585097"
    }, {
      "d" : "1756462592001795819",
      "t" : 1756462592001,
      "tn" : 1756462592001795819,
      "q" : "0.15",
      "p" : "8.355",
      "s" : "sell",
      "i" : "TRUMP_USD",
      "m" : "4611686018433585096"
    }, {
      "d" : "1756462585902823355",
      "t" : 1756462585902,
      "tn" : 1756462585902823355,
      "q" : "0.15",
      "p" : "8.356",
      "s" : "sell",
      "i" : "TRUMP_USD",
      "m" : "4611686018433585095"
    }, {
      "d" : "1756462581550805144",
      "t" : 1756462581550,
      "tn" : 1756462581550805144,
      "q" : "0.15",
      "p" : "8.361",
      "s" : "sell",
      "i" : "TRUMP_USD",
      "m" : "4611686018433585094"
    }, {
      "d" : "1756462580437091783",
      "t" : 1756462580437,
      "tn" : 1756462580437091783,
      "q" : "0.15",
      "p" : "8.364",
      "s" : "sell",
      "i" : "TRUMP_USD",
      "m" : "4611686018433585093"
    }, {
      "d" : "1756462549415281851",
      "t" : 1756462549415,
      "tn" : 1756462549415281851,
      "q" : "0.15",
      "p" : "8.363",
      "s" : "sell",
      "i" : "TRUMP_USD",
      "m" : "4611686018433585092"
    }, {
      "d" : "1756462549396011864",
      "t" : 1756462549396,
      "tn" : 1756462549396011864,
      "q" : "0.15",
      "p" : "8.363",
      "s" : "sell",
      "i" : "TRUMP_USD",
      "m" : "4611686018433585091"
    }, {
      "d" : "1756462549385990562",
      "t" : 1756462549385,
      "tn" : 1756462549385990562,
      "q" : "0.15",
      "p" : "8.363",
      "s" : "sell",
      "i" : "TRUMP_USD",
      "m" : "4611686018433585090"
    }, {
      "d" : "1756462549375985771",
      "t" : 1756462549375,
      "tn" : 1756462549375985771,
      "q" : "0.15",
      "p" : "8.363",
      "s" : "sell",
      "i" : "TRUMP_USD",
      "m" : "4611686018433585089"
    }, {
      "d" : "1756462549369923672",
      "t" : 1756462549369,
      "tn" : 1756462549369923672,
      "q" : "0.15",
      "p" : "8.363",
      "s" : "sell",
      "i" : "TRUMP_USD",
      "m" : "4611686018433585088"
    }, {
      "d" : "1756462547028970825",
      "t" : 1756462547028,
      "tn" : 1756462547028970824,
      "q" : "0.14",
      "p" : "8.364",
      "s" : "sell",
      "i" : "TRUMP_USD",
      "m" : "4611686018433585087"
    }, {
      "d" : "1756462547028970824",
      "t" : 1756462547028,
      "tn" : 1756462547028970824,
      "q" : "0.14",
      "p" : "8.364",
      "s" : "sell",
      "i" : "TRUMP_USD",
      "m" : "4611686018433585087"
    }, {
      "d" : "1756462535855471258",
      "t" : 1756462535855,
      "tn" : 1756462535855471258,
      "q" : "0.15",
      "p" : "8.366",
      "s" : "sell",
      "i" : "TRUMP_USD",
      "m" : "4611686018433585086"
    }, {
      "d" : "1756462525212761082",
      "t" : 1756462525212,
      "tn" : 1756462525212761082,
      "q" : "14.98",
      "p" : "8.365",
      "s" : "buy",
      "i" : "TRUMP_USD",
      "m" : "4611686018433585085"
    }, {
      "d" : "1756462469386511028",
      "t" : 1756462469386,
      "tn" : 1756462469386511028,
      "q" : "58.60",
      "p" : "8.364",
      "s" : "buy",
      "i" : "TRUMP_USD",
      "m" : "4611686018433585084"
    }, {
      "d" : "1756462464186247001",
      "t" : 1756462464186,
      "tn" : 1756462464186247000,
      "q" : "0.15",
      "p" : "8.364",
      "s" : "sell",
      "i" : "TRUMP_USD",
      "m" : "4611686018433585083"
    }, {
      "d" : "1756462464186247000",
      "t" : 1756462464186,
      "tn" : 1756462464186247000,
      "q" : "37.96",
      "p" : "8.364",
      "s" : "sell",
      "i" : "TRUMP_USD",
      "m" : "4611686018433585083"
    }, {
      "d" : "1756462454451230623",
      "t" : 1756462454451,
      "tn" : 1756462454451230623,
      "q" : "0.15",
      "p" : "8.362",
      "s" : "sell",
      "i" : "TRUMP_USD",
      "m" : "4611686018433585082"
    }, {
      "d" : "1756462454418399265",
      "t" : 1756462454418,
      "tn" : 1756462454418399265,
      "q" : "0.15",
      "p" : "8.362",
      "s" : "sell",
      "i" : "TRUMP_USD",
      "m" : "4611686018433585081"
    }, {
      "d" : "1756462454351328401",
      "t" : 1756462454351,
      "tn" : 1756462454351328400,
      "q" : "0.15",
      "p" : "8.363",
      "s" : "sell",
      "i" : "TRUMP_USD",
      "m" : "4611686018433585080"
    }, {
      "d" : "1756462454351328400",
      "t" : 1756462454351,
      "tn" : 1756462454351328400,
      "q" : "3.40",
      "p" : "8.363",
      "s" : "sell",
      "i" : "TRUMP_USD",
      "m" : "4611686018433585080"
    }, {
      "d" : "1756462446028380643",
      "t" : 1756462446028,
      "tn" : 1756462446028380643,
      "q" : "2.90",
      "p" : "8.363",
      "s" : "sell",
      "i" : "TRUMP_USD",
      "m" : "4611686018433585079"
    }, {
      "d" : "1756462440005797804",
      "t" : 1756462440005,
      "tn" : 1756462440005797804,
      "q" : "0.15",
      "p" : "8.365",
      "s" : "sell",
      "i" : "TRUMP_USD",
      "m" : "4611686018433585078"
    }, {
      "d" : "1756462433892369794",
      "t" : 1756462433892,
      "tn" : 1756462433892369794,
      "q" : "0.15",
      "p" : "8.366",
      "s" : "sell",
      "i" : "TRUMP_USD",
      "m" : "4611686018433585077"
    }, {
      "d" : "1756462432119941823",
      "t" : 1756462432119,
      "tn" : 1756462432119941823,
      "q" : "0.15",
      "p" : "8.365",
      "s" : "sell",
      "i" : "TRUMP_USD",
      "m" : "4611686018433585076"
    }, {
      "d" : "1756462432015560080",
      "t" : 1756462432015,
      "tn" : 1756462432015560080,
      "q" : "0.15",
      "p" : "8.365",
      "s" : "sell",
      "i" : "TRUMP_USD",
      "m" : "4611686018433585075"
    }, {
      "d" : "1756462431912560128",
      "t" : 1756462431912,
      "tn" : 1756462431912560126,
      "q" : "29.70",
      "p" : "8.364",
      "s" : "sell",
      "i" : "TRUMP_USD",
      "m" : "4611686018433585074"
    }, {
      "d" : "1756462431912560127",
      "t" : 1756462431912,
      "tn" : 1756462431912560126,
      "q" : "169.02",
      "p" : "8.364",
      "s" : "sell",
      "i" : "TRUMP_USD",
      "m" : "4611686018433585074"
    }, {
      "d" : "1756462431912560126",
      "t" : 1756462431912,
      "tn" : 1756462431912560126,
      "q" : "2.62",
      "p" : "8.364",
      "s" : "sell",
      "i" : "TRUMP_USD",
      "m" : "4611686018433585074"
    }, {
      "d" : "1756462431910292495",
      "t" : 1756462431910,
      "tn" : 1756462431910292495,
      "q" : "37.96",
      "p" : "8.364",
      "s" : "sell",
      "i" : "TRUMP_USD",
      "m" : "4611686018433585073"
    }, {
      "d" : "1756462431909855103",
      "t" : 1756462431909,
      "tn" : 1756462431909855103,
      "q" : "18.02",
      "p" : "8.364",
      "s" : "sell",
      "i" : "TRUMP_USD",
      "m" : "4611686018433585072"
    }, {
      "d" : "1756462431906617707",
      "t" : 1756462431906,
      "tn" : 1756462431906617707,
      "q" : "0.15",
      "p" : "8.366",
      "s" : "sell",
      "i" : "TRUMP_USD",
      "m" : "4611686018433585071"
    }, {
      "d" : "1756462430478734367",
      "t" : 1756462430478,
      "tn" : 1756462430478734367,
      "q" : "0.24",
      "p" : "8.368",
      "s" : "sell",
      "i" : "TRUMP_USD",
      "m" : "4611686018433585070"
    }, {
      "d" : "1756462392403117764",
      "t" : 1756462392403,
      "tn" : 1756462392403117764,
      "q" : "1.20",
      "p" : "8.371",
      "s" : "sell",
      "i" : "TRUMP_USD",
      "m" : "4611686018433585069"
    }, {
      "d" : "1756462392401935841",
      "t" : 1756462392401,
      "tn" : 1756462392401935841,
      "q" : "1.20",
      "p" : "8.373",
      "s" : "sell",
      "i" : "TRUMP_USD",
      "m" : "4611686018433585068"
    }, {
      "d" : "1756462392400676435",
      "t" : 1756462392400,
      "tn" : 1756462392400676435,
      "q" : "20.59",
      "p" : "8.372",
      "s" : "sell",
      "i" : "TRUMP_USD",
      "m" : "4611686018433585067"
    }, {
      "d" : "1756462392400525651",
      "t" : 1756462392400,
      "tn" : 1756462392400525650,
      "q" : "17.37",
      "p" : "8.372",
      "s" : "sell",
      "i" : "TRUMP_USD",
      "m" : "4611686018433585066"
    }, {
      "d" : "1756462392400525650",
      "t" : 1756462392400,
      "tn" : 1756462392400525650,
      "q" : "40.00",
      "p" : "8.372",
      "s" : "sell",
      "i" : "TRUMP_USD",
      "m" : "4611686018433585066"
    }, {
      "d" : "1756462392400523191",
      "t" : 1756462392400,
      "tn" : 1756462392400523191,
      "q" : "0.15",
      "p" : "8.376",
      "s" : "sell",
      "i" : "TRUMP_USD",
      "m" : "4611686018433585065"
    }, {
      "d" : "1756462392399893223",
      "t" : 1756462392399,
      "tn" : 1756462392399893222,
      "q" : "0.14",
      "p" : "8.373",
      "s" : "sell",
      "i" : "TRUMP_USD",
      "m" : "4611686018433585064"
    }, {
      "d" : "1756462392399893222",
      "t" : 1756462392399,
      "tn" : 1756462392399893222,
      "q" : "37.96",
      "p" : "8.373",
      "s" : "sell",
      "i" : "TRUMP_USD",
      "m" : "4611686018433585064"
    }, {
      "d" : "1756462392399733193",
      "t" : 1756462392399,
      "tn" : 1756462392399733193,
      "q" : "34.99",
      "p" : "8.374",
      "s" : "sell",
      "i" : "TRUMP_USD",
      "m" : "4611686018433585063"
    }, {
      "d" : "1756462392399608285",
      "t" : 1756462392399,
      "tn" : 1756462392399608284,
      "q" : "160.29",
      "p" : "8.375",
      "s" : "sell",
      "i" : "TRUMP_USD",
      "m" : "4611686018433585062"
    }, {
      "d" : "1756462392399608284",
      "t" : 1756462392399,
      "tn" : 1756462392399608284,
      "q" : "37.96",
      "p" : "8.375",
      "s" : "sell",
      "i" : "TRUMP_USD",
      "m" : "4611686018433585062"
    }, {
      "d" : "1756462392399361508",
      "t" : 1756462392399,
      "tn" : 1756462392399361508,
      "q" : "0.15",
      "p" : "8.376",
      "s" : "sell",
      "i" : "TRUMP_USD",
      "m" : "4611686018433585061"
    }, {
      "d" : "1756462392399231791",
      "t" : 1756462392399,
      "tn" : 1756462392399231791,
      "q" : "1.20",
      "p" : "8.377",
      "s" : "sell",
      "i" : "TRUMP_USD",
      "m" : "4611686018433585060"
    }, {
      "d" : "1756462389830126473",
      "t" : 1756462389830,
      "tn" : 1756462389830126473,
      "q" : "0.24",
      "p" : "8.379",
      "s" : "sell",
      "i" : "TRUMP_USD",
      "m" : "4611686018433585059"
    }, {
      "d" : "1756462301675794400",
      "t" : 1756462301675,
      "tn" : 1756462301675794400,
      "q" : "10.89",
      "p" : "8.379",
      "s" : "buy",
      "i" : "TRUMP_USD",
      "m" : "4611686018433585058"
    }, {
      "d" : "1756462295797389319",
      "t" : 1756462295797,
      "tn" : 1756462295797389319,
      "q" : "0.15",
      "p" : "8.377",
      "s" : "buy",
      "i" : "TRUMP_USD",
      "m" : "4611686018433585057"
    }, {
      "d" : "1756462289607383926",
      "t" : 1756462289607,
      "tn" : 1756462289607383926,
      "q" : "0.15",
      "p" : "8.377",
      "s" : "buy",
      "i" : "TRUMP_USD",
      "m" : "4611686018433585056"
    }, {
      "d" : "1756462283693773166",
      "t" : 1756462283693,
      "tn" : 1756462283693773166,
      "q" : "0.15",
      "p" : "8.377",
      "s" : "buy",
      "i" : "TRUMP_USD",
      "m" : "4611686018433585055"
    }, {
      "d" : "1756462265138442967",
      "t" : 1756462265138,
      "tn" : 1756462265138442967,
      "q" : "5.69",
      "p" : "8.377",
      "s" : "buy",
      "i" : "TRUMP_USD",
      "m" : "4611686018433585054"
    }, {
      "d" : "1756462260844543805",
      "t" : 1756462260844,
      "tn" : 1756462260844543805,
      "q" : "0.24",
      "p" : "8.375",
      "s" : "buy",
      "i" : "TRUMP_USD",
      "m" : "4611686018433585053"
    }, {
      "d" : "1756462252547642405",
      "t" : 1756462252547,
      "tn" : 1756462252547642405,
      "q" : "2.97",
      "p" : "8.374",
      "s" : "sell",
      "i" : "TRUMP_USD",
      "m" : "4611686018433585052"
    }, {
      "d" : "1756462246485429769",
      "t" : 1756462246485,
      "tn" : 1756462246485429769,
      "q" : "0.15",
      "p" : "8.374",
      "s" : "sell",
      "i" : "TRUMP_USD",
      "m" : "4611686018433585051"
    }, {
      "d" : "1756462244524371918",
      "t" : 1756462244524,
      "tn" : 1756462244524371918,
      "q" : "0.15",
      "p" : "8.374",
      "s" : "sell",
      "i" : "TRUMP_USD",
      "m" : "4611686018433585050"
    }, {
      "d" : "1756462240231173788",
      "t" : 1756462240231,
      "tn" : 1756462240231173788,
      "q" : "0.15",
      "p" : "8.374",
      "s" : "sell",
      "i" : "TRUMP_USD",
      "m" : "4611686018433585049"
    }, {
      "d" : "1756462234121905058",
      "t" : 1756462234121,
      "tn" : 1756462234121905058,
      "q" : "0.15",
      "p" : "8.374",
      "s" : "sell",
      "i" : "TRUMP_USD",
      "m" : "4611686018433585048"
    }, {
      "d" : "1756462228135165218",
      "t" : 1756462228135,
      "tn" : 1756462228135165218,
      "q" : "0.15",
      "p" : "8.373",
      "s" : "sell",
      "i" : "TRUMP_USD",
      "m" : "4611686018433585047"
    }, {
      "d" : "1756462221834931467",
      "t" : 1756462221834,
      "tn" : 1756462221834931467,
      "q" : "0.15",
      "p" : "8.374",
      "s" : "sell",
      "i" : "TRUMP_USD",
      "m" : "4611686018433585046"
    }, {
      "d" : "1756462216052126353",
      "t" : 1756462216052,
      "tn" : 1756462216052126353,
      "q" : "0.15",
      "p" : "8.373",
      "s" : "sell",
      "i" : "TRUMP_USD",
      "m" : "4611686018433585045"
    }, {
      "d" : "1756462210250937230",
      "t" : 1756462210250,
      "tn" : 1756462210250937230,
      "q" : "0.15",
      "p" : "8.375",
      "s" : "sell",
      "i" : "TRUMP_USD",
      "m" : "4611686018433585044"
    }, {
      "d" : "1756462204029728514",
      "t" : 1756462204029,
      "tn" : 1756462204029728514,
      "q" : "0.15",
      "p" : "8.376",
      "s" : "sell",
      "i" : "TRUMP_USD",
      "m" : "4611686018433585043"
    }, {
      "d" : "1756462203816434404",
      "t" : 1756462203816,
      "tn" : 1756462203816434404,
      "q" : "0.15",
      "p" : "8.376",
      "s" : "sell",
      "i" : "TRUMP_USD",
      "m" : "4611686018433585042"
    }, {
      "d" : "1756462203746282120",
      "t" : 1756462203746,
      "tn" : 1756462203746282120,
      "q" : "0.15",
      "p" : "8.376",
      "s" : "sell",
      "i" : "TRUMP_USD",
      "m" : "4611686018433585041"
    }, {
      "d" : "1756462203704516112",
      "t" : 1756462203704,
      "tn" : 1756462203704516112,
      "q" : "0.15",
      "p" : "8.376",
      "s" : "sell",
      "i" : "TRUMP_USD",
      "m" : "4611686018433585040"
    }, {
      "d" : "1756462203179757922",
      "t" : 1756462203179,
      "tn" : 1756462203179757922,
      "q" : "0.15",
      "p" : "8.376",
      "s" : "sell",
      "i" : "TRUMP_USD",
      "m" : "4611686018433585039"
    }, {
      "d" : "1756462202452069045",
      "t" : 1756462202452,
      "tn" : 1756462202452069045,
      "q" : "0.15",
      "p" : "8.376",
      "s" : "sell",
      "i" : "TRUMP_USD",
      "m" : "4611686018433585038"
    }, {
      "d" : "1756462202191858144",
      "t" : 1756462202191,
      "tn" : 1756462202191858144,
      "q" : "0.15",
      "p" : "8.376",
      "s" : "sell",
      "i" : "TRUMP_USD",
      "m" : "4611686018433585037"
    }, {
      "d" : "1756462198932248528",
      "t" : 1756462198932,
      "tn" : 1756462198932248528,
      "q" : "0.15",
      "p" : "8.376",
      "s" : "sell",
      "i" : "TRUMP_USD",
      "m" : "4611686018433585036"
    }, {
      "d" : "1756462192681395621",
      "t" : 1756462192681,
      "tn" : 1756462192681395621,
      "q" : "0.15",
      "p" : "8.376",
      "s" : "sell",
      "i" : "TRUMP_USD",
      "m" : "4611686018433585035"
    }, {
      "d" : "1756462156946895984",
      "t" : 1756462156946,
      "tn" : 1756462156946895984,
      "q" : "0.15",
      "p" : "8.376",
      "s" : "sell",
      "i" : "TRUMP_USD",
      "m" : "4611686018433585034"
    }, {
      "d" : "1756462156901791269",
      "t" : 1756462156901,
      "tn" : 1756462156901791269,
      "q" : "0.15",
      "p" : "8.376",
      "s" : "sell",
      "i" : "TRUMP_USD",
      "m" : "4611686018433585033"
    }, {
      "d" : "1756462156884563396",
      "t" : 1756462156884,
      "tn" : 1756462156884563396,
      "q" : "0.15",
      "p" : "8.376",
      "s" : "sell",
      "i" : "TRUMP_USD",
      "m" : "4611686018433585032"
    }, {
      "d" : "1756462156859535970",
      "t" : 1756462156859,
      "tn" : 1756462156859535970,
      "q" : "0.15",
      "p" : "8.376",
      "s" : "sell",
      "i" : "TRUMP_USD",
      "m" : "4611686018433585031"
    }, {
      "d" : "1756462156846565890",
      "t" : 1756462156846,
      "tn" : 1756462156846565890,
      "q" : "0.15",
      "p" : "8.376",
      "s" : "sell",
      "i" : "TRUMP_USD",
      "m" : "4611686018433585030"
    }, {
      "d" : "1756462156796409632",
      "t" : 1756462156796,
      "tn" : 1756462156796409632,
      "q" : "0.15",
      "p" : "8.376",
      "s" : "sell",
      "i" : "TRUMP_USD",
      "m" : "4611686018433585029"
    }, {
      "d" : "1756462156766254890",
      "t" : 1756462156766,
      "tn" : 1756462156766254890,
      "q" : "0.15",
      "p" : "8.376",
      "s" : "sell",
      "i" : "TRUMP_USD",
      "m" : "4611686018433585028"
    }, {
      "d" : "1756462156756241441",
      "t" : 1756462156756,
      "tn" : 1756462156756241441,
      "q" : "0.15",
      "p" : "8.376",
      "s" : "sell",
      "i" : "TRUMP_USD",
      "m" : "4611686018433585027"
    }, {
      "d" : "1756462156748889235",
      "t" : 1756462156748,
      "tn" : 1756462156748889235,
      "q" : "0.15",
      "p" : "8.376",
      "s" : "sell",
      "i" : "TRUMP_USD",
      "m" : "4611686018433585026"
    }, {
      "d" : "1756462156373405399",
      "t" : 1756462156373,
      "tn" : 1756462156373405399,
      "q" : "0.15",
      "p" : "8.376",
      "s" : "sell",
      "i" : "TRUMP_USD",
      "m" : "4611686018433585025"
    }, {
      "d" : "1756462156346038820",
      "t" : 1756462156346,
      "tn" : 1756462156346038820,
      "q" : "0.15",
      "p" : "8.376",
      "s" : "sell",
      "i" : "TRUMP_USD",
      "m" : "4611686018433585024"
    }, {
      "d" : "1756462156325939149",
      "t" : 1756462156325,
      "tn" : 1756462156325939149,
      "q" : "0.15",
      "p" : "8.376",
      "s" : "sell",
      "i" : "TRUMP_USD",
      "m" : "4611686018433585023"
    }, {
      "d" : "1756462156310901688",
      "t" : 1756462156310,
      "tn" : 1756462156310901688,
      "q" : "0.15",
      "p" : "8.376",
      "s" : "sell",
      "i" : "TRUMP_USD",
      "m" : "4611686018433585022"
    }, {
      "d" : "1756462154483155362",
      "t" : 1756462154483,
      "tn" : 1756462154483155362,
      "q" : "5.15",
      "p" : "8.377",
      "s" : "buy",
      "i" : "TRUMP_USD",
      "m" : "4611686018433585021"
    }, {
      "d" : "1756462135188140803",
      "t" : 1756462135188,
      "tn" : 1756462135188140803,
      "q" : "0.15",
      "p" : "8.378",
      "s" : "buy",
      "i" : "TRUMP_USD",
      "m" : "4611686018433585020"
    }, {
      "d" : "1756462098045272255",
      "t" : 1756462098045,
      "tn" : 1756462098045272255,
      "q" : "1.13",
      "p" : "8.378",
      "s" : "sell",
      "i" : "TRUMP_USD",
      "m" : "4611686018433585019"
    }, {
      "d" : "1756462096591609099",
      "t" : 1756462096591,
      "tn" : 1756462096591609099,
      "q" : "0.24",
      "p" : "8.382",
      "s" : "sell",
      "i" : "TRUMP_USD",
      "m" : "4611686018433585018"
    }, {
      "d" : "1756462096586766016",
      "t" : 1756462096586,
      "tn" : 1756462096586766016,
      "q" : "0.15",
      "p" : "8.383",
      "s" : "sell",
      "i" : "TRUMP_USD",
      "m" : "4611686018433585017"
    }, {
      "d" : "1756462096527920789",
      "t" : 1756462096527,
      "tn" : 1756462096527920789,
      "q" : "0.15",
      "p" : "8.383",
      "s" : "sell",
      "i" : "TRUMP_USD",
      "m" : "4611686018433585016"
    }, {
      "d" : "1756462096171679435",
      "t" : 1756462096171,
      "tn" : 1756462096171679435,
      "q" : "0.15",
      "p" : "8.383",
      "s" : "sell",
      "i" : "TRUMP_USD",
      "m" : "4611686018433585015"
    }, {
      "d" : "1756462096147390285",
      "t" : 1756462096147,
      "tn" : 1756462096147390285,
      "q" : "0.15",
      "p" : "8.383",
      "s" : "sell",
      "i" : "TRUMP_USD",
      "m" : "4611686018433585014"
    }, {
      "d" : "1756462096081709350",
      "t" : 1756462096081,
      "tn" : 1756462096081709350,
      "q" : "0.15",
      "p" : "8.383",
      "s" : "sell",
      "i" : "TRUMP_USD",
      "m" : "4611686018433585013"
    }, {
      "d" : "1756462096052008399",
      "t" : 1756462096052,
      "tn" : 1756462096052008399,
      "q" : "0.15",
      "p" : "8.383",
      "s" : "sell",
      "i" : "TRUMP_USD",
      "m" : "4611686018433585012"
    }, {
      "d" : "1756462096014682255",
      "t" : 1756462096014,
      "tn" : 1756462096014682255,
      "q" : "0.15",
      "p" : "8.383",
      "s" : "sell",
      "i" : "TRUMP_USD",
      "m" : "4611686018433585011"
    }, {
      "d" : "1756462091948224565",
      "t" : 1756462091948,
      "tn" : 1756462091948224565,
      "q" : "0.15",
      "p" : "8.384",
      "s" : "sell",
      "i" : "TRUMP_USD",
      "m" : "4611686018433585010"
    }, {
      "d" : "1756462088228851033",
      "t" : 1756462088228,
      "tn" : 1756462088228851033,
      "q" : "2.55",
      "p" : "8.383",
      "s" : "buy",
      "i" : "TRUMP_USD",
      "m" : "4611686018433585009"
    }, {
      "d" : "1756462085802694052",
      "t" : 1756462085802,
      "tn" : 1756462085802694052,
      "q" : "0.15",
      "p" : "8.383",
      "s" : "sell",
      "i" : "TRUMP_USD",
      "m" : "4611686018433585008"
    }, {
      "d" : "1756462084269293323",
      "t" : 1756462084269,
      "tn" : 1756462084269293323,
      "q" : "0.15",
      "p" : "8.383",
      "s" : "sell",
      "i" : "TRUMP_USD",
      "m" : "4611686018433585007"
    }, {
      "d" : "1756462084045239522",
      "t" : 1756462084045,
      "tn" : 1756462084045239522,
      "q" : "0.15",
      "p" : "8.383",
      "s" : "sell",
      "i" : "TRUMP_USD",
      "m" : "4611686018433585006"
    }, {
      "d" : "1756462084016104411",
      "t" : 1756462084016,
      "tn" : 1756462084016104411,
      "q" : "3.40",
      "p" : "8.384",
      "s" : "buy",
      "i" : "TRUMP_USD",
      "m" : "4611686018433585005"
    }, {
      "d" : "1756462083811497138",
      "t" : 1756462083811,
      "tn" : 1756462083811497138,
      "q" : "0.15",
      "p" : "8.383",
      "s" : "sell",
      "i" : "TRUMP_USD",
      "m" : "4611686018433585004"
    }, {
      "d" : "1756462026636632200",
      "t" : 1756462026636,
      "tn" : 1756462026636632200,
      "q" : "4.65",
      "p" : "8.376",
      "s" : "buy",
      "i" : "TRUMP_USD",
      "m" : "4611686018433585003"
    }, {
      "d" : "1756462002756289432",
      "t" : 1756462002756,
      "tn" : 1756462002756289432,
      "q" : "4.55",
      "p" : "8.372",
      "s" : "buy",
      "i" : "TRUMP_USD",
      "m" : "4611686018433585002"
    }, {
      "d" : "1756461988673368898",
      "t" : 1756461988673,
      "tn" : 1756461988673368897,
      "q" : "0.15",
      "p" : "8.368",
      "s" : "buy",
      "i" : "TRUMP_USD",
      "m" : "4611686018433585001"
    }, {
      "d" : "1756461988673368897",
      "t" : 1756461988673,
      "tn" : 1756461988673368897,
      "q" : "4.55",
      "p" : "8.368",
      "s" : "buy",
      "i" : "TRUMP_USD",
      "m" : "4611686018433585001"
    }, {
      "d" : "1756461981191359564",
      "t" : 1756461981191,
      "tn" : 1756461981191359563,
      "q" : "0.15",
      "p" : "8.367",
      "s" : "buy",
      "i" : "TRUMP_USD",
      "m" : "4611686018433585000"
    }, {
      "d" : "1756461981191359563",
      "t" : 1756461981191,
      "tn" : 1756461981191359563,
      "q" : "0.24",
      "p" : "8.367",
      "s" : "buy",
      "i" : "TRUMP_USD",
      "m" : "4611686018433585000"
    }, {
      "d" : "1756461962546006869",
      "t" : 1756461962546,
      "tn" : 1756461962546006869,
      "q" : "0.15",
      "p" : "8.365",
      "s" : "sell",
      "i" : "TRUMP_USD",
      "m" : "4611686018433584999"
    }, {
      "d" : "1756461962468780261",
      "t" : 1756461962468,
      "tn" : 1756461962468780261,
      "q" : "0.15",
      "p" : "8.365",
      "s" : "sell",
      "i" : "TRUMP_USD",
      "m" : "4611686018433584998"
    }, {
      "d" : "1756461961449024992",
      "t" : 1756461961449,
      "tn" : 1756461961449024992,
      "q" : "0.15",
      "p" : "8.365",
      "s" : "sell",
      "i" : "TRUMP_USD",
      "m" : "4611686018433584997"
    }, {
      "d" : "1756461961401538112",
      "t" : 1756461961401,
      "tn" : 1756461961401538112,
      "q" : "0.15",
      "p" : "8.365",
      "s" : "sell",
      "i" : "TRUMP_USD",
      "m" : "4611686018433584996"
    }, {
      "d" : "1756461961311573331",
      "t" : 1756461961311,
      "tn" : 1756461961311573331,
      "q" : "0.15",
      "p" : "8.365",
      "s" : "sell",
      "i" : "TRUMP_USD",
      "m" : "4611686018433584995"
    }, {
      "d" : "1756461960921381874",
      "t" : 1756461960921,
      "tn" : 1756461960921381874,
      "q" : "0.15",
      "p" : "8.365",
      "s" : "sell",
      "i" : "TRUMP_USD",
      "m" : "4611686018433584994"
    }, {
      "d" : "1756461958769639998",
      "t" : 1756461958769,
      "tn" : 1756461958769639998,
      "q" : "0.15",
      "p" : "8.366",
      "s" : "sell",
      "i" : "TRUMP_USD",
      "m" : "4611686018433584993"
    }, {
      "d" : "1756461949825954400",
      "t" : 1756461949825,
      "tn" : 1756461949825954400,
      "q" : "4.55",
      "p" : "8.363",
      "s" : "buy",
      "i" : "TRUMP_USD",
      "m" : "4611686018433584992"
    }, {
      "d" : "1756461937886872583",
      "t" : 1756461937886,
      "tn" : 1756461937886872582,
      "q" : "1.20",
      "p" : "8.359",
      "s" : "buy",
      "i" : "TRUMP_USD",
      "m" : "4611686018433584991"
    }, {
      "d" : "1756461937886872582",
      "t" : 1756461937886,
      "tn" : 1756461937886872582,
      "q" : "0.15",
      "p" : "8.359",
      "s" : "buy",
      "i" : "TRUMP_USD",
      "m" : "4611686018433584991"
    }, {
      "d" : "1756461932025408785",
      "t" : 1756461932025,
      "tn" : 1756461932025408785,
      "q" : "0.15",
      "p" : "8.360",
      "s" : "buy",
      "i" : "TRUMP_USD",
      "m" : "4611686018433584990"
    }, {
      "d" : "1756461871863887947",
      "t" : 1756461871863,
      "tn" : 1756461871863887947,
      "q" : "1.20",
      "p" : "8.358",
      "s" : "sell",
      "i" : "TRUMP_USD",
      "m" : "4611686018433584989"
    }, {
      "d" : "1756461864078140445",
      "t" : 1756461864078,
      "tn" : 1756461864078140445,
      "q" : "0.24",
      "p" : "8.358",
      "s" : "sell",
      "i" : "TRUMP_USD",
      "m" : "4611686018433584988"
    }, {
      "d" : "1756461858032205222",
      "t" : 1756461858032,
      "tn" : 1756461858032205222,
      "q" : "0.15",
      "p" : "8.361",
      "s" : "sell",
      "i" : "TRUMP_USD",
      "m" : "4611686018433584987"
    }, {
      "d" : "1756461858022173595",
      "t" : 1756461858022,
      "tn" : 1756461858022173595,
      "q" : "0.15",
      "p" : "8.361",
      "s" : "sell",
      "i" : "TRUMP_USD",
      "m" : "4611686018433584986"
    }, {
      "d" : "1756461858014244757",
      "t" : 1756461858014,
      "tn" : 1756461858014244757,
      "q" : "0.15",
      "p" : "8.361",
      "s" : "sell",
      "i" : "TRUMP_USD",
      "m" : "4611686018433584985"
    }, {
      "d" : "1756461850272946424",
      "t" : 1756461850272,
      "tn" : 1756461850272946424,
      "q" : "10.94",
      "p" : "8.360",
      "s" : "sell",
      "i" : "TRUMP_USD",
      "m" : "4611686018433584984"
    }, {
      "d" : "1756461846945199252",
      "t" : 1756461846945,
      "tn" : 1756461846945199252,
      "q" : "0.24",
      "p" : "8.359",
      "s" : "sell",
      "i" : "TRUMP_USD",
      "m" : "4611686018433584983"
    }, {
      "d" : "1756461837743209619",
      "t" : 1756461837743,
      "tn" : 1756461837743209619,
      "q" : "0.15",
      "p" : "8.360",
      "s" : "sell",
      "i" : "TRUMP_USD",
      "m" : "4611686018433584982"
    }, {
      "d" : "1756461816871567930",
      "t" : 1756461816871,
      "tn" : 1756461816871567930,
      "q" : "0.15",
      "p" : "8.361",
      "s" : "sell",
      "i" : "TRUMP_USD",
      "m" : "4611686018433584981"
    }, {
      "d" : "1756461816861523962",
      "t" : 1756461816861,
      "tn" : 1756461816861523962,
      "q" : "0.15",
      "p" : "8.361",
      "s" : "sell",
      "i" : "TRUMP_USD",
      "m" : "4611686018433584980"
    }, {
      "d" : "1756461816854100175",
      "t" : 1756461816854,
      "tn" : 1756461816854100175,
      "q" : "0.15",
      "p" : "8.361",
      "s" : "sell",
      "i" : "TRUMP_USD",
      "m" : "4611686018433584979"
    }, {
      "d" : "1756461816819735494",
      "t" : 1756461816819,
      "tn" : 1756461816819735494,
      "q" : "0.15",
      "p" : "8.361",
      "s" : "sell",
      "i" : "TRUMP_USD",
      "m" : "4611686018433584978"
    }, {
      "d" : "1756461816765396417",
      "t" : 1756461816765,
      "tn" : 1756461816765396417,
      "q" : "0.15",
      "p" : "8.361",
      "s" : "sell",
      "i" : "TRUMP_USD",
      "m" : "4611686018433584977"
    }, {
      "d" : "1756461816717258694",
      "t" : 1756461816717,
      "tn" : 1756461816717258694,
      "q" : "0.15",
      "p" : "8.361",
      "s" : "sell",
      "i" : "TRUMP_USD",
      "m" : "4611686018433584976"
    } ]
  }
}