{
  "id" : -1,
  "method" : "public/get-trades",
  "code" : 0,
  "result" : {
    "data" : [ {
      "d" : "1756462749198134774",
      "t" : 1756462749198,
      "tn" : 1756462749198134774,
      "q" : "0.24",
      "p" : "8.364",
      "s" : "buy",
      "i" : "TRUMP_USDT",
      "m" : "4611686018430615870"
    }, {
      "d" : "1756462681066121748",
      "t" : 1756462681066,
      "tn" : 1756462681066121747,
      "q" : "1.92",
      "p" : "8.360",
      "s" : "buy",
      "i" : "TRUMP_USDT",
      "m" : "4611686018430615869"
    }, {
      "d" : "1756462681066121747",
      "t" : 1756462681066,
      "tn" : 1756462681066121747,
      "q" : "40.33",
      "p" : "8.360",
      "s" : "buy",
      "i" : "TRUMP_USDT",
      "m" : "4611686018430615869"
    }, {
      "d" : "1756462681066118425",
      "t" : 1756462681066,
      "tn" : 1756462681066118424,
      "q" : "11.13",
      "p" : "8.359",
      "s" : "buy",
      "i" : "TRUMP_USDT",
      "m" : "4611686018430615868"
    }, {
      "d" : "1756462681066118424",
      "t" : 1756462681066,
      "tn" : 1756462681066118424,
      "q" : "160.77",
      "p" : "8.359",
      "s" : "buy",
      "i" : "TRUMP_USDT",
      "m" : "4611686018430615868"
    }, {
      "d" : "1756462681065826798",
      "t" : 1756462681065,
      "tn" : 1756462681065826798,
      "q" : "3.97",
      "p" : "8.359",
      "s" : "buy",
      "i" : "TRUMP_USDT",
      "m" : "4611686018430615867"
    }, {
      "d" : "1756462581554337753",
      "t" : 1756462581554,
      "tn" : 1756462581554337753,
      "q" : "0.15",
      "p" : "8.362",
      "s" : "sell",
      "i" : "TRUMP_USDT",
      "m" : "4611686018430615866"
    }, {
      "d" : "1756462550719046703",
      "t" : 1756462550719,
      "tn" : 1756462550719046703,
      "q" : "0.15",
      "p" : "8.361",
      "s" : "sell",
      "i" : "TRUMP_USDT",
      "m" : "4611686018430615865"
    }, {
      "d" : "1756462549818301767",
      "t" : 1756462549818,
      "tn" : 1756462549818301767,
      "q" : "0.15",
      "p" : "8.363",
      "s" : "sell",
      "i" : "TRUMP_USDT",
      "m" : "4611686018430615864"
    }, {
      "d" : "1756462547029021746",
      "t" : 1756462547029,
      "tn" : 1756462547029021746,
      "q" : "0.15",
      "p" : "8.363",
      "s" : "sell",
      "i" : "TRUMP_USDT",
      "m" : "4611686018430615863"
    }, {
      "d" : "1756462464189841405",
      "t" : 1756462464189,
      "tn" : 1756462464189841405,
      "q" : "99.85",
      "p" : "8.363",
      "s" : "sell",
      "i" : "TRUMP_USDT",
      "m" : "4611686018430615862"
    }, {
      "d" : "1756462464189839560",
      "t" : 1756462464189,
      "tn" : 1756462464189839560,
      "q" : "0.15",
      "p" : "8.364",
      "s" : "sell",
      "i" : "TRUMP_USDT",
      "m" : "4611686018430615861"
    }, {
      "d" : "1756462457419861368",
      "t" : 1756462457419,
      "tn" : 1756462457419861368,
      "q" : "13.55",
      "p" : "8.360",
      "s" : "sell",
      "i" : "TRUMP_USDT",
      "m" : "4611686018430615860"
    }, {
      "d" : "1756462451566429357",
      "t" : 1756462451566,
      "tn" : 1756462451566429357,
      "q" : "10.65",
      "p" : "8.361",
      "s" : "sell",
      "i" : "TRUMP_USDT",
      "m" : "4611686018430615859"
    }, {
      "d" : "1756462451566427264",
      "t" : 1756462451566,
      "tn" : 1756462451566427264,
      "q" : "0.15",
      "p" : "8.363",
      "s" : "sell",
      "i" : "TRUMP_USDT",
      "m" : "4611686018430615858"
    }, {
      "d" : "1756462432119962790",
      "t" : 1756462432119,
      "tn" : 1756462432119962790,
      "q" : "0.15",
      "p" : "8.364",
      "s" : "sell",
      "i" : "TRUMP_USDT",
      "m" : "4611686018430615857"
    }, {
      "d" : "1756462432015544823",
      "t" : 1756462432015,
      "tn" : 1756462432015544823,
      "q" : "0.15",
      "p" : "8.364",
      "s" : "sell",
      "i" : "TRUMP_USDT",
      "m" : "4611686018430615856"
    }, {
      "d" : "1756462431908460213",
      "t" : 1756462431908,
      "tn" : 1756462431908460213,
      "q" : "0.15",
      "p" : "8.364",
      "s" : "sell",
      "i" : "TRUMP_USDT",
      "m" : "4611686018430615855"
    }, {
      "d" : "1756462430849891799",
      "t" : 1756462430849,
      "tn" : 1756462430849891799,
      "q" : "0.24",
      "p" : "8.366",
      "s" : "sell",
      "i" : "TRUMP_USDT",
      "m" : "4611686018430615854"
    }, {
      "d" : "1756462392403555616",
      "t" : 1756462392403,
      "tn" : 1756462392403555616,
      "q" : "1.91",
      "p" : "8.370",
      "s" : "sell",
      "i" : "TRUMP_USDT",
      "m" : "4611686018430615853"
    }, {
      "d" : "1756462392401053788",
      "t" : 1756462392401,
      "tn" : 1756462392401053788,
      "q" : "1.91",
      "p" : "8.373",
      "s" : "sell",
      "i" : "TRUMP_USDT",
      "m" : "4611686018430615852"
    }, {
      "d" : "1756462392400725032",
      "t" : 1756462392400,
      "tn" : 1756462392400725032,
      "q" : "47.48",
      "p" : "8.371",
      "s" : "sell",
      "i" : "TRUMP_USDT",
      "m" : "4611686018430615851"
    }, {
      "d" : "1756462392399886593",
      "t" : 1756462392399,
      "tn" : 1756462392399886593,
      "q" : "121.63",
      "p" : "8.373",
      "s" : "sell",
      "i" : "TRUMP_USDT",
      "m" : "4611686018430615850"
    }, {
      "d" : "1756462392399648401",
      "t" : 1756462392399,
      "tn" : 1756462392399648400,
      "q" : "0.15",
      "p" : "8.374",
      "s" : "sell",
      "i" : "TRUMP_USDT",
      "m" : "4611686018430615849"
    }, {
      "d" : "1756462392399648400",
      "t" : 1756462392399,
      "tn" : 1756462392399648400,
      "q" : "164.51",
      "p" : "8.374",
      "s" : "sell",
      "i" : "TRUMP_USDT",
      "m" : "4611686018430615849"
    }, {
      "d" : "1756462392399532812",
      "t" : 1756462392399,
      "tn" : 1756462392399532812,
      "q" : "1.91",
      "p" : "8.375",
      "s" : "sell",
      "i" : "TRUMP_USDT",
      "m" : "4611686018430615848"
    }, {
      "d" : "1756462244524436066",
      "t" : 1756462244524,
      "tn" : 1756462244524436066,
      "q" : "0.15",
      "p" : "8.373",
      "s" : "sell",
      "i" : "TRUMP_USDT",
      "m" : "4611686018430615847"
    }, {
      "d" : "1756462218149169422",
      "t" : 1756462218149,
      "tn" : 1756462218149169422,
      "q" : "0.15",
      "p" : "8.374",
      "s" : "sell",
      "i" : "TRUMP_USDT",
      "m" : "4611686018430615846"
    }, {
      "d" : "1756462217648254584",
      "t" : 1756462217648,
      "tn" : 1756462217648254584,
      "q" : "0.15",
      "p" : "8.374",
      "s" : "sell",
      "i" : "TRUMP_USDT",
      "m" : "4611686018430615845"
    }, {
      "d" : "1756462217573179295",
      "t" : 1756462217573,
      "tn" : 1756462217573179295,
      "q" : "0.15",
      "p" : "8.374",
      "s" : "sell",
      "i" : "TRUMP_USDT",
      "m" : "4611686018430615844"
    }, {
      "d" : "1756462217558198160",
      "t" : 1756462217558,
      "tn" : 1756462217558198160,
      "q" : "0.15",
      "p" : "8.374",
      "s" : "sell",
      "i" : "TRUMP_USDT",
      "m" : "4611686018430615843"
    }, {
      "d" : "1756462217518105553",
      "t" : 1756462217518,
      "tn" : 1756462217518105553,
      "q" : "0.15",
      "p" : "8.374",
      "s" : "sell",
      "i" : "TRUMP_USDT",
      "m" : "4611686018430615842"
    }, {
      "d" : "1756462216946598479",
      "t" : 1756462216946,
      "tn" : 1756462216946598479,
      "q" : "0.15",
      "p" : "8.374",
      "s" : "sell",
      "i" : "TRUMP_USDT",
      "m" : "4611686018430615841"
    }, {
      "d" : "1756462216871550185",
      "t" : 1756462216871,
      "tn" : 1756462216871550185,
      "q" : "0.15",
      "p" : "8.374",
      "s" : "sell",
      "i" : "TRUMP_USDT",
      "m" : "4611686018430615840"
    }, {
      "d" : "1756462216846380868",
      "t" : 1756462216846,
      "tn" : 1756462216846380868,
      "q" : "0.15",
      "p" : "8.374",
      "s" : "sell",
      "i" : "TRUMP_USDT",
      "m" : "4611686018430615839"
    }, {
      "d" : "1756462216751195922",
      "t" : 1756462216751,
      "tn" : 1756462216751195922,
      "q" : "0.15",
      "p" : "8.374",
      "s" : "sell",
      "i" : "TRUMP_USDT",
      "m" : "4611686018430615838"
    }, {
      "d" : "1756462216744535518",
      "t" : 1756462216744,
      "tn" : 1756462216744535518,
      "q" : "0.15",
      "p" : "8.374",
      "s" : "sell",
      "i" : "TRUMP_USDT",
      "m" : "4611686018430615837"
    }, {
      "d" : "1756462216742441431",
      "t" : 1756462216742,
      "tn" : 1756462216742441431,
      "q" : "0.15",
      "p" : "8.374",
      "s" : "sell",
      "i" : "TRUMP_USDT",
      "m" : "4611686018430615836"
    }, {
      "d" : "1756462097757306310",
      "t" : 1756462097757,
      "tn" : 1756462097757306310,
      "q" : "11.13",
      "p" : "8.379",
      "s" : "buy",
      "i" : "TRUMP_USDT",
      "m" : "4611686018430615835"
    }, {
      "d" : "1756462096693107153",
      "t" : 1756462096693,
      "tn" : 1756462096693107153,
      "q" : "0.24",
      "p" : "8.381",
      "s" : "sell",
      "i" : "TRUMP_USDT",
      "m" : "4611686018430615834"
    }, {
      "d" : "1756462096591218517",
      "t" : 1756462096591,
      "tn" : 1756462096591218517,
      "q" : "0.15",
      "p" : "8.383",
      "s" : "sell",
      "i" : "TRUMP_USDT",
      "m" : "4611686018430615833"
    }, {
      "d" : "1756462084045166764",
      "t" : 1756462084045,
      "tn" : 1756462084045166764,
      "q" : "0.15",
      "p" : "8.382",
      "s" : "sell",
      "i" : "TRUMP_USDT",
      "m" : "4611686018430615832"
    }, {
      "d" : "1756462083811550802",
      "t" : 1756462083811,
      "tn" : 1756462083811550802,
      "q" : "0.15",
      "p" : "8.382",
      "s" : "sell",
      "i" : "TRUMP_USDT",
      "m" : "4611686018430615831"
    }, {
      "d" : "1756462072048151888",
      "t" : 1756462072048,
      "tn" : 1756462072048151888,
      "q" : "16.47",
      "p" : "8.380",
      "s" : "buy",
      "i" : "TRUMP_USDT",
      "m" : "4611686018430615830"
    }, {
      "d" : "1756462072047811470",
      "t" : 1756462072047,
      "tn" : 1756462072047811470,
      "q" : "85.60",
      "p" : "8.380",
      "s" : "buy",
      "i" : "TRUMP_USDT",
      "m" : "4611686018430615829"
    }, {
      "d" : "1756462072047412916",
      "t" : 1756462072047,
      "tn" : 1756462072047412916,
      "q" : "54.00",
      "p" : "8.380",
      "s" : "buy",
      "i" : "TRUMP_USDT",
      "m" : "4611686018430615828"
    }, {
      "d" : "1756461998974839853",
      "t" : 1756461998974,
      "tn" : 1756461998974839853,
      "q" : "11.13",
      "p" : "8.370",
      "s" : "buy",
      "i" : "TRUMP_USDT",
      "m" : "4611686018430615827"
    }, {
      "d" : "1756461998147966910",
      "t" : 1756461998147,
      "tn" : 1756461998147966909,
      "q" : "29.73",
      "p" : "8.369",
      "s" : "buy",
      "i" : "TRUMP_USDT",
      "m" : "4611686018430615826"
    }, {
      "d" : "1756461998147966909",
      "t" : 1756461998147,
      "tn" : 1756461998147966909,
      "q" : "0.24",
      "p" : "8.369",
      "s" : "buy",
      "i" : "TRUMP_USDT",
      "m" : "4611686018430615826"
    }, {
      "d" : "1756461979753853486",
      "t" : 1756461979753,
      "tn" : 1756461979753853486,
      "q" : "1.76",
      "p" : "8.365",
      "s" : "buy",
      "i" : "TRUMP_USDT",
      "m" : "4611686018430615825"
    }, {
      "d" : "1756461960921290995",
      "t" : 1756461960921,
      "tn" : 1756461960921290995,
      "q" : "0.15",
      "p" : "8.364",
      "s" : "sell",
      "i" : "TRUMP_USDT",
      "m" : "4611686018430615824"
    }, {
      "d" : "1756461949151159234",
      "t" : 1756461949151,
      "tn" : 1756461949151159234,
      "q" : "11.13",
      "p" : "8.360",
      "s" : "buy",
      "i" : "TRUMP_USDT",
      "m" : "4611686018430615823"
    }, {
      "d" : "1756461944997897702",
      "t" : 1756461944997,
      "tn" : 1756461944997897702,
      "q" : "11.13",
      "p" : "8.359",
      "s" : "buy",
      "i" : "TRUMP_USDT",
      "m" : "4611686018430615822"
    }, {
      "d" : "1756461837761243965",
      "t" : 1756461837761,
      "tn" : 1756461837761243965,
      "q" : "1.92",
      "p" : "8.361",
      "s" : "sell",
      "i" : "TRUMP_USDT",
      "m" : "4611686018430615821"
    }, {
      "d" : "1756461837745513218",
      "t" : 1756461837745,
      "tn" : 1756461837745513218,
      "q" : "0.15",
      "p" : "8.362",
      "s" : "sell",
      "i" : "TRUMP_USDT",
      "m" : "4611686018430615820"
    }, {
      "d" : "1756461823308509847",
      "t" : 1756461823308,
      "tn" : 1756461823308509846,
      "q" : "11.13",
      "p" : "8.360",
      "s" : "buy",
      "i" : "TRUMP_USDT",
      "m" : "4611686018430615819"
    }, {
      "d" : "1756461823308509846",
      "t" : 1756461823308,
      "tn" : 1756461823308509846,
      "q" : "135.31",
      "p" : "8.360",
      "s" : "buy",
      "i" : "TRUMP_USDT",
      "m" : "4611686018430615819"
    }, {
      "d" : "1756461816865606856",
      "t" : 1756461816865,
      "tn" : 1756461816865606856,
      "q" : "53.85",
      "p" : "8.361",
      "s" : "sell",
      "i" : "TRUMP_USDT",
      "m" : "4611686018430615818"
    }, {
      "d" : "1756461816865605356",
      "t" : 1756461816865,
      "tn" : 1756461816865605356,
      "q" : "0.15",
      "p" : "8.364",
      "s" : "sell",
      "i" : "TRUMP_USDT",
      "m" : "4611686018430615817"
    }, {
      "d" : "1756461808658250208",
      "t" : 1756461808658,
      "tn" : 1756461808658250208,
      "q" : "0.15",
      "p" : "8.364",
      "s" : "sell",
      "i" : "TRUMP_USDT",
      "m" : "4611686018430615816"
    }, {
      "d" : "1756461808468920250",
      "t" : 1756461808468,
      "tn" : 1756461808468920250,
      "q" : "0.15",
      "p" : "8.364",
      "s" : "sell",
      "i" : "TRUMP_USDT",
      "m" : "4611686018430615815"
    }, {
      "d" : "1756461808347781864",
      "t" : 1756461808347,
      "tn" : 1756461808347781864,
      "q" : "0.15",
      "p" : "8.364",
      "s" : "sell",
      "i" : "TRUMP_USDT",
      "m" : "4611686018430615814"
    }, {
      "d" : "1756461808312790937",
      "t" : 1756461808312,
      "tn" : 1756461808312790937,
      "q" : "0.15",
      "p" : "8.364",
      "s" : "sell",
      "i" : "TRUMP_USDT",
      "m" : "4611686018430615813"
    }, {
      "d" : "1756461808246868219",
      "t" : 1756461808246,
      "tn" : 1756461808246868219,
      "q" : "0.15",
      "p" : "8.364",
      "s" : "sell",
      "i" : "TRUMP_USDT",
      "m" : "4611686018430615812"
    }, {
      "d" : "1756461808211856080",
      "t" : 1756461808211,
      "tn" : 1756461808211856080,
      "q" : "0.15",
      "p" : "8.364",
      "s" : "sell",
      "i" : "TRUMP_USDT",
      "m" : "4611686018430615811"
    }, {
      "d" : "1756461808171893279",
      "t" : 1756461808171,
      "tn" : 1756461808171893279,
      "q" : "0.15",
      "p" : "8.364",
      "s" : "sell",
      "i" : "TRUMP_USDT",
      "m" : "4611686018430615810"
    }, {
      "d" : "1756461807116032233",
      "t" : 1756461807116,
      "tn" : 1756461807116032233,
      "q" : "0.15",
      "p" : "8.364",
      "s" : "sell",
      "i" : "TRUMP_USDT",
      "m" : "4611686018430615809"
    }, {
      "d" : "1756461807114569195",
      "t" : 1756461807114,
      "tn" : 1756461807114569195,
      "q" : "0.15",
      "p" : "8.364",
      "s" : "sell",
      "i" : "TRUMP_USDT",
      "m" : "4611686018430615808"
    }, {
      "d" : "1756461806573767783",
      "t" : 1756461806573,
      "tn" : 1756461806573767783,
      "q" : "0.15",
      "p" : "8.364",
      "s" : "sell",
      "i" : "TRUMP_USDT",
      "m" : "4611686018430615807"
    }, {
      "d" : "1756461806448632509",
      "t" : 1756461806448,
      "tn" : 1756461806448632509,
      "q" : "0.15",
      "p" : "8.364",
      "s" : "sell",
      "i" : "TRUMP_USDT",
      "m" : "4611686018430615806"
    }, {
      "d" : "1756461806402117469",
      "t" : 1756461806402,
      "tn" : 1756461806402117469,
      "q" : "0.15",
      "p" : "8.364",
      "s" : "sell",
      "i" : "TRUMP_USDT",
      "m" : "4611686018430615805"
    }, {
      "d" : "1756461806398604801",
      "t" : 1756461806398,
      "tn" : 1756461806398604801,
      "q" : "0.15",
      "p" : "8.364",
      "s" : "sell",
      "i" : "TRUMP_USDT",
      "m" : "4611686018430615804"
    }, {
      "d" : "1756461806147462901",
      "t" : 1756461806147,
      "tn" : 1756461806147462901,
      "q" : "0.15",
      "p" : "8.364",
      "s" : "sell",
      "i" : "TRUMP_USDT",
      "m" : "4611686018430615803"
    }, {
      "d" : "1756461806067359883",
      "t" : 1756461806067,
      "tn" : 1756461806067359883,
      "q" : "0.15",
      "p" : "8.364",
      "s" : "sell",
      "i" : "TRUMP_USDT",
      "m" : "4611686018430615802"
    }, {
      "d" : "1756461806047453863",
      "t" : 1756461806047,
      "tn" : 1756461806047453863,
      "q" : "0.15",
      "p" : "8.364",
      "s" : "sell",
      "i" : "TRUMP_USDT",
      "m" : "4611686018430615801"
    }, {
      "d" : "1756461805967317720",
      "t" : 1756461805967,
      "tn" : 1756461805967317720,
      "q" : "0.15",
      "p" : "8.364",
      "s" : "sell",
      "i" : "TRUMP_USDT",
      "m" : "4611686018430615800"
    }, {
      "d" : "1756461805686583546",
      "t" : 1756461805686,
      "tn" : 1756461805686583546,
      "q" : "0.15",
      "p" : "8.364",
      "s" : "sell",
      "i" : "TRUMP_USDT",
      "m" : "4611686018430615799"
    }, {
      "d" : "1756461805481322499",
      "t" : 1756461805481,
      "tn" : 1756461805481322499,
      "q" : "0.15",
      "p" : "8.364",
      "s" : "sell",
      "i" : "TRUMP_USDT",
      "m" : "4611686018430615798"
    }, {
      "d" : "1756461805346207871",
      "t" : 1756461805346,
      "tn" : 1756461805346207871,
      "q" : "0.15",
      "p" : "8.364",
      "s" : "sell",
      "i" : "TRUMP_USDT",
      "m" : "4611686018430615797"
    }, {
      "d" : "1756461805251206329",
      "t" : 1756461805251,
      "tn" : 1756461805251206329,
      "q" : "0.15",
      "p" : "8.364",
      "s" : "sell",
      "i" : "TRUMP_USDT",
      "m" : "4611686018430615796"
    }, {
      "d" : "1756461770759663372",
      "t" : 1756461770759,
      "tn" : 1756461770759663371,
      "q" : "11.13",
      "p" : "8.361",
      "s" : "sell",
      "i" : "TRUMP_USDT",
      "m" : "4611686018430615795"
    }, {
      "d" : "1756461770759663371",
      "t" : 1756461770759,
      "tn" : 1756461770759663371,
      "q" : "0.15",
      "p" : "8.361",
      "s" : "sell",
      "i" : "TRUMP_USDT",
      "m" : "4611686018430615795"
    }, {
      "d" : "1756461758189396283",
      "t" : 1756461758189,
      "tn" : 1756461758189396282,
      "q" : "11.13",
      "p" : "8.361",
      "s" : "sell",
      "i" : "TRUMP_USDT",
      "m" : "4611686018430615794"
    }, {
      "d" : "1756461758189396282",
      "t" : 1756461758189,
      "tn" : 1756461758189396282,
      "q" : "0.15",
      "p" : "8.361",
      "s" : "sell",
      "i" : "TRUMP_USDT",
      "m" : "4611686018430615794"
    }, {
      "d" : "1756461758128261750",
      "t" : 1756461758128,
      "tn" : 1756461758128261750,
      "q" : "11.13",
      "p" : "8.361",
      "s" : "sell",
      "i" : "TRUMP_USDT",
      "m" : "4611686018430615793"
    }, {
      "d" : "1756461758123164984",
      "t" : 1756461758123,
      "tn" : 1756461758123164983,
      "q" : "0.15",
      "p" : "8.361",
      "s" : "sell",
      "i" : "TRUMP_USDT",
      "m" : "4611686018430615792"
    }, {
      "d" : "1756461758123164983",
      "t" : 1756461758123,
      "tn" : 1756461758123164983,
      "q" : "11.13",
      "p" : "8.361",
      "s" : "sell",
      "i" : "TRUMP_USDT",
      "m" : "4611686018430615792"
    }, {
      "d" : "1756461758108231598",
      "t" : 1756461758108,
      "tn" : 1756461758108231597,
      "q" : "11.13",
      "p" : "8.361",
      "s" : "sell",
      "i" : "TRUMP_USDT",
      "m" : "4611686018430615791"
    }, {
      "d" : "1756461758108231597",
      "t" : 1756461758108,
      "tn" : 1756461758108231597,
      "q" : "0.15",
      "p" : "8.361",
      "s" : "sell",
      "i" : "TRUMP_USDT",
      "m" : "4611686018430615791"
    }, {
      "d" : "1756461758094476854",
      "t" : 1756461758094,
      "tn" : 1756461758094476853,
      "q" : "11.13",
      "p" : "8.361",
      "s" : "sell",
      "i" : "TRUMP_USDT",
      "m" : "4611686018430615790"
    }, {
      "d" : "1756461758094476853",
      "t" : 1756461758094,
      "tn" : 1756461758094476853,
      "q" : "0.15",
      "p" : "8.361",
      "s" : "sell",
      "i" : "TRUMP_USDT",
      "m" : "4611686018430615790"
    }, {
      "d" : "1756461758077366237",
      "t" : 1756461758077,
      "tn" : 1756461758077366236,
      "q" : "11.13",
      "p" : "8.361",
      "s" : "sell",
      "i" : "TRUMP_USDT",
      "m" : "4611686018430615789"
    }, {
      "d" : "1756461758077366236",
      "t" : 1756461758077,
      "tn" : 1756461758077366236,
      "q" : "0.15",
      "p" : "8.361",
      "s" : "sell",
      "i" : "TRUMP_USDT",
      "m" : "4611686018430615789"
    }, {
      "d" : "1756461758072353651",
      "t" : 1756461758072,
      "tn" : 1756461758072353650,
      "q" : "11.13",
      "p" : "8.361",
      "s" : "sell",
      "i" : "TRUMP_USDT",
      "m" : "4611686018430615788"
    }, {
      "d" : "1756461758072353650",
      "t" : 1756461758072,
      "tn" : 1756461758072353650,
      "q" : "0.15",
      "p" : "8.361",
      "s" : "sell",
      "i" : "TRUMP_USDT",
      "m" : "4611686018430615788"
    }, {
      "d" : "1756461758059297075",
      "t" : 1756461758059,
      "tn" : 1756461758059297074,
      "q" : "11.13",
      "p" : "8.361",
      "s" : "sell",
      "i" : "TRUMP_USDT",
      "m" : "4611686018430615787"
    }, {
      "d" : "1756461758059297074",
      "t" : 1756461758059,
      "tn" : 1756461758059297074,
      "q" : "0.15",
      "p" : "8.361",
      "s" : "sell",
      "i" : "TRUMP_USDT",
      "m" : "4611686018430615787"
    }, {
      "d" : "1756461758044323252",
      "t" : 1756461758044,
      "tn" : 1756461758044323251,
      "q" : "11.13",
      "p" : "8.361",
      "s" : "sell",
      "i" : "TRUMP_USDT",
      "m" : "4611686018430615786"
    }, {
      "d" : "1756461758044323251",
      "t" : 1756461758044,
      "tn" : 1756461758044323251,
      "q" : "0.15",
      "p" : "8.361",
      "s" : "sell",
      "i" : "TRUMP_USDT",
      "m" : "4611686018430615786"
    }, {
      "d" : "1756461757987154186",
      "t" : 1756461757987,
      "tn" : 1756461757987154185,
      "q" : "11.13",
      "p" : "8.361",
      "s" : "sell",
      "i" : "TRUMP_USDT",
      "m" : "4611686018430615785"
    }, {
      "d" : "1756461757987154185",
      "t" : 1756461757987,
      "tn" : 1756461757987154185,
      "q" : "0.15",
      "p" : "8.361",
      "s" : "sell",
      "i" : "TRUMP_USDT",
      "m" : "4611686018430615785"
    }, {
      "d" : "1756461757974132759",
      "t" : 1756461757974,
      "tn" : 1756461757974132758,
      "q" : "0.15",
      "p" : "8.361",
      "s" : "sell",
      "i" : "TRUMP_USDT",
      "m" : "4611686018430615784"
    }, {
      "d" : "1756461757974132758",
      "t" : 1756461757974,
      "tn" : 1756461757974132758,
      "q" : "11.13",
      "p" : "8.361",
      "s" : "sell",
      "i" : "TRUMP_USDT",
      "m" : "4611686018430615784"
    }, {
      "d" : "1756461757964111251",
      "t" : 1756461757964,
      "tn" : 1756461757964111250,
      "q" : "0.15",
      "p" : "8.361",
      "s" : "sell",
      "i" : "TRUMP_USDT",
      "m" : "4611686018430615783"
    }, {
      "d" : "1756461757964111250",
      "t" : 1756461757964,
      "tn" : 1756461757964111250,
      "q" : "11.13",
      "p" : "8.361",
      "s" : "sell",
      "i" : "TRUMP_USDT",
      "m" : "4611686018430615783"
    }, {
      "d" : "1756461757949995829",
      "t" : 1756461757949,
      "tn" : 1756461757949995828,
      "q" : "11.13",
      "p" : "8.361",
      "s" : "sell",
      "i" : "TRUMP_USDT",
      "m" : "4611686018430615782"
    }, {
      "d" : "1756461757949995828",
      "t" : 1756461757949,
      "tn" : 1756461757949995828,
      "q" : "0.15",
      "p" : "8.361",
      "s" : "sell",
      "i" : "TRUMP_USDT",
      "m" : "4611686018430615782"
    }, {
      "d" : "1756461757940206696",
      "t" : 1756461757940,
      "tn" : 1756461757940206695,
      "q" : "11.13",
      "p" : "8.361",
      "s" : "sell",
      "i" : "TRUMP_USDT",
      "m" : "4611686018430615781"
    }, {
      "d" : "1756461757940206695",
      "t" : 1756461757940,
      "tn" : 1756461757940206695,
      "q" : "0.15",
      "p" : "8.361",
      "s" : "sell",
      "i" : "TRUMP_USDT",
      "m" : "4611686018430615781"
    }, {
      "d" : "1756461757921878805",
      "t" : 1756461757921,
      "tn" : 1756461757921878804,
      "q" : "11.13",
      "p" : "8.361",
      "s" : "sell",
      "i" : "TRUMP_USDT",
      "m" : "4611686018430615780"
    }, {
      "d" : "1756461757921878804",
      "t" : 1756461757921,
      "tn" : 1756461757921878804,
      "q" : "0.15",
      "p" : "8.361",
      "s" : "sell",
      "i" : "TRUMP_USDT",
      "m" : "4611686018430615780"
    }, {
      "d" : "1756461757908726616",
      "t" : 1756461757908,
      "tn" : 1756461757908726615,
      "q" : "11.13",
      "p" : "8.361",
      "s" : "sell",
      "i" : "TRUMP_USDT",
      "m" : "4611686018430615779"
    }, {
      "d" : "1756461757908726615",
      "t" : 1756461757908,
      "tn" : 1756461757908726615,
      "q" : "0.15",
      "p" : "8.361",
      "s" : "sell",
      "i" : "TRUMP_USDT",
      "m" : "4611686018430615779"
    }, {
      "d" : "1756461757906896440",
      "t" : 1756461757906,
      "tn" : 1756461757906896439,
      "q" : "11.13",
      "p" : "8.361",
      "s" : "sell",
      "i" : "TRUMP_USDT",
      "m" : "4611686018430615778"
    }, {
      "d" : "1756461757906896439",
      "t" : 1756461757906,
      "tn" : 1756461757906896439,
      "q" : "0.15",
      "p" : "8.361",
      "s" : "sell",
      "i" : "TRUMP_USDT",
      "m" : "4611686018430615778"
    }, {
      "d" : "1756461757894059472",
      "t" : 1756461757894,
      "tn" : 1756461757894059471,
      "q" : "11.13",
      "p" : "8.361",
      "s" : "sell",
      "i" : "TRUMP_USDT",
      "m" : "4611686018430615777"
    }, {
      "d" : "1756461757894059471",
      "t" : 1756461757894,
      "tn" : 1756461757894059471,
      "q" : "0.15",
      "p" : "8.361",
      "s" : "sell",
      "i" : "TRUMP_USDT",
      "m" : "4611686018430615777"
    }, {
      "d" : "1756461757890762877",
      "t" : 1756461757890,
      "tn" : 1756461757890762876,
      "q" : "11.13",
      "p" : "8.361",
      "s" : "sell",
      "i" : "TRUMP_USDT",
      "m" : "4611686018430615776"
    }, {
      "d" : "1756461757890762876",
      "t" : 1756461757890,
      "tn" : 1756461757890762876,
      "q" : "0.15",
      "p" : "8.361",
      "s" : "sell",
      "i" : "TRUMP_USDT",
      "m" : "4611686018430615776"
    }, {
      "d" : "1756461753691240901",
      "t" : 1756461753691,
      "tn" : 1756461753691240901,
      "q" : "0.24",
      "p" : "8.356",
      "s" : "buy",
      "i" : "TRUMP_USDT",
      "m" : "4611686018430615775"
    }, {
      "d" : "1756461638210810680",
      "t" : 1756461638210,
      "tn" : 1756461638210810680,
      "q" : "0.24",
      "p" : "8.342",
      "s" : "buy",
      "i" : "TRUMP_USDT",
      "m" : "4611686018430615774"
    }, {
      "d" : "1756461634731721884",
      "t" : 1756461634731,
      "tn" : 1756461634731721884,
      "q" : "24.29",
      "p" : "8.341",
      "s" : "buy",
      "i" : "TRUMP_USDT",
      "m" : "4611686018430615773"
    }, {
      "d" : "1756461633821573673",
      "t" : 1756461633821,
      "tn" : 1756461633821573672,
      "q" : "0.15",
      "p" : "8.339",
      "s" : "buy",
      "i" : "TRUMP_USDT",
      "m" : "4611686018430615772"
    }, {
      "d" : "1756461633821573672",
      "t" : 1756461633821,
      "tn" : 1756461633821573672,
      "q" : "11.13",
      "p" : "8.339",
      "s" : "buy",
      "i" : "TRUMP_USDT",
      "m" : "4611686018430615772"
    }, {
      "d" : "1756461633810311339",
      "t" : 1756461633810,
      "tn" : 1756461633810311339,
      "q" : "11.13",
      "p" : "8.339",
      "s" : "buy",
      "i" : "TRUMP_USDT",
      "m" : "4611686018430615771"
    }, {
      "d" : "1756461633795271738",
      "t" : 1756461633795,
      "tn" : 1756461633795271737,
      "q" : "0.15",
      "p" : "8.339",
      "s" : "buy",
      "i" : "TRUMP_USDT",
      "m" : "4611686018430615770"
    }, {
      "d" : "1756461633795271737",
      "t" : 1756461633795,
      "tn" : 1756461633795271737,
      "q" : "11.13",
      "p" : "8.339",
      "s" : "buy",
      "i" : "TRUMP_USDT",
      "m" : "4611686018430615770"
    }, {
      "d" : "1756461633780209856",
      "t" : 1756461633780,
      "tn" : 1756461633780209856,
      "q" : "11.13",
      "p" : "8.339",
      "s" : "buy",
      "i" : "TRUMP_USDT",
      "m" : "4611686018430615769"
    }, {
      "d" : "1756461633756508722",
      "t" : 1756461633756,
      "tn" : 1756461633756508721,
      "q" : "11.13",
      "p" : "8.339",
      "s" : "buy",
      "i" : "TRUMP_USDT",
      "m" : "4611686018430615768"
    }, {
      "d" : "1756461633756508721",
      "t" : 1756461633756,
      "tn" : 1756461633756508721,
      "q" : "0.15",
      "p" : "8.339",
      "s" : "buy",
      "i" : "TRUMP_USDT",
      "m" : "4611686018430615768"
    }, {
      "d" : "1756461633226918671",
      "t" : 1756461633226,
      "tn" : 1756461633226918671,
      "q" : "11.13",
      "p" : "8.339",
      "s" : "buy",
      "i" : "TRUMP_USDT",
      "m" : "4611686018430615767"
    }, {
      "d" : "1756461633219614213",
      "t" : 1756461633219,
      "tn" : 1756461633219614212,
      "q" : "11.13",
      "p" : "8.339",
      "s" : "buy",
      "i" : "TRUMP_USDT",
      "m" : "4611686018430615766"
    }, {
      "d" : "1756461633219614212",
      "t" : 1756461633219,
      "tn" : 1756461633219614212,
      "q" : "0.15",
      "p" : "8.339",
      "s" : "buy",
      "i" : "TRUMP_USDT",
      "m" : "4611686018430615766"
    }, {
      "d" : "1756461406568415282",
      "t" : 1756461406568,
      "tn" : 1756461406568415282,
      "q" : "0.24",
      "p" : "8.344",
      "s" : "buy",
      "i" : "TRUMP_USDT",
      "m" : "4611686018430615765"
    }, {
      "d" : "1756461333558893726",
      "t" : 1756461333558,
      "tn" : 1756461333558893726,
      "q" : "0.15",
      "p" : "8.342",
      "s" : "sell",
      "i" : "TRUMP_USDT",
      "m" : "4611686018430615764"
    }, {
      "d" : "1756461333494039923",
      "t" : 1756461333494,
      "tn" : 1756461333494039923,
      "q" : "53.75",
      "p" : "8.342",
      "s" : "sell",
      "i" : "TRUMP_USDT",
      "m" : "4611686018430615763"
    }, {
      "d" : "1756461333494037730",
      "t" : 1756461333494,
      "tn" : 1756461333494037730,
      "q" : "0.24",
      "p" : "8.343",
      "s" : "sell",
      "i" : "TRUMP_USDT",
      "m" : "4611686018430615762"
    }, {
      "d" : "1756461287363109133",
      "t" : 1756461287363,
      "tn" : 1756461287363109133,
      "q" : "0.15",
      "p" : "8.343",
      "s" : "sell",
      "i" : "TRUMP_USDT",
      "m" : "4611686018430615761"
    }, {
      "d" : "1756461245162908887",
      "t" : 1756461245162,
      "tn" : 1756461245162908887,
      "q" : "0.15",
      "p" : "8.341",
      "s" : "sell",
      "i" : "TRUMP_USDT",
      "m" : "4611686018430615760"
    }, {
      "d" : "1756461245162906650",
      "t" : 1756461245162,
      "tn" : 1756461245162906650,
      "q" : "0.15",
      "p" : "8.342",
      "s" : "sell",
      "i" : "TRUMP_USDT",
      "m" : "4611686018430615759"
    }, {
      "d" : "1756461245133181027",
      "t" : 1756461245133,
      "tn" : 1756461245133181027,
      "q" : "10.98",
      "p" : "8.341",
      "s" : "sell",
      "i" : "TRUMP_USDT",
      "m" : "4611686018430615758"
    }, {
      "d" : "1756461245133179270",
      "t" : 1756461245133,
      "tn" : 1756461245133179270,
      "q" : "0.15",
      "p" : "8.342",
      "s" : "sell",
      "i" : "TRUMP_USDT",
      "m" : "4611686018430615757"
    }, {
      "d" : "1756461241098221006",
      "t" : 1756461241098,
      "tn" : 1756461241098221005,
      "q" : "11.13",
      "p" : "8.339",
      "s" : "buy",
      "i" : "TRUMP_USDT",
      "m" : "4611686018430615756"
    }, {
      "d" : "1756461241098221005",
      "t" : 1756461241098,
      "tn" : 1756461241098221005,
      "q" : "0.15",
      "p" : "8.339",
      "s" : "buy",
      "i" : "TRUMP_USDT",
      "m" : "4611686018430615756"
    }, {
      "d" : "1756461189961084900",
      "t" : 1756461189961,
      "tn" : 1756461189961084900,
      "q" : "11.13",
      "p" : "8.341",
      "s" : "sell",
      "i" : "TRUMP_USDT",
      "m" : "4611686018430615755"
    }, {
      "d" : "1756461189961083348",
      "t" : 1756461189961,
      "tn" : 1756461189961083348,
      "q" : "0.15",
      "p" : "8.342",
      "s" : "sell",
      "i" : "TRUMP_USDT",
      "m" : "4611686018430615754"
    }, {
      "d" : "1756461185950799608",
      "t" : 1756461185950,
      "tn" : 1756461185950799608,
      "q" : "0.32",
      "p" : "8.337",
      "s" : "buy",
      "i" : "TRUMP_USDT",
      "m" : "4611686018430615753"
    }, {
      "d" : "1756461146789134093",
      "t" : 1756461146789,
      "tn" : 1756461146789134092,
      "q" : "11.13",
      "p" : "8.341",
      "s" : "sell",
      "i" : "TRUMP_USDT",
      "m" : "4611686018430615752"
    }, {
      "d" : "1756461146789134092",
      "t" : 1756461146789,
      "tn" : 1756461146789134092,
      "q" : "0.15",
      "p" : "8.341",
      "s" : "sell",
      "i" : "TRUMP_USDT",
      "m" : "4611686018430615752"
    }, {
      "d" : "1756461146681930856",
      "t" : 1756461146681,
      "tn" : 1756461146681930856,
      "q" : "0.15",
      "p" : "8.341",
      "s" : "sell",
      "i" : "TRUMP_USDT",
      "m" : "4611686018430615751"
    } ]
  }
}