{
  "id" : -1,
  "method" : "public/get-trades",
  "code" : 0,
  "result" : {
    "data" : [ {
      "d" : "1756458051997398692",
      "t" : 1756458051997,
      "tn" : 1756458051997398692,
      "q" : "0.15",
      "p" : "0.04010",
      "s" : "buy",
      "i" : "TRUMP_SOL",
      "m" : "4611686018427447122"
    }, {
      "d" : "1756455611567008540",
      "t" : 1756455611567,
      "tn" : 1756455611567008540,
      "q" : "0.15",
      "p" : "0.04006",
      "s" : "buy",
      "i" : "TRUMP_SOL",
      "m" : "4611686018427447121"
    }, {
      "d" : "1756455074712973410",
      "t" : 1756455074712,
      "tn" : 1756455074712973410,
      "q" : "0.24",
      "p" : "0.04000",
      "s" : "sell",
      "i" : "TRUMP_SOL",
      "m" : "4611686018427447120"
    }, {
      "d" : "1756454958823768943",
      "t" : 1756454958823,
      "tn" : 1756454958823768943,
      "q" : "0.24",
      "p" : "0.04007",
      "s" : "sell",
      "i" : "TRUMP_SOL",
      "m" : "4611686018427447119"
    }, {
      "d" : "1756454448333774697",
      "t" : 1756454448333,
      "tn" : 1756454448333774697,
      "q" : "0.15",
      "p" : "0.04002",
      "s" : "sell",
      "i" : "TRUMP_SOL",
      "m" : "4611686018427447118"
    }, {
      "d" : "1756453729061536547",
      "t" : 1756453729061,
      "tn" : 1756453729061536547,
      "q" : "0.24",
      "p" : "0.03999",
      "s" : "buy",
      "i" : "TRUMP_SOL",
      "m" : "4611686018427447117"
    }, {
      "d" : "1756453492647827183",
      "t" : 1756453492647,
      "tn" : 1756453492647827183,
      "q" : "0.24",
      "p" : "0.04006",
      "s" : "buy",
      "i" : "TRUMP_SOL",
      "m" : "4611686018427447116"
    }, {
      "d" : "1756452331614070220",
      "t" : 1756452331614,
      "tn" : 1756452331614070220,
      "q" : "0.15",
      "p" : "0.04013",
      "s" : "buy",
      "i" : "TRUMP_SOL",
      "m" : "4611686018427447115"
    }, {
      "d" : "1756452134288778862",
      "t" : 1756452134288,
      "tn" : 1756452134288778862,
      "q" : "0.15",
      "p" : "0.04011",
      "s" : "buy",
      "i" : "TRUMP_SOL",
      "m" : "4611686018427447114"
    }, {
      "d" : "1756451949801286363",
      "t" : 1756451949801,
      "tn" : 1756451949801286363,
      "q" : "0.15",
      "p" : "0.04008",
      "s" : "buy",
      "i" : "TRUMP_SOL",
      "m" : "4611686018427447113"
    }, {
      "d" : "1756451752255107806",
      "t" : 1756451752255,
      "tn" : 1756451752255107806,
      "q" : "0.24",
      "p" : "0.04018",
      "s" : "sell",
      "i" : "TRUMP_SOL",
      "m" : "4611686018427447112"
    }, {
      "d" : "1756451670783250340",
      "t" : 1756451670783,
      "tn" : 1756451670783250340,
      "q" : "0.24",
      "p" : "0.04018",
      "s" : "buy",
      "i" : "TRUMP_SOL",
      "m" : "4611686018427447111"
    }, {
      "d" : "1756451368497167159",
      "t" : 1756451368497,
      "tn" : 1756451368497167159,
      "q" : "0.14",
      "p" : "0.04017",
      "s" : "buy",
      "i" : "TRUMP_SOL",
      "m" : "4611686018427447110"
    }, {
      "d" : "1756451278009744162",
      "t" : 1756451278009,
      "tn" : 1756451278009744162,
      "q" : "0.15",
      "p" : "0.04014",
      "s" : "buy",
      "i" : "TRUMP_SOL",
      "m" : "4611686018427447109"
    }, {
      "d" : "1756451255762909116",
      "t" : 1756451255762,
      "tn" : 1756451255762909116,
      "q" : "0.24",
      "p" : "0.04005",
      "s" : "buy",
      "i" : "TRUMP_SOL",
      "m" : "4611686018427447108"
    }, {
      "d" : "1756451232270485595",
      "t" : 1756451232270,
      "tn" : 1756451232270485595,
      "q" : "0.15",
      "p" : "0.04000",
      "s" : "buy",
      "i" : "TRUMP_SOL",
      "m" : "4611686018427447107"
    }, {
      "d" : "1756451140705212228",
      "t" : 1756451140705,
      "tn" : 1756451140705212228,
      "q" : "0.15",
      "p" : "0.03995",
      "s" : "buy",
      "i" : "TRUMP_SOL",
      "m" : "4611686018427447106"
    }, {
      "d" : "1756451110023296435",
      "t" : 1756451110023,
      "tn" : 1756451110023296435,
      "q" : "0.24",
      "p" : "0.03986",
      "s" : "buy",
      "i" : "TRUMP_SOL",
      "m" : "4611686018427447105"
    }, {
      "d" : "1756450898807329585",
      "t" : 1756450898807,
      "tn" : 1756450898807329585,
      "q" : "0.24",
      "p" : "0.03998",
      "s" : "buy",
      "i" : "TRUMP_SOL",
      "m" : "4611686018427447104"
    }, {
      "d" : "1756450822414940030",
      "t" : 1756450822414,
      "tn" : 1756450822414940030,
      "q" : "0.24",
      "p" : "0.03993",
      "s" : "buy",
      "i" : "TRUMP_SOL",
      "m" : "4611686018427447103"
    }, {
      "d" : "1756449898561135899",
      "t" : 1756449898561,
      "tn" : 1756449898561135899,
      "q" : "0.24",
      "p" : "0.03954",
      "s" : "sell",
      "i" : "TRUMP_SOL",
      "m" : "4611686018427447102"
    }, {
      "d" : "1756449729303868588",
      "t" : 1756449729303,
      "tn" : 1756449729303868588,
      "q" : "0.24",
      "p" : "0.03957",
      "s" : "buy",
      "i" : "TRUMP_SOL",
      "m" : "4611686018427447101"
    }, {
      "d" : "1756449591759266382",
      "t" : 1756449591759,
      "tn" : 1756449591759266382,
      "q" : "0.24",
      "p" : "0.03957",
      "s" : "sell",
      "i" : "TRUMP_SOL",
      "m" : "4611686018427447100"
    }, {
      "d" : "1756449518608647761",
      "t" : 1756449518608,
      "tn" : 1756449518608647761,
      "q" : "0.24",
      "p" : "0.03957",
      "s" : "sell",
      "i" : "TRUMP_SOL",
      "m" : "4611686018427447099"
    }, {
      "d" : "1756449517804015770",
      "t" : 1756449517804,
      "tn" : 1756449517804015770,
      "q" : "0.24",
      "p" : "0.03956",
      "s" : "sell",
      "i" : "TRUMP_SOL",
      "m" : "4611686018427447098"
    }, {
      "d" : "1756443557508662709",
      "t" : 1756443557508,
      "tn" : 1756443557508662709,
      "q" : "0.24",
      "p" : "0.03932",
      "s" : "sell",
      "i" : "TRUMP_SOL",
      "m" : "4611686018427447097"
    }, {
      "d" : "1756437838217382487",
      "t" : 1756437838217,
      "tn" : 1756437838217382487,
      "q" : "0.15",
      "p" : "0.03949",
      "s" : "sell",
      "i" : "TRUMP_SOL",
      "m" : "4611686018427447096"
    }, {
      "d" : "1756435414916837624",
      "t" : 1756435414916,
      "tn" : 1756435414916837624,
      "q" : "0.24",
      "p" : "0.03941",
      "s" : "sell",
      "i" : "TRUMP_SOL",
      "m" : "4611686018427447095"
    }, {
      "d" : "1756435265596073683",
      "t" : 1756435265596,
      "tn" : 1756435265596073683,
      "q" : "0.24",
      "p" : "0.03942",
      "s" : "sell",
      "i" : "TRUMP_SOL",
      "m" : "4611686018427447094"
    }, {
      "d" : "1756434278701809289",
      "t" : 1756434278701,
      "tn" : 1756434278701809289,
      "q" : "0.24",
      "p" : "0.03935",
      "s" : "sell",
      "i" : "TRUMP_SOL",
      "m" : "4611686018427447093"
    }, {
      "d" : "1756433662503445245",
      "t" : 1756433662503,
      "tn" : 1756433662503445245,
      "q" : "0.24",
      "p" : "0.03943",
      "s" : "sell",
      "i" : "TRUMP_SOL",
      "m" : "4611686018427447092"
    }, {
      "d" : "1756432870759916643",
      "t" : 1756432870759,
      "tn" : 1756432870759916643,
      "q" : "0.24",
      "p" : "0.03976",
      "s" : "buy",
      "i" : "TRUMP_SOL",
      "m" : "4611686018427447091"
    }, {
      "d" : "1756432333187821125",
      "t" : 1756432333187,
      "tn" : 1756432333187821125,
      "q" : "0.24",
      "p" : "0.03966",
      "s" : "buy",
      "i" : "TRUMP_SOL",
      "m" : "4611686018427447090"
    }, {
      "d" : "1756431975824738149",
      "t" : 1756431975824,
      "tn" : 1756431975824738149,
      "q" : "0.24",
      "p" : "0.03955",
      "s" : "buy",
      "i" : "TRUMP_SOL",
      "m" : "4611686018427447089"
    }, {
      "d" : "1756431014759833882",
      "t" : 1756431014759,
      "tn" : 1756431014759833882,
      "q" : "0.24",
      "p" : "0.03985",
      "s" : "sell",
      "i" : "TRUMP_SOL",
      "m" : "4611686018427447088"
    }, {
      "d" : "1756430312506573866",
      "t" : 1756430312506,
      "tn" : 1756430312506573866,
      "q" : "0.24",
      "p" : "0.03987",
      "s" : "buy",
      "i" : "TRUMP_SOL",
      "m" : "4611686018427447087"
    }, {
      "d" : "1756428844095749858",
      "t" : 1756428844095,
      "tn" : 1756428844095749858,
      "q" : "0.24",
      "p" : "0.03977",
      "s" : "buy",
      "i" : "TRUMP_SOL",
      "m" : "4611686018427447086"
    }, {
      "d" : "1756428842459414384",
      "t" : 1756428842459,
      "tn" : 1756428842459414384,
      "q" : "0.24",
      "p" : "0.03976",
      "s" : "buy",
      "i" : "TRUMP_SOL",
      "m" : "4611686018427447085"
    }, {
      "d" : "1756428334296860392",
      "t" : 1756428334296,
      "tn" : 1756428334296860392,
      "q" : "0.24",
      "p" : "0.03970",
      "s" : "buy",
      "i" : "TRUMP_SOL",
      "m" : "4611686018427447084"
    }, {
      "d" : "1756428186281154046",
      "t" : 1756428186281,
      "tn" : 1756428186281154046,
      "q" : "0.24",
      "p" : "0.03968",
      "s" : "buy",
      "i" : "TRUMP_SOL",
      "m" : "4611686018427447083"
    }, {
      "d" : "1756428154406766461",
      "t" : 1756428154406,
      "tn" : 1756428154406766461,
      "q" : "0.24",
      "p" : "0.03965",
      "s" : "buy",
      "i" : "TRUMP_SOL",
      "m" : "4611686018427447082"
    }, {
      "d" : "1756427937068563977",
      "t" : 1756427937068,
      "tn" : 1756427937068563977,
      "q" : "0.24",
      "p" : "0.03964",
      "s" : "buy",
      "i" : "TRUMP_SOL",
      "m" : "4611686018427447081"
    }, {
      "d" : "1756427741855396363",
      "t" : 1756427741855,
      "tn" : 1756427741855396363,
      "q" : "0.24",
      "p" : "0.03967",
      "s" : "sell",
      "i" : "TRUMP_SOL",
      "m" : "4611686018427447080"
    }, {
      "d" : "1756427524022713212",
      "t" : 1756427524022,
      "tn" : 1756427524022713212,
      "q" : "0.24",
      "p" : "0.03967",
      "s" : "sell",
      "i" : "TRUMP_SOL",
      "m" : "4611686018427447079"
    }, {
      "d" : "1756427477945506187",
      "t" : 1756427477945,
      "tn" : 1756427477945506187,
      "q" : "0.24",
      "p" : "0.03973",
      "s" : "buy",
      "i" : "TRUMP_SOL",
      "m" : "4611686018427447078"
    }, {
      "d" : "1756427466628505822",
      "t" : 1756427466628,
      "tn" : 1756427466628505822,
      "q" : "0.24",
      "p" : "0.03967",
      "s" : "buy",
      "i" : "TRUMP_SOL",
      "m" : "4611686018427447077"
    }, {
      "d" : "1756427445834042910",
      "t" : 1756427445834,
      "tn" : 1756427445834042910,
      "q" : "0.24",
      "p" : "0.03961",
      "s" : "buy",
      "i" : "TRUMP_SOL",
      "m" : "4611686018427447076"
    }, {
      "d" : "1756427367730450701",
      "t" : 1756427367730,
      "tn" : 1756427367730450701,
      "q" : "0.24",
      "p" : "0.03952",
      "s" : "sell",
      "i" : "TRUMP_SOL",
      "m" : "4611686018427447075"
    }, {
      "d" : "1756426133113069555",
      "t" : 1756426133113,
      "tn" : 1756426133113069555,
      "q" : "0.24",
      "p" : "0.03982",
      "s" : "buy",
      "i" : "TRUMP_SOL",
      "m" : "4611686018427447074"
    }, {
      "d" : "1756420349403953561",
      "t" : 1756420349403,
      "tn" : 1756420349403953561,
      "q" : "0.24",
      "p" : "0.03986",
      "s" : "sell",
      "i" : "TRUMP_SOL",
      "m" : "4611686018427447073"
    }, {
      "d" : "1756418700754530711",
      "t" : 1756418700754,
      "tn" : 1756418700754530711,
      "q" : "0.24",
      "p" : "0.03994",
      "s" : "sell",
      "i" : "TRUMP_SOL",
      "m" : "4611686018427447072"
    }, {
      "d" : "1756416021227567149",
      "t" : 1756416021227,
      "tn" : 1756416021227567149,
      "q" : "0.24",
      "p" : "0.04004",
      "s" : "buy",
      "i" : "TRUMP_SOL",
      "m" : "4611686018427447071"
    }, {
      "d" : "1756415892364087530",
      "t" : 1756415892364,
      "tn" : 1756415892364087530,
      "q" : "0.24",
      "p" : "0.04004",
      "s" : "buy",
      "i" : "TRUMP_SOL",
      "m" : "4611686018427447070"
    }, {
      "d" : "1756411316644719230",
      "t" : 1756411316644,
      "tn" : 1756411316644719230,
      "q" : "0.24",
      "p" : "0.04024",
      "s" : "sell",
      "i" : "TRUMP_SOL",
      "m" : "4611686018427447069"
    }, {
      "d" : "1756410960728303077",
      "t" : 1756410960728,
      "tn" : 1756410960728303077,
      "q" : "0.24",
      "p" : "0.04030",
      "s" : "buy",
      "i" : "TRUMP_SOL",
      "m" : "4611686018427447068"
    }, {
      "d" : "1756410205491574865",
      "t" : 1756410205491,
      "tn" : 1756410205491574865,
      "q" : "0.24",
      "p" : "0.04036",
      "s" : "buy",
      "i" : "TRUMP_SOL",
      "m" : "4611686018427447067"
    }, {
      "d" : "1756407302313507336",
      "t" : 1756407302313,
      "tn" : 1756407302313507336,
      "q" : "0.24",
      "p" : "0.04030",
      "s" : "buy",
      "i" : "TRUMP_SOL",
      "m" : "4611686018427447066"
    }, {
      "d" : "1756406942796617578",
      "t" : 1756406942796,
      "tn" : 1756406942796617578,
      "q" : "0.09",
      "p" : "0.04040",
      "s" : "buy",
      "i" : "TRUMP_SOL",
      "m" : "4611686018427447065"
    }, {
      "d" : "1756406942774785770",
      "t" : 1756406942774,
      "tn" : 1756406942774785770,
      "q" : "0.15",
      "p" : "0.04040",
      "s" : "buy",
      "i" : "TRUMP_SOL",
      "m" : "4611686018427447064"
    }, {
      "d" : "1756400355139551018",
      "t" : 1756400355139,
      "tn" : 1756400355139551018,
      "q" : "0.10",
      "p" : "0.04055",
      "s" : "buy",
      "i" : "TRUMP_SOL",
      "m" : "4611686018427447063"
    }, {
      "d" : "1756400354185220154",
      "t" : 1756400354185,
      "tn" : 1756400354185220154,
      "q" : "0.14",
      "p" : "0.04055",
      "s" : "buy",
      "i" : "TRUMP_SOL",
      "m" : "4611686018427447062"
    }, {
      "d" : "1756398302390500238",
      "t" : 1756398302390,
      "tn" : 1756398302390500238,
      "q" : "0.24",
      "p" : "0.04030",
      "s" : "buy",
      "i" : "TRUMP_SOL",
      "m" : "4611686018427447061"
    }, {
      "d" : "1756397886032432667",
      "t" : 1756397886032,
      "tn" : 1756397886032432667,
      "q" : "0.24",
      "p" : "0.04033",
      "s" : "sell",
      "i" : "TRUMP_SOL",
      "m" : "4611686018427447060"
    }, {
      "d" : "1756394566008427753",
      "t" : 1756394566008,
      "tn" : 1756394566008427753,
      "q" : "0.24",
      "p" : "0.04037",
      "s" : "buy",
      "i" : "TRUMP_SOL",
      "m" : "4611686018427447059"
    }, {
      "d" : "1756394419516564657",
      "t" : 1756394419516,
      "tn" : 1756394419516564657,
      "q" : "0.24",
      "p" : "0.04035",
      "s" : "buy",
      "i" : "TRUMP_SOL",
      "m" : "4611686018427447058"
    }, {
      "d" : "1756393268216568642",
      "t" : 1756393268216,
      "tn" : 1756393268216568642,
      "q" : "0.24",
      "p" : "0.04012",
      "s" : "buy",
      "i" : "TRUMP_SOL",
      "m" : "4611686018427447057"
    }, {
      "d" : "1756392937863161249",
      "t" : 1756392937863,
      "tn" : 1756392937863161249,
      "q" : "0.15",
      "p" : "0.04003",
      "s" : "sell",
      "i" : "TRUMP_SOL",
      "m" : "4611686018427447056"
    }, {
      "d" : "1756391997104446837",
      "t" : 1756391997104,
      "tn" : 1756391997104446837,
      "q" : "0.24",
      "p" : "0.04013",
      "s" : "sell",
      "i" : "TRUMP_SOL",
      "m" : "4611686018427447055"
    }, {
      "d" : "1756391965973454218",
      "t" : 1756391965973,
      "tn" : 1756391965973454218,
      "q" : "0.24",
      "p" : "0.04018",
      "s" : "sell",
      "i" : "TRUMP_SOL",
      "m" : "4611686018427447054"
    }, {
      "d" : "1756390269658499223",
      "t" : 1756390269658,
      "tn" : 1756390269658499223,
      "q" : "0.24",
      "p" : "0.03992",
      "s" : "sell",
      "i" : "TRUMP_SOL",
      "m" : "4611686018427447053"
    }, {
      "d" : "1756390030796242500",
      "t" : 1756390030796,
      "tn" : 1756390030796242500,
      "q" : "0.24",
      "p" : "0.04003",
      "s" : "sell",
      "i" : "TRUMP_SOL",
      "m" : "4611686018427447052"
    }, {
      "d" : "1756389807255773475",
      "t" : 1756389807255,
      "tn" : 1756389807255773475,
      "q" : "0.15",
      "p" : "0.04014",
      "s" : "sell",
      "i" : "TRUMP_SOL",
      "m" : "4611686018427447051"
    }, {
      "d" : "1756389653607332432",
      "t" : 1756389653607,
      "tn" : 1756389653607332432,
      "q" : "0.24",
      "p" : "0.04020",
      "s" : "buy",
      "i" : "TRUMP_SOL",
      "m" : "4611686018427447050"
    }, {
      "d" : "1756388729428490326",
      "t" : 1756388729428,
      "tn" : 1756388729428490326,
      "q" : "0.24",
      "p" : "0.03975",
      "s" : "buy",
      "i" : "TRUMP_SOL",
      "m" : "4611686018427447049"
    }, {
      "d" : "1756388365603536504",
      "t" : 1756388365603,
      "tn" : 1756388365603536504,
      "q" : "0.24",
      "p" : "0.03958",
      "s" : "sell",
      "i" : "TRUMP_SOL",
      "m" : "4611686018427447048"
    }, {
      "d" : "1756388105151829789",
      "t" : 1756388105151,
      "tn" : 1756388105151829789,
      "q" : "0.24",
      "p" : "0.03969",
      "s" : "buy",
      "i" : "TRUMP_SOL",
      "m" : "4611686018427447047"
    }, {
      "d" : "1756388022381620932",
      "t" : 1756388022381,
      "tn" : 1756388022381620932,
      "q" : "0.24",
      "p" : "0.03958",
      "s" : "sell",
      "i" : "TRUMP_SOL",
      "m" : "4611686018427447046"
    }, {
      "d" : "1756387898456085428",
      "t" : 1756387898456,
      "tn" : 1756387898456085428,
      "q" : "0.24",
      "p" : "0.03952",
      "s" : "sell",
      "i" : "TRUMP_SOL",
      "m" : "4611686018427447045"
    }, {
      "d" : "1756387887328179832",
      "t" : 1756387887328,
      "tn" : 1756387887328179832,
      "q" : "0.24",
      "p" : "0.03961",
      "s" : "sell",
      "i" : "TRUMP_SOL",
      "m" : "4611686018427447044"
    }, {
      "d" : "1756387251141441379",
      "t" : 1756387251141,
      "tn" : 1756387251141441379,
      "q" : "0.24",
      "p" : "0.03972",
      "s" : "sell",
      "i" : "TRUMP_SOL",
      "m" : "4611686018427447043"
    }, {
      "d" : "1756385137167152837",
      "t" : 1756385137167,
      "tn" : 1756385137167152837,
      "q" : "0.09",
      "p" : "0.04003",
      "s" : "buy",
      "i" : "TRUMP_SOL",
      "m" : "4611686018427447042"
    }, {
      "d" : "1756385135044508634",
      "t" : 1756385135044,
      "tn" : 1756385135044508634,
      "q" : "0.15",
      "p" : "0.04003",
      "s" : "buy",
      "i" : "TRUMP_SOL",
      "m" : "4611686018427447041"
    }, {
      "d" : "1756384866220602598",
      "t" : 1756384866220,
      "tn" : 1756384866220602598,
      "q" : "0.24",
      "p" : "0.03996",
      "s" : "sell",
      "i" : "TRUMP_SOL",
      "m" : "4611686018427447040"
    }, {
      "d" : "1756384223172203523",
      "t" : 1756384223172,
      "tn" : 1756384223172203523,
      "q" : "0.15",
      "p" : "0.04005",
      "s" : "sell",
      "i" : "TRUMP_SOL",
      "m" : "4611686018427447039"
    }, {
      "d" : "1756381513489555999",
      "t" : 1756381513489,
      "tn" : 1756381513489555999,
      "q" : "0.24",
      "p" : "0.04001",
      "s" : "buy",
      "i" : "TRUMP_SOL",
      "m" : "4611686018427447038"
    } ]
  }
}