{
  "id" : -1,
  "method" : "public/get-trades",
  "code" : 0,
  "result" : {
    "data" : [ {
      "d" : "1756461627461984770",
      "t" : 1756461627461,
      "tn" : 1756461627461984770,
      "q" : "0.24",
      "p" : "0.00007596",
      "s" : "sell",
      "i" : "TRUMP_BTC",
      "m" : "4611686018427464028"
    }, {
      "d" : "1756461333558909892",
      "t" : 1756461333558,
      "tn" : 1756461333558909892,
      "q" : "0.24",
      "p" : "0.00007597",
      "s" : "sell",
      "i" : "TRUMP_BTC",
      "m" : "4611686018427464027"
    }, {
      "d" : "1756461119996220263",
      "t" : 1756461119996,
      "tn" : 1756461119996220263,
      "q" : "0.24",
      "p" : "0.00007597",
      "s" : "sell",
      "i" : "TRUMP_BTC",
      "m" : "4611686018427464026"
    }, {
      "d" : "1756461119996218064",
      "t" : 1756461119996,
      "tn" : 1756461119996218064,
      "q" : "0.24",
      "p" : "0.00007598",
      "s" : "sell",
      "i" : "TRUMP_BTC",
      "m" : "4611686018427464025"
    }, {
      "d" : "1756461078426937861",
      "t" : 1756461078426,
      "tn" : 1756461078426937861,
      "q" : "0.24",
      "p" : "0.00007601",
      "s" : "sell",
      "i" : "TRUMP_BTC",
      "m" : "4611686018427464024"
    }, {
      "d" : "1756459877044661023",
      "t" : 1756459877044,
      "tn" : 1756459877044661023,
      "q" : "8.98",
      "p" : "0.00007587",
      "s" : "buy",
      "i" : "TRUMP_BTC",
      "m" : "4611686018427464023"
    }, {
      "d" : "1756459183575841125",
      "t" : 1756459183575,
      "tn" : 1756459183575841125,
      "q" : "0.24",
      "p" : "0.00007571",
      "s" : "buy",
      "i" : "TRUMP_BTC",
      "m" : "4611686018427464022"
    }, {
      "d" : "1756458668525355695",
      "t" : 1756458668525,
      "tn" : 1756458668525355695,
      "q" : "0.24",
      "p" : "0.00007540",
      "s" : "buy",
      "i" : "TRUMP_BTC",
      "m" : "4611686018427464021"
    }, {
      "d" : "1756458395200993063",
      "t" : 1756458395200,
      "tn" : 1756458395200993063,
      "q" : "0.24",
      "p" : "0.00007549",
      "s" : "sell",
      "i" : "TRUMP_BTC",
      "m" : "4611686018427464020"
    }, {
      "d" : "1756458177576537980",
      "t" : 1756458177576,
      "tn" : 1756458177576537980,
      "q" : "0.24",
      "p" : "0.00007545",
      "s" : "sell",
      "i" : "TRUMP_BTC",
      "m" : "4611686018427464019"
    }, {
      "d" : "1756457840314527098",
      "t" : 1756457840314,
      "tn" : 1756457840314527098,
      "q" : "0.24",
      "p" : "0.00007557",
      "s" : "sell",
      "i" : "TRUMP_BTC",
      "m" : "4611686018427464018"
    }, {
      "d" : "1756450187346353092",
      "t" : 1756450187346,
      "tn" : 1756450187346353092,
      "q" : "0.24",
      "p" : "0.00007660",
      "s" : "sell",
      "i" : "TRUMP_BTC",
      "m" : "4611686018427464017"
    }, {
      "d" : "1756449706657787808",
      "t" : 1756449706657,
      "tn" : 1756449706657787808,
      "q" : "0.52",
      "p" : "0.00007620",
      "s" : "sell",
      "i" : "TRUMP_BTC",
      "m" : "4611686018427464016"
    }, {
      "d" : "1756449575323472885",
      "t" : 1756449575323,
      "tn" : 1756449575323472885,
      "q" : "0.09",
      "p" : "0.00007625",
      "s" : "buy",
      "i" : "TRUMP_BTC",
      "m" : "4611686018427464015"
    }, {
      "d" : "1756449573897508805",
      "t" : 1756449573897,
      "tn" : 1756449573897508805,
      "q" : "0.15",
      "p" : "0.00007625",
      "s" : "buy",
      "i" : "TRUMP_BTC",
      "m" : "4611686018427464014"
    }, {
      "d" : "1756449528848280001",
      "t" : 1756449528848,
      "tn" : 1756449528848280001,
      "q" : "0.24",
      "p" : "0.00007618",
      "s" : "buy",
      "i" : "TRUMP_BTC",
      "m" : "4611686018427464013"
    }, {
      "d" : "1756449517593674100",
      "t" : 1756449517593,
      "tn" : 1756449517593674100,
      "q" : "0.24",
      "p" : "0.00007616",
      "s" : "sell",
      "i" : "TRUMP_BTC",
      "m" : "4611686018427464012"
    }, {
      "d" : "1756449487683377451",
      "t" : 1756449487683,
      "tn" : 1756449487683377451,
      "q" : "0.24",
      "p" : "0.00007631",
      "s" : "buy",
      "i" : "TRUMP_BTC",
      "m" : "4611686018427464011"
    }, {
      "d" : "1756448560063505534",
      "t" : 1756448560063,
      "tn" : 1756448560063505534,
      "q" : "23.39",
      "p" : "0.00007624",
      "s" : "sell",
      "i" : "TRUMP_BTC",
      "m" : "4611686018427464010"
    }, {
      "d" : "1756437838217350120",
      "t" : 1756437838217,
      "tn" : 1756437838217350120,
      "q" : "0.15",
      "p" : "0.00007644",
      "s" : "buy",
      "i" : "TRUMP_BTC",
      "m" : "4611686018427464009"
    }, {
      "d" : "1756429119446833235",
      "t" : 1756429119446,
      "tn" : 1756429119446833235,
      "q" : "0.24",
      "p" : "0.00007617",
      "s" : "buy",
      "i" : "TRUMP_BTC",
      "m" : "4611686018427464008"
    }, {
      "d" : "1756427325855954694",
      "t" : 1756427325855,
      "tn" : 1756427325855954694,
      "q" : "0.24",
      "p" : "0.00007622",
      "s" : "buy",
      "i" : "TRUMP_BTC",
      "m" : "4611686018427464007"
    }, {
      "d" : "1756425535814012331",
      "t" : 1756425535814,
      "tn" : 1756425535814012331,
      "q" : "0.24",
      "p" : "0.00007604",
      "s" : "buy",
      "i" : "TRUMP_BTC",
      "m" : "4611686018427464006"
    }, {
      "d" : "1756424336088403770",
      "t" : 1756424336088,
      "tn" : 1756424336088403770,
      "q" : "0.24",
      "p" : "0.00007621",
      "s" : "buy",
      "i" : "TRUMP_BTC",
      "m" : "4611686018427464005"
    }, {
      "d" : "1756421338631311504",
      "t" : 1756421338631,
      "tn" : 1756421338631311504,
      "q" : "0.15",
      "p" : "0.00007624",
      "s" : "sell",
      "i" : "TRUMP_BTC",
      "m" : "4611686018427464004"
    }, {
      "d" : "1756418369567039855",
      "t" : 1756418369567,
      "tn" : 1756418369567039855,
      "q" : "0.24",
      "p" : "0.00007624",
      "s" : "buy",
      "i" : "TRUMP_BTC",
      "m" : "4611686018427464003"
    }, {
      "d" : "1756418369567037926",
      "t" : 1756418369567,
      "tn" : 1756418369567037926,
      "q" : "0.24",
      "p" : "0.00007623",
      "s" : "buy",
      "i" : "TRUMP_BTC",
      "m" : "4611686018427464002"
    }, {
      "d" : "1756416385678007142",
      "t" : 1756416385678,
      "tn" : 1756416385678007142,
      "q" : "0.24",
      "p" : "0.00007611",
      "s" : "buy",
      "i" : "TRUMP_BTC",
      "m" : "4611686018427464001"
    }, {
      "d" : "1756416085648006810",
      "t" : 1756416085648,
      "tn" : 1756416085648006810,
      "q" : "0.24",
      "p" : "0.00007614",
      "s" : "buy",
      "i" : "TRUMP_BTC",
      "m" : "4611686018427464000"
    }, {
      "d" : "1756414622743492735",
      "t" : 1756414622743,
      "tn" : 1756414622743492735,
      "q" : "5.09",
      "p" : "0.00007601",
      "s" : "buy",
      "i" : "TRUMP_BTC",
      "m" : "4611686018427463999"
    }, {
      "d" : "1756412021887259500",
      "t" : 1756412021887,
      "tn" : 1756412021887259500,
      "q" : "0.24",
      "p" : "0.00007584",
      "s" : "buy",
      "i" : "TRUMP_BTC",
      "m" : "4611686018427463998"
    }, {
      "d" : "1756406726099136346",
      "t" : 1756406726099,
      "tn" : 1756406726099136346,
      "q" : "0.15",
      "p" : "0.00007594",
      "s" : "buy",
      "i" : "TRUMP_BTC",
      "m" : "4611686018427463997"
    }, {
      "d" : "1756405581767377332",
      "t" : 1756405581767,
      "tn" : 1756405581767377332,
      "q" : "0.23",
      "p" : "0.00007517",
      "s" : "sell",
      "i" : "TRUMP_BTC",
      "m" : "4611686018427463996"
    }, {
      "d" : "1756404046472869161",
      "t" : 1756404046472,
      "tn" : 1756404046472869161,
      "q" : "0.24",
      "p" : "0.00007592",
      "s" : "sell",
      "i" : "TRUMP_BTC",
      "m" : "4611686018427463995"
    }, {
      "d" : "1756404046472867045",
      "t" : 1756404046472,
      "tn" : 1756404046472867045,
      "q" : "0.24",
      "p" : "0.00007593",
      "s" : "sell",
      "i" : "TRUMP_BTC",
      "m" : "4611686018427463994"
    }, {
      "d" : "1756400405680775632",
      "t" : 1756400405680,
      "tn" : 1756400405680775632,
      "q" : "0.24",
      "p" : "0.00007516",
      "s" : "sell",
      "i" : "TRUMP_BTC",
      "m" : "4611686018427463993"
    }, {
      "d" : "1756400373752846470",
      "t" : 1756400373752,
      "tn" : 1756400373752846470,
      "q" : "0.24",
      "p" : "0.00007529",
      "s" : "sell",
      "i" : "TRUMP_BTC",
      "m" : "4611686018427463992"
    }, {
      "d" : "1756400356392582546",
      "t" : 1756400356392,
      "tn" : 1756400356392582546,
      "q" : "0.10",
      "p" : "0.00007549",
      "s" : "sell",
      "i" : "TRUMP_BTC",
      "m" : "4611686018427463991"
    }, {
      "d" : "1756400354186241786",
      "t" : 1756400354186,
      "tn" : 1756400354186241786,
      "q" : "0.14",
      "p" : "0.00007549",
      "s" : "sell",
      "i" : "TRUMP_BTC",
      "m" : "4611686018427463990"
    }, {
      "d" : "1756398287831379856",
      "t" : 1756398287831,
      "tn" : 1756398287831379856,
      "q" : "0.24",
      "p" : "0.00007593",
      "s" : "sell",
      "i" : "TRUMP_BTC",
      "m" : "4611686018427463989"
    }, {
      "d" : "1756394891090707060",
      "t" : 1756394891090,
      "tn" : 1756394891090707060,
      "q" : "0.24",
      "p" : "0.00007631",
      "s" : "sell",
      "i" : "TRUMP_BTC",
      "m" : "4611686018427463988"
    }, {
      "d" : "1756393921962189931",
      "t" : 1756393921962,
      "tn" : 1756393921962189931,
      "q" : "0.17",
      "p" : "0.00007643",
      "s" : "buy",
      "i" : "TRUMP_BTC",
      "m" : "4611686018427463987"
    }, {
      "d" : "1756392942932178891",
      "t" : 1756392942932,
      "tn" : 1756392942932178891,
      "q" : "0.24",
      "p" : "0.00007623",
      "s" : "buy",
      "i" : "TRUMP_BTC",
      "m" : "4611686018427463986"
    }, {
      "d" : "1756382276938390728",
      "t" : 1756382276938,
      "tn" : 1756382276938390728,
      "q" : "0.24",
      "p" : "0.00007550",
      "s" : "buy",
      "i" : "TRUMP_BTC",
      "m" : "4611686018427463985"
    }, {
      "d" : "1756381109225911615",
      "t" : 1756381109225,
      "tn" : 1756381109225911615,
      "q" : "0.24",
      "p" : "0.00007557",
      "s" : "sell",
      "i" : "TRUMP_BTC",
      "m" : "4611686018427463984"
    }, {
      "d" : "1756377412012711361",
      "t" : 1756377412012,
      "tn" : 1756377412012711361,
      "q" : "0.24",
      "p" : "0.00007557",
      "s" : "buy",
      "i" : "TRUMP_BTC",
      "m" : "4611686018427463983"
    } ]
  }
}