{
  "id" : -1,
  "method" : "public/get-trades",
  "code" : 0,
  "result" : {
    "data" : [ {
      "d" : "1756462368306099576",
      "t" : 1756462368306,
      "tn" : 1756462368306099576,
      "q" : "300",
      "p" : "0.0039146",
      "s" : "buy",
      "i" : "TURBO_USDT",
      "m" : "4611686018427572236"
    }, {
      "d" : "1756462341220069748",
      "t" : 1756462341220,
      "tn" : 1756462341220069748,
      "q" : "300",
      "p" : "0.0039136",
      "s" : "buy",
      "i" : "TURBO_USDT",
      "m" : "4611686018427572235"
    }, {
      "d" : "1756462333336231382",
      "t" : 1756462333336,
      "tn" : 1756462333336231382,
      "q" : "300",
      "p" : "0.0039126",
      "s" : "buy",
      "i" : "TURBO_USDT",
      "m" : "4611686018427572234"
    }, {
      "d" : "1756462333193614625",
      "t" : 1756462333193,
      "tn" : 1756462333193614625,
      "q" : "300",
      "p" : "0.0039116",
      "s" : "buy",
      "i" : "TURBO_USDT",
      "m" : "4611686018427572233"
    }, {
      "d" : "1756462314291922475",
      "t" : 1756462314291,
      "tn" : 1756462314291922475,
      "q" : "300",
      "p" : "0.0039096",
      "s" : "buy",
      "i" : "TURBO_USDT",
      "m" : "4611686018427572232"
    }, {
      "d" : "1756462301231960185",
      "t" : 1756462301231,
      "tn" : 1756462301231960185,
      "q" : "300",
      "p" : "0.0039086",
      "s" : "buy",
      "i" : "TURBO_USDT",
      "m" : "4611686018427572231"
    }, {
      "d" : "1756462287466119907",
      "t" : 1756462287466,
      "tn" : 1756462287466119907,
      "q" : "300",
      "p" : "0.0039086",
      "s" : "buy",
      "i" : "TURBO_USDT",
      "m" : "4611686018427572230"
    }, {
      "d" : "1756462274092611633",
      "t" : 1756462274092,
      "tn" : 1756462274092611633,
      "q" : "300",
      "p" : "0.0039076",
      "s" : "buy",
      "i" : "TURBO_USDT",
      "m" : "4611686018427572229"
    }, {
      "d" : "1756462260712638032",
      "t" : 1756462260712,
      "tn" : 1756462260712638032,
      "q" : "300",
      "p" : "0.0039076",
      "s" : "buy",
      "i" : "TURBO_USDT",
      "m" : "4611686018427572228"
    }, {
      "d" : "1756462246769238596",
      "t" : 1756462246769,
      "tn" : 1756462246769238596,
      "q" : "300",
      "p" : "0.0039066",
      "s" : "buy",
      "i" : "TURBO_USDT",
      "m" : "4611686018427572227"
    }, {
      "d" : "1756462218862415622",
      "t" : 1756462218862,
      "tn" : 1756462218862415622,
      "q" : "300",
      "p" : "0.0039071",
      "s" : "buy",
      "i" : "TURBO_USDT",
      "m" : "4611686018427572226"
    }, {
      "d" : "1756462206635203439",
      "t" : 1756462206635,
      "tn" : 1756462206635203439,
      "q" : "300",
      "p" : "0.0039066",
      "s" : "buy",
      "i" : "TURBO_USDT",
      "m" : "4611686018427572225"
    }, {
      "d" : "1756462144271746375",
      "t" : 1756462144271,
      "tn" : 1756462144271746375,
      "q" : "300",
      "p" : "0.0039144",
      "s" : "sell",
      "i" : "TURBO_USDT",
      "m" : "4611686018427572224"
    }, {
      "d" : "1756460945541315815",
      "t" : 1756460945541,
      "tn" : 1756460945541315815,
      "q" : "300",
      "p" : "0.0039029",
      "s" : "sell",
      "i" : "TURBO_USDT",
      "m" : "4611686018427572223"
    }, {
      "d" : "1756460931635401593",
      "t" : 1756460931635,
      "tn" : 1756460931635401593,
      "q" : "300",
      "p" : "0.0039064",
      "s" : "sell",
      "i" : "TURBO_USDT",
      "m" : "4611686018427572222"
    }, {
      "d" : "1756460855039403950",
      "t" : 1756460855039,
      "tn" : 1756460855039403950,
      "q" : "300",
      "p" : "0.0038996",
      "s" : "buy",
      "i" : "TURBO_USDT",
      "m" : "4611686018427572221"
    }, {
      "d" : "1756460778987468580",
      "t" : 1756460778987,
      "tn" : 1756460778987468580,
      "q" : "300",
      "p" : "0.0038944",
      "s" : "sell",
      "i" : "TURBO_USDT",
      "m" : "4611686018427572220"
    }, {
      "d" : "1756459439834883659",
      "t" : 1756459439834,
      "tn" : 1756459439834883659,
      "q" : "300",
      "p" : "0.0038914",
      "s" : "sell",
      "i" : "TURBO_USDT",
      "m" : "4611686018427572219"
    }, {
      "d" : "1756459332828175496",
      "t" : 1756459332828,
      "tn" : 1756459332828175496,
      "q" : "300",
      "p" : "0.0038964",
      "s" : "sell",
      "i" : "TURBO_USDT",
      "m" : "4611686018427572218"
    }, {
      "d" : "1756458140251919924",
      "t" : 1756458140251,
      "tn" : 1756458140251919924,
      "q" : "300",
      "p" : "0.0038724",
      "s" : "sell",
      "i" : "TURBO_USDT",
      "m" : "4611686018427572217"
    }, {
      "d" : "1756458140026405296",
      "t" : 1756458140026,
      "tn" : 1756458140026405296,
      "q" : "300",
      "p" : "0.0038719",
      "s" : "sell",
      "i" : "TURBO_USDT",
      "m" : "4611686018427572216"
    }, {
      "d" : "1756458137102943405",
      "t" : 1756458137102,
      "tn" : 1756458137102943405,
      "q" : "4610",
      "p" : "0.0038733",
      "s" : "sell",
      "i" : "TURBO_USDT",
      "m" : "4611686018427572215"
    }, {
      "d" : "1756458001821364130",
      "t" : 1756458001821,
      "tn" : 1756458001821364130,
      "q" : "300",
      "p" : "0.0038874",
      "s" : "sell",
      "i" : "TURBO_USDT",
      "m" : "4611686018427572214"
    }, {
      "d" : "1756457774564929189",
      "t" : 1756457774564,
      "tn" : 1756457774564929189,
      "q" : "300",
      "p" : "0.0038954",
      "s" : "sell",
      "i" : "TURBO_USDT",
      "m" : "4611686018427572213"
    }, {
      "d" : "1756457631887292084",
      "t" : 1756457631887,
      "tn" : 1756457631887292084,
      "q" : "300",
      "p" : "0.0038994",
      "s" : "sell",
      "i" : "TURBO_USDT",
      "m" : "4611686018427572212"
    }, {
      "d" : "1756457631687198766",
      "t" : 1756457631687,
      "tn" : 1756457631687198766,
      "q" : "300",
      "p" : "0.0039014",
      "s" : "sell",
      "i" : "TURBO_USDT",
      "m" : "4611686018427572211"
    }, {
      "d" : "1756457595447764266",
      "t" : 1756457595447,
      "tn" : 1756457595447764266,
      "q" : "300",
      "p" : "0.0038984",
      "s" : "sell",
      "i" : "TURBO_USDT",
      "m" : "4611686018427572210"
    }, {
      "d" : "1756457590550561087",
      "t" : 1756457590550,
      "tn" : 1756457590550561087,
      "q" : "300",
      "p" : "0.0038979",
      "s" : "sell",
      "i" : "TURBO_USDT",
      "m" : "4611686018427572209"
    }, {
      "d" : "1756457583010147934",
      "t" : 1756457583010,
      "tn" : 1756457583010147934,
      "q" : "300",
      "p" : "0.0038984",
      "s" : "sell",
      "i" : "TURBO_USDT",
      "m" : "4611686018427572208"
    }, {
      "d" : "1756457507034173916",
      "t" : 1756457507034,
      "tn" : 1756457507034173916,
      "q" : "4570",
      "p" : "0.0039021",
      "s" : "sell",
      "i" : "TURBO_USDT",
      "m" : "4611686018427572207"
    }, {
      "d" : "1756457507034171666",
      "t" : 1756457507034,
      "tn" : 1756457507034171666,
      "q" : "300",
      "p" : "0.0039024",
      "s" : "sell",
      "i" : "TURBO_USDT",
      "m" : "4611686018427572206"
    }, {
      "d" : "1756452370629723240",
      "t" : 1756452370629,
      "tn" : 1756452370629723240,
      "q" : "300",
      "p" : "0.0039271",
      "s" : "buy",
      "i" : "TURBO_USDT",
      "m" : "4611686018427572205"
    }, {
      "d" : "1756452364252143921",
      "t" : 1756452364252,
      "tn" : 1756452364252143921,
      "q" : "4540",
      "p" : "0.0039310",
      "s" : "sell",
      "i" : "TURBO_USDT",
      "m" : "4611686018427572204"
    }, {
      "d" : "1756452320975531742",
      "t" : 1756452320975,
      "tn" : 1756452320975531742,
      "q" : "300",
      "p" : "0.0039364",
      "s" : "sell",
      "i" : "TURBO_USDT",
      "m" : "4611686018427572203"
    }, {
      "d" : "1756451610936326643",
      "t" : 1756451610936,
      "tn" : 1756451610936326643,
      "q" : "4510",
      "p" : "0.0039602",
      "s" : "sell",
      "i" : "TURBO_USDT",
      "m" : "4611686018427572202"
    }, {
      "d" : "1756450947617848891",
      "t" : 1756450947617,
      "tn" : 1756450947617848891,
      "q" : "4470",
      "p" : "0.0039896",
      "s" : "sell",
      "i" : "TURBO_USDT",
      "m" : "4611686018427572201"
    }, {
      "d" : "1756450946698134623",
      "t" : 1756450946698,
      "tn" : 1756450946698134623,
      "q" : "300",
      "p" : "0.0039964",
      "s" : "sell",
      "i" : "TURBO_USDT",
      "m" : "4611686018427572200"
    }, {
      "d" : "1756450901149656196",
      "t" : 1756450901149,
      "tn" : 1756450901149656196,
      "q" : "300",
      "p" : "0.0039994",
      "s" : "sell",
      "i" : "TURBO_USDT",
      "m" : "4611686018427572199"
    }, {
      "d" : "1756450900401880811",
      "t" : 1756450900401,
      "tn" : 1756450900401880811,
      "q" : "300",
      "p" : "0.0040004",
      "s" : "sell",
      "i" : "TURBO_USDT",
      "m" : "4611686018427572198"
    }, {
      "d" : "1756450900192826740",
      "t" : 1756450900192,
      "tn" : 1756450900192826740,
      "q" : "300",
      "p" : "0.0040004",
      "s" : "sell",
      "i" : "TURBO_USDT",
      "m" : "4611686018427572197"
    }, {
      "d" : "1756450900142761078",
      "t" : 1756450900142,
      "tn" : 1756450900142761078,
      "q" : "300",
      "p" : "0.0040004",
      "s" : "sell",
      "i" : "TURBO_USDT",
      "m" : "4611686018427572196"
    }, {
      "d" : "1756450899854241207",
      "t" : 1756450899854,
      "tn" : 1756450899854241207,
      "q" : "300",
      "p" : "0.0040004",
      "s" : "sell",
      "i" : "TURBO_USDT",
      "m" : "4611686018427572195"
    }, {
      "d" : "1756450899345872266",
      "t" : 1756450899345,
      "tn" : 1756450899345872266,
      "q" : "300",
      "p" : "0.0040004",
      "s" : "sell",
      "i" : "TURBO_USDT",
      "m" : "4611686018427572194"
    }, {
      "d" : "1756450899292504830",
      "t" : 1756450899292,
      "tn" : 1756450899292504830,
      "q" : "300",
      "p" : "0.0040004",
      "s" : "sell",
      "i" : "TURBO_USDT",
      "m" : "4611686018427572193"
    }, {
      "d" : "1756450899224521382",
      "t" : 1756450899224,
      "tn" : 1756450899224521382,
      "q" : "300",
      "p" : "0.0040004",
      "s" : "sell",
      "i" : "TURBO_USDT",
      "m" : "4611686018427572192"
    }, {
      "d" : "1756450898823104082",
      "t" : 1756450898823,
      "tn" : 1756450898823104082,
      "q" : "300",
      "p" : "0.0040004",
      "s" : "sell",
      "i" : "TURBO_USDT",
      "m" : "4611686018427572191"
    }, {
      "d" : "1756450898632779853",
      "t" : 1756450898632,
      "tn" : 1756450898632779853,
      "q" : "300",
      "p" : "0.0040004",
      "s" : "sell",
      "i" : "TURBO_USDT",
      "m" : "4611686018427572190"
    }, {
      "d" : "1756450885273739968",
      "t" : 1756450885273,
      "tn" : 1756450885273739968,
      "q" : "300",
      "p" : "0.0040099",
      "s" : "sell",
      "i" : "TURBO_USDT",
      "m" : "4611686018427572189"
    }, {
      "d" : "1756450873786465648",
      "t" : 1756450873786,
      "tn" : 1756450873786465648,
      "q" : "300",
      "p" : "0.0040144",
      "s" : "sell",
      "i" : "TURBO_USDT",
      "m" : "4611686018427572188"
    }, {
      "d" : "1756450873631977448",
      "t" : 1756450873631,
      "tn" : 1756450873631977448,
      "q" : "300",
      "p" : "0.0040154",
      "s" : "sell",
      "i" : "TURBO_USDT",
      "m" : "4611686018427572187"
    }, {
      "d" : "1756450201316148978",
      "t" : 1756450201316,
      "tn" : 1756450201316148978,
      "q" : "300",
      "p" : "0.0040214",
      "s" : "sell",
      "i" : "TURBO_USDT",
      "m" : "4611686018427572186"
    }, {
      "d" : "1756449812200198245",
      "t" : 1756449812200,
      "tn" : 1756449812200198245,
      "q" : "300",
      "p" : "0.0040204",
      "s" : "sell",
      "i" : "TURBO_USDT",
      "m" : "4611686018427572185"
    }, {
      "d" : "1756449812170809545",
      "t" : 1756449812170,
      "tn" : 1756449812170809545,
      "q" : "300",
      "p" : "0.0040209",
      "s" : "sell",
      "i" : "TURBO_USDT",
      "m" : "4611686018427572184"
    }, {
      "d" : "1756449597459881517",
      "t" : 1756449597459,
      "tn" : 1756449597459881517,
      "q" : "300",
      "p" : "0.0040079",
      "s" : "sell",
      "i" : "TURBO_USDT",
      "m" : "4611686018427572183"
    }, {
      "d" : "1756449582757791190",
      "t" : 1756449582757,
      "tn" : 1756449582757791190,
      "q" : "300",
      "p" : "0.0040169",
      "s" : "sell",
      "i" : "TURBO_USDT",
      "m" : "4611686018427572182"
    }, {
      "d" : "1756449582709502338",
      "t" : 1756449582709,
      "tn" : 1756449582709502338,
      "q" : "300",
      "p" : "0.0040184",
      "s" : "sell",
      "i" : "TURBO_USDT",
      "m" : "4611686018427572181"
    }, {
      "d" : "1756449582709500298",
      "t" : 1756449582709,
      "tn" : 1756449582709500298,
      "q" : "4440",
      "p" : "0.0040191",
      "s" : "sell",
      "i" : "TURBO_USDT",
      "m" : "4611686018427572180"
    }, {
      "d" : "1756449575358293906",
      "t" : 1756449575358,
      "tn" : 1756449575358293906,
      "q" : "300",
      "p" : "0.0040204",
      "s" : "sell",
      "i" : "TURBO_USDT",
      "m" : "4611686018427572179"
    }, {
      "d" : "1756449355031195511",
      "t" : 1756449355031,
      "tn" : 1756449355031195511,
      "q" : "300",
      "p" : "0.0040244",
      "s" : "sell",
      "i" : "TURBO_USDT",
      "m" : "4611686018427572178"
    }, {
      "d" : "1756448461614060903",
      "t" : 1756448461614,
      "tn" : 1756448461614060903,
      "q" : "300",
      "p" : "0.0040244",
      "s" : "sell",
      "i" : "TURBO_USDT",
      "m" : "4611686018427572177"
    }, {
      "d" : "1756448446348173860",
      "t" : 1756448446348,
      "tn" : 1756448446348173860,
      "q" : "300",
      "p" : "0.0040244",
      "s" : "sell",
      "i" : "TURBO_USDT",
      "m" : "4611686018427572176"
    }, {
      "d" : "1756448066314305822",
      "t" : 1756448066314,
      "tn" : 1756448066314305822,
      "q" : "300",
      "p" : "0.0040414",
      "s" : "sell",
      "i" : "TURBO_USDT",
      "m" : "4611686018427572175"
    }, {
      "d" : "1756448066260228245",
      "t" : 1756448066260,
      "tn" : 1756448066260228245,
      "q" : "300",
      "p" : "0.0040414",
      "s" : "sell",
      "i" : "TURBO_USDT",
      "m" : "4611686018427572174"
    }, {
      "d" : "1756447584770042154",
      "t" : 1756447584770,
      "tn" : 1756447584770042154,
      "q" : "300",
      "p" : "0.0040444",
      "s" : "sell",
      "i" : "TURBO_USDT",
      "m" : "4611686018427572173"
    }, {
      "d" : "1756447584721956930",
      "t" : 1756447584721,
      "tn" : 1756447584721956930,
      "q" : "300",
      "p" : "0.0040454",
      "s" : "sell",
      "i" : "TURBO_USDT",
      "m" : "4611686018427572172"
    }, {
      "d" : "1756444809742649424",
      "t" : 1756444809742,
      "tn" : 1756444809742649424,
      "q" : "300",
      "p" : "0.0040534",
      "s" : "sell",
      "i" : "TURBO_USDT",
      "m" : "4611686018427572171"
    }, {
      "d" : "1756444754443552360",
      "t" : 1756444754443,
      "tn" : 1756444754443552360,
      "q" : "300",
      "p" : "0.0040466",
      "s" : "buy",
      "i" : "TURBO_USDT",
      "m" : "4611686018427572170"
    }, {
      "d" : "1756444232805656753",
      "t" : 1756444232805,
      "tn" : 1756444232805656753,
      "q" : "300",
      "p" : "0.0040484",
      "s" : "sell",
      "i" : "TURBO_USDT",
      "m" : "4611686018427572169"
    }, {
      "d" : "1756444232755221261",
      "t" : 1756444232755,
      "tn" : 1756444232755221261,
      "q" : "300",
      "p" : "0.0040494",
      "s" : "sell",
      "i" : "TURBO_USDT",
      "m" : "4611686018427572168"
    }, {
      "d" : "1756443573046715892",
      "t" : 1756443573046,
      "tn" : 1756443573046715892,
      "q" : "300",
      "p" : "0.0040506",
      "s" : "buy",
      "i" : "TURBO_USDT",
      "m" : "4611686018427572167"
    }, {
      "d" : "1756443004858931711",
      "t" : 1756443004858,
      "tn" : 1756443004858931711,
      "q" : "300",
      "p" : "0.0040671",
      "s" : "buy",
      "i" : "TURBO_USDT",
      "m" : "4611686018427572166"
    }, {
      "d" : "1756442258098082063",
      "t" : 1756442258098,
      "tn" : 1756442258098082063,
      "q" : "300",
      "p" : "0.0040624",
      "s" : "sell",
      "i" : "TURBO_USDT",
      "m" : "4611686018427572165"
    }, {
      "d" : "1756442258022700014",
      "t" : 1756442258022,
      "tn" : 1756442258022700014,
      "q" : "300",
      "p" : "0.0040644",
      "s" : "sell",
      "i" : "TURBO_USDT",
      "m" : "4611686018427572164"
    }, {
      "d" : "1756439537105502782",
      "t" : 1756439537105,
      "tn" : 1756439537105502782,
      "q" : "300",
      "p" : "0.0040844",
      "s" : "sell",
      "i" : "TURBO_USDT",
      "m" : "4611686018427572163"
    }, {
      "d" : "1756438672167027923",
      "t" : 1756438672167,
      "tn" : 1756438672167027923,
      "q" : "300",
      "p" : "0.0040706",
      "s" : "buy",
      "i" : "TURBO_USDT",
      "m" : "4611686018427572162"
    }, {
      "d" : "1756436740052519814",
      "t" : 1756436740052,
      "tn" : 1756436740052519814,
      "q" : "300",
      "p" : "0.0040404",
      "s" : "sell",
      "i" : "TURBO_USDT",
      "m" : "4611686018427572161"
    }, {
      "d" : "1756436720336970517",
      "t" : 1756436720336,
      "tn" : 1756436720336970517,
      "q" : "300",
      "p" : "0.0040454",
      "s" : "sell",
      "i" : "TURBO_USDT",
      "m" : "4611686018427572160"
    }, {
      "d" : "1756436720265629636",
      "t" : 1756436720265,
      "tn" : 1756436720265629636,
      "q" : "300",
      "p" : "0.0040454",
      "s" : "sell",
      "i" : "TURBO_USDT",
      "m" : "4611686018427572159"
    }, {
      "d" : "1756436703380362260",
      "t" : 1756436703380,
      "tn" : 1756436703380362260,
      "q" : "300",
      "p" : "0.0040484",
      "s" : "sell",
      "i" : "TURBO_USDT",
      "m" : "4611686018427572158"
    }, {
      "d" : "1756436703309975809",
      "t" : 1756436703309,
      "tn" : 1756436703309975809,
      "q" : "4410",
      "p" : "0.0040490",
      "s" : "sell",
      "i" : "TURBO_USDT",
      "m" : "4611686018427572157"
    }, {
      "d" : "1756436703309973498",
      "t" : 1756436703309,
      "tn" : 1756436703309973498,
      "q" : "300",
      "p" : "0.0040494",
      "s" : "sell",
      "i" : "TURBO_USDT",
      "m" : "4611686018427572156"
    }, {
      "d" : "1756436647739263978",
      "t" : 1756436647739,
      "tn" : 1756436647739263978,
      "q" : "300",
      "p" : "0.0040514",
      "s" : "sell",
      "i" : "TURBO_USDT",
      "m" : "4611686018427572155"
    }, {
      "d" : "1756436647597843669",
      "t" : 1756436647597,
      "tn" : 1756436647597843669,
      "q" : "300",
      "p" : "0.0040524",
      "s" : "sell",
      "i" : "TURBO_USDT",
      "m" : "4611686018427572154"
    }, {
      "d" : "1756435652752476523",
      "t" : 1756435652752,
      "tn" : 1756435652752476523,
      "q" : "300",
      "p" : "0.0040526",
      "s" : "buy",
      "i" : "TURBO_USDT",
      "m" : "4611686018427572153"
    }, {
      "d" : "1756435611527438260",
      "t" : 1756435611527,
      "tn" : 1756435611527438260,
      "q" : "300",
      "p" : "0.0040514",
      "s" : "sell",
      "i" : "TURBO_USDT",
      "m" : "4611686018427572152"
    }, {
      "d" : "1756435611456371986",
      "t" : 1756435611456,
      "tn" : 1756435611456371986,
      "q" : "300",
      "p" : "0.0040524",
      "s" : "sell",
      "i" : "TURBO_USDT",
      "m" : "4611686018427572151"
    }, {
      "d" : "1756435611337417787",
      "t" : 1756435611337,
      "tn" : 1756435611337417787,
      "q" : "300",
      "p" : "0.0040534",
      "s" : "sell",
      "i" : "TURBO_USDT",
      "m" : "4611686018427572150"
    }, {
      "d" : "1756435611263191298",
      "t" : 1756435611263,
      "tn" : 1756435611263191298,
      "q" : "300",
      "p" : "0.0040534",
      "s" : "sell",
      "i" : "TURBO_USDT",
      "m" : "4611686018427572149"
    }, {
      "d" : "1756435552413711036",
      "t" : 1756435552413,
      "tn" : 1756435552413711036,
      "q" : "300",
      "p" : "0.0040544",
      "s" : "sell",
      "i" : "TURBO_USDT",
      "m" : "4611686018427572148"
    }, {
      "d" : "1756435307699186479",
      "t" : 1756435307699,
      "tn" : 1756435307699186479,
      "q" : "300",
      "p" : "0.0040604",
      "s" : "sell",
      "i" : "TURBO_USDT",
      "m" : "4611686018427572147"
    }, {
      "d" : "1756434814858532357",
      "t" : 1756434814858,
      "tn" : 1756434814858532357,
      "q" : "300",
      "p" : "0.0040681",
      "s" : "buy",
      "i" : "TURBO_USDT",
      "m" : "4611686018427572146"
    }, {
      "d" : "1756434696683280015",
      "t" : 1756434696683,
      "tn" : 1756434696683280015,
      "q" : "300",
      "p" : "0.0040734",
      "s" : "sell",
      "i" : "TURBO_USDT",
      "m" : "4611686018427572145"
    }, {
      "d" : "1756434609219057155",
      "t" : 1756434609219,
      "tn" : 1756434609219057155,
      "q" : "300",
      "p" : "0.0040834",
      "s" : "sell",
      "i" : "TURBO_USDT",
      "m" : "4611686018427572144"
    }, {
      "d" : "1756434385056923070",
      "t" : 1756434385056,
      "tn" : 1756434385056923070,
      "q" : "300",
      "p" : "0.0040924",
      "s" : "sell",
      "i" : "TURBO_USDT",
      "m" : "4611686018427572143"
    }, {
      "d" : "1756433630858784603",
      "t" : 1756433630858,
      "tn" : 1756433630858784603,
      "q" : "300",
      "p" : "0.0040801",
      "s" : "buy",
      "i" : "TURBO_USDT",
      "m" : "4611686018427572142"
    }, {
      "d" : "1756433606486540234",
      "t" : 1756433606486,
      "tn" : 1756433606486540234,
      "q" : "300",
      "p" : "0.0040721",
      "s" : "buy",
      "i" : "TURBO_USDT",
      "m" : "4611686018427572141"
    }, {
      "d" : "1756433606262516327",
      "t" : 1756433606262,
      "tn" : 1756433606262516327,
      "q" : "300",
      "p" : "0.0040711",
      "s" : "buy",
      "i" : "TURBO_USDT",
      "m" : "4611686018427572140"
    }, {
      "d" : "1756433533208292726",
      "t" : 1756433533208,
      "tn" : 1756433533208292726,
      "q" : "300",
      "p" : "0.0040686",
      "s" : "buy",
      "i" : "TURBO_USDT",
      "m" : "4611686018427572139"
    }, {
      "d" : "1756432553942775896",
      "t" : 1756432553942,
      "tn" : 1756432553942775896,
      "q" : "300",
      "p" : "0.0040634",
      "s" : "sell",
      "i" : "TURBO_USDT",
      "m" : "4611686018427572138"
    }, {
      "d" : "1756431494484537659",
      "t" : 1756431494484,
      "tn" : 1756431494484537659,
      "q" : "300",
      "p" : "0.0040791",
      "s" : "buy",
      "i" : "TURBO_USDT",
      "m" : "4611686018427572137"
    }, {
      "d" : "1756430624033631100",
      "t" : 1756430624033,
      "tn" : 1756430624033631100,
      "q" : "300",
      "p" : "0.0040634",
      "s" : "sell",
      "i" : "TURBO_USDT",
      "m" : "4611686018427572136"
    }, {
      "d" : "1756430615045491065",
      "t" : 1756430615045,
      "tn" : 1756430615045491065,
      "q" : "300",
      "p" : "0.0040664",
      "s" : "sell",
      "i" : "TURBO_USDT",
      "m" : "4611686018427572135"
    }, {
      "d" : "1756430443754731604",
      "t" : 1756430443754,
      "tn" : 1756430443754731604,
      "q" : "4380",
      "p" : "0.0040790",
      "s" : "sell",
      "i" : "TURBO_USDT",
      "m" : "4611686018427572134"
    }, {
      "d" : "1756430132088054915",
      "t" : 1756430132088,
      "tn" : 1756430132088054915,
      "q" : "300",
      "p" : "0.0040944",
      "s" : "sell",
      "i" : "TURBO_USDT",
      "m" : "4611686018427572133"
    }, {
      "d" : "1756429919528213751",
      "t" : 1756429919528,
      "tn" : 1756429919528213751,
      "q" : "290",
      "p" : "0.0041004",
      "s" : "sell",
      "i" : "TURBO_USDT",
      "m" : "4611686018427572132"
    }, {
      "d" : "1756429792635256633",
      "t" : 1756429792635,
      "tn" : 1756429792635256633,
      "q" : "300",
      "p" : "0.0041021",
      "s" : "buy",
      "i" : "TURBO_USDT",
      "m" : "4611686018427572131"
    }, {
      "d" : "1756429732597026953",
      "t" : 1756429732597,
      "tn" : 1756429732597026953,
      "q" : "300",
      "p" : "0.0041009",
      "s" : "sell",
      "i" : "TURBO_USDT",
      "m" : "4611686018427572130"
    }, {
      "d" : "1756429708037458227",
      "t" : 1756429708037,
      "tn" : 1756429708037458227,
      "q" : "300",
      "p" : "0.0040954",
      "s" : "sell",
      "i" : "TURBO_USDT",
      "m" : "4611686018427572129"
    }, {
      "d" : "1756429708037456413",
      "t" : 1756429708037,
      "tn" : 1756429708037456413,
      "q" : "2500",
      "p" : "0.0040964",
      "s" : "sell",
      "i" : "TURBO_USDT",
      "m" : "4611686018427572128"
    }, {
      "d" : "1756429707447288720",
      "t" : 1756429707447,
      "tn" : 1756429707447288720,
      "q" : "300",
      "p" : "0.0040974",
      "s" : "sell",
      "i" : "TURBO_USDT",
      "m" : "4611686018427572127"
    }, {
      "d" : "1756429707313470075",
      "t" : 1756429707313,
      "tn" : 1756429707313470075,
      "q" : "300",
      "p" : "0.0040979",
      "s" : "sell",
      "i" : "TURBO_USDT",
      "m" : "4611686018427572126"
    }, {
      "d" : "1756429690948874569",
      "t" : 1756429690948,
      "tn" : 1756429690948874569,
      "q" : "300",
      "p" : "0.0041014",
      "s" : "sell",
      "i" : "TURBO_USDT",
      "m" : "4611686018427572125"
    }, {
      "d" : "1756428548467908727",
      "t" : 1756428548467,
      "tn" : 1756428548467908727,
      "q" : "300",
      "p" : "0.0041189",
      "s" : "sell",
      "i" : "TURBO_USDT",
      "m" : "4611686018427572124"
    }, {
      "d" : "1756428187263622691",
      "t" : 1756428187263,
      "tn" : 1756428187263622691,
      "q" : "300",
      "p" : "0.0041184",
      "s" : "sell",
      "i" : "TURBO_USDT",
      "m" : "4611686018427572123"
    }, {
      "d" : "1756428187056620891",
      "t" : 1756428187056,
      "tn" : 1756428187056620891,
      "q" : "2470",
      "p" : "0.0041214",
      "s" : "sell",
      "i" : "TURBO_USDT",
      "m" : "4611686018427572122"
    }, {
      "d" : "1756427923919456308",
      "t" : 1756427923919,
      "tn" : 1756427923919456308,
      "q" : "300",
      "p" : "0.0041244",
      "s" : "sell",
      "i" : "TURBO_USDT",
      "m" : "4611686018427572121"
    }, {
      "d" : "1756427049615481715",
      "t" : 1756427049615,
      "tn" : 1756427049615481715,
      "q" : "300",
      "p" : "0.0041294",
      "s" : "sell",
      "i" : "TURBO_USDT",
      "m" : "4611686018427572120"
    }, {
      "d" : "1756426482122040590",
      "t" : 1756426482122,
      "tn" : 1756426482122040590,
      "q" : "300",
      "p" : "0.0041304",
      "s" : "sell",
      "i" : "TURBO_USDT",
      "m" : "4611686018427572119"
    }, {
      "d" : "1756425617377878972",
      "t" : 1756425617377,
      "tn" : 1756425617377878972,
      "q" : "280",
      "p" : "0.0041484",
      "s" : "buy",
      "i" : "TURBO_USDT",
      "m" : "4611686018427572118"
    }, {
      "d" : "1756425612966803986",
      "t" : 1756425612966,
      "tn" : 1756425612966803986,
      "q" : "300",
      "p" : "0.0041484",
      "s" : "sell",
      "i" : "TURBO_USDT",
      "m" : "4611686018427572117"
    }, {
      "d" : "1756425607424701366",
      "t" : 1756425607424,
      "tn" : 1756425607424701366,
      "q" : "300",
      "p" : "0.0041514",
      "s" : "sell",
      "i" : "TURBO_USDT",
      "m" : "4611686018427572116"
    }, {
      "d" : "1756425607084915751",
      "t" : 1756425607084,
      "tn" : 1756425607084915751,
      "q" : "300",
      "p" : "0.0041514",
      "s" : "sell",
      "i" : "TURBO_USDT",
      "m" : "4611686018427572115"
    }, {
      "d" : "1756425451971545303",
      "t" : 1756425451971,
      "tn" : 1756425451971545303,
      "q" : "300",
      "p" : "0.0041464",
      "s" : "sell",
      "i" : "TURBO_USDT",
      "m" : "4611686018427572114"
    }, {
      "d" : "1756424207017043013",
      "t" : 1756424207017,
      "tn" : 1756424207017043013,
      "q" : "300",
      "p" : "0.0041426",
      "s" : "buy",
      "i" : "TURBO_USDT",
      "m" : "4611686018427572113"
    }, {
      "d" : "1756423412915551706",
      "t" : 1756423412915,
      "tn" : 1756423412915551706,
      "q" : "300",
      "p" : "0.0041326",
      "s" : "buy",
      "i" : "TURBO_USDT",
      "m" : "4611686018427572112"
    }, {
      "d" : "1756423407459831496",
      "t" : 1756423407459,
      "tn" : 1756423407459831496,
      "q" : "300",
      "p" : "0.0041324",
      "s" : "sell",
      "i" : "TURBO_USDT",
      "m" : "4611686018427572111"
    }, {
      "d" : "1756422139076164791",
      "t" : 1756422139076,
      "tn" : 1756422139076164791,
      "q" : "300",
      "p" : "0.0041374",
      "s" : "sell",
      "i" : "TURBO_USDT",
      "m" : "4611686018427572110"
    }, {
      "d" : "1756420351793324875",
      "t" : 1756420351793,
      "tn" : 1756420351793324875,
      "q" : "2160",
      "p" : "0.0041430",
      "s" : "buy",
      "i" : "TURBO_USDT",
      "m" : "4611686018427572109"
    }, {
      "d" : "1756420351785008924",
      "t" : 1756420351785,
      "tn" : 1756420351785008924,
      "q" : "300",
      "p" : "0.0041474",
      "s" : "sell",
      "i" : "TURBO_USDT",
      "m" : "4611686018427572108"
    }, {
      "d" : "1756420351152485766",
      "t" : 1756420351152,
      "tn" : 1756420351152485766,
      "q" : "2460",
      "p" : "0.0041430",
      "s" : "buy",
      "i" : "TURBO_USDT",
      "m" : "4611686018427572107"
    }, {
      "d" : "1756420337263221493",
      "t" : 1756420337263,
      "tn" : 1756420337263221493,
      "q" : "4370",
      "p" : "0.0041402",
      "s" : "buy",
      "i" : "TURBO_USDT",
      "m" : "4611686018427572106"
    }, {
      "d" : "1756420066974019603",
      "t" : 1756420066974,
      "tn" : 1756420066974019603,
      "q" : "300",
      "p" : "0.0041401",
      "s" : "sell",
      "i" : "TURBO_USDT",
      "m" : "4611686018427572105"
    }, {
      "d" : "1756418919545812105",
      "t" : 1756418919545,
      "tn" : 1756418919545812105,
      "q" : "300",
      "p" : "0.0041234",
      "s" : "sell",
      "i" : "TURBO_USDT",
      "m" : "4611686018427572104"
    }, {
      "d" : "1756418807456192591",
      "t" : 1756418807456,
      "tn" : 1756418807456192591,
      "q" : "4400",
      "p" : "0.0041098",
      "s" : "buy",
      "i" : "TURBO_USDT",
      "m" : "4611686018427572103"
    }, {
      "d" : "1756418014819592514",
      "t" : 1756418014819,
      "tn" : 1756418014819592514,
      "q" : "300",
      "p" : "0.0040969",
      "s" : "sell",
      "i" : "TURBO_USDT",
      "m" : "4611686018427572102"
    }, {
      "d" : "1756415640071623296",
      "t" : 1756415640071,
      "tn" : 1756415640071623296,
      "q" : "300",
      "p" : "0.0040674",
      "s" : "sell",
      "i" : "TURBO_USDT",
      "m" : "4611686018427572101"
    }, {
      "d" : "1756413269273124214",
      "t" : 1756413269273,
      "tn" : 1756413269273124214,
      "q" : "300",
      "p" : "0.0040514",
      "s" : "sell",
      "i" : "TURBO_USDT",
      "m" : "4611686018427572100"
    }, {
      "d" : "1756413269201251261",
      "t" : 1756413269201,
      "tn" : 1756413269201251261,
      "q" : "300",
      "p" : "0.0040524",
      "s" : "sell",
      "i" : "TURBO_USDT",
      "m" : "4611686018427572099"
    }, {
      "d" : "1756413118997748670",
      "t" : 1756413118997,
      "tn" : 1756413118997748670,
      "q" : "300",
      "p" : "0.0040574",
      "s" : "sell",
      "i" : "TURBO_USDT",
      "m" : "4611686018427572098"
    }, {
      "d" : "1756413118844289079",
      "t" : 1756413118844,
      "tn" : 1756413118844289079,
      "q" : "300",
      "p" : "0.0040579",
      "s" : "sell",
      "i" : "TURBO_USDT",
      "m" : "4611686018427572097"
    }, {
      "d" : "1756411508580045365",
      "t" : 1756411508580,
      "tn" : 1756411508580045365,
      "q" : "300",
      "p" : "0.0040386",
      "s" : "buy",
      "i" : "TURBO_USDT",
      "m" : "4611686018427572096"
    }, {
      "d" : "1756411237526919054",
      "t" : 1756411237526,
      "tn" : 1756411237526919054,
      "q" : "300",
      "p" : "0.0040304",
      "s" : "sell",
      "i" : "TURBO_USDT",
      "m" : "4611686018427572095"
    }, {
      "d" : "1756410719444887560",
      "t" : 1756410719444,
      "tn" : 1756410719444887560,
      "q" : "300",
      "p" : "0.0040429",
      "s" : "sell",
      "i" : "TURBO_USDT",
      "m" : "4611686018427572094"
    }, {
      "d" : "1756410719392901604",
      "t" : 1756410719392,
      "tn" : 1756410719392901604,
      "q" : "300",
      "p" : "0.0040444",
      "s" : "sell",
      "i" : "TURBO_USDT",
      "m" : "4611686018427572093"
    }, {
      "d" : "1756410320008019595",
      "t" : 1756410320008,
      "tn" : 1756410320008019595,
      "q" : "300",
      "p" : "0.0040504",
      "s" : "sell",
      "i" : "TURBO_USDT",
      "m" : "4611686018427572092"
    }, {
      "d" : "1756409580273843334",
      "t" : 1756409580273,
      "tn" : 1756409580273843334,
      "q" : "300",
      "p" : "0.0040764",
      "s" : "sell",
      "i" : "TURBO_USDT",
      "m" : "4611686018427572091"
    }, {
      "d" : "1756408619097502927",
      "t" : 1756408619097,
      "tn" : 1756408619097502927,
      "q" : "300",
      "p" : "0.0040904",
      "s" : "sell",
      "i" : "TURBO_USDT",
      "m" : "4611686018427572090"
    }, {
      "d" : "1756407905238536911",
      "t" : 1756407905238,
      "tn" : 1756407905238536911,
      "q" : "300",
      "p" : "0.0041044",
      "s" : "sell",
      "i" : "TURBO_USDT",
      "m" : "4611686018427572089"
    }, {
      "d" : "1756407222042706551",
      "t" : 1756407222042,
      "tn" : 1756407222042706551,
      "q" : "300",
      "p" : "0.0041014",
      "s" : "sell",
      "i" : "TURBO_USDT",
      "m" : "4611686018427572088"
    }, {
      "d" : "1756406704173945405",
      "t" : 1756406704173,
      "tn" : 1756406704173945405,
      "q" : "300",
      "p" : "0.0040919",
      "s" : "sell",
      "i" : "TURBO_USDT",
      "m" : "4611686018427572087"
    } ]
  }
}