{
  "id" : -1,
  "method" : "public/get-trades",
  "code" : 0,
  "result" : {
    "data" : [ {
      "d" : "1756462580630342874",
      "t" : 1756462580630,
      "tn" : 1756462580630342874,
      "q" : "300",
      "p" : "0.0039097",
      "s" : "sell",
      "i" : "TURBO_USD",
      "m" : "4611686018429082399"
    }, {
      "d" : "1756462446738840656",
      "t" : 1756462446738,
      "tn" : 1756462446738840655,
      "q" : "22210",
      "p" : "0.0039027",
      "s" : "sell",
      "i" : "TURBO_USD",
      "m" : "4611686018429082398"
    }, {
      "d" : "1756462446738840655",
      "t" : 1756462446738,
      "tn" : 1756462446738840655,
      "q" : "320",
      "p" : "0.0039027",
      "s" : "sell",
      "i" : "TURBO_USD",
      "m" : "4611686018429082398"
    }, {
      "d" : "1756462446738836970",
      "t" : 1756462446738,
      "tn" : 1756462446738836970,
      "q" : "300",
      "p" : "0.0039062",
      "s" : "sell",
      "i" : "TURBO_USD",
      "m" : "4611686018429082397"
    }, {
      "d" : "1756462441077429426",
      "t" : 1756462441077,
      "tn" : 1756462441077429426,
      "q" : "300",
      "p" : "0.0039075",
      "s" : "sell",
      "i" : "TURBO_USD",
      "m" : "4611686018429082396"
    }, {
      "d" : "1756462440805249517",
      "t" : 1756462440805,
      "tn" : 1756462440805249517,
      "q" : "300",
      "p" : "0.0039077",
      "s" : "sell",
      "i" : "TURBO_USD",
      "m" : "4611686018429082395"
    }, {
      "d" : "1756462434799803213",
      "t" : 1756462434799,
      "tn" : 1756462434799803213,
      "q" : "300",
      "p" : "0.0039077",
      "s" : "sell",
      "i" : "TURBO_USD",
      "m" : "4611686018429082394"
    }, {
      "d" : "1756462428860163731",
      "t" : 1756462428860,
      "tn" : 1756462428860163731,
      "q" : "300",
      "p" : "0.0039107",
      "s" : "sell",
      "i" : "TURBO_USD",
      "m" : "4611686018429082393"
    }, {
      "d" : "1756462422833543060",
      "t" : 1756462422833,
      "tn" : 1756462422833543060,
      "q" : "300",
      "p" : "0.0039107",
      "s" : "sell",
      "i" : "TURBO_USD",
      "m" : "4611686018429082392"
    }, {
      "d" : "1756462417064275526",
      "t" : 1756462417064,
      "tn" : 1756462417064275526,
      "q" : "300",
      "p" : "0.0039107",
      "s" : "sell",
      "i" : "TURBO_USD",
      "m" : "4611686018429082391"
    }, {
      "d" : "1756462410944500948",
      "t" : 1756462410944,
      "tn" : 1756462410944500948,
      "q" : "300",
      "p" : "0.0039121",
      "s" : "sell",
      "i" : "TURBO_USD",
      "m" : "4611686018429082390"
    }, {
      "d" : "1756462405650527712",
      "t" : 1756462405650,
      "tn" : 1756462405650527712,
      "q" : "3740",
      "p" : "0.0039106",
      "s" : "buy",
      "i" : "TURBO_USD",
      "m" : "4611686018429082389"
    }, {
      "d" : "1756462405215865778",
      "t" : 1756462405215,
      "tn" : 1756462405215865777,
      "q" : "320",
      "p" : "0.0039106",
      "s" : "sell",
      "i" : "TURBO_USD",
      "m" : "4611686018429082388"
    }, {
      "d" : "1756462405215865777",
      "t" : 1756462405215,
      "tn" : 1756462405215865777,
      "q" : "300",
      "p" : "0.0039106",
      "s" : "sell",
      "i" : "TURBO_USD",
      "m" : "4611686018429082388"
    }, {
      "d" : "1756462401579246610",
      "t" : 1756462401579,
      "tn" : 1756462401579246610,
      "q" : "300",
      "p" : "0.0039137",
      "s" : "sell",
      "i" : "TURBO_USD",
      "m" : "4611686018429082387"
    }, {
      "d" : "1756462399572267390",
      "t" : 1756462399572,
      "tn" : 1756462399572267390,
      "q" : "300",
      "p" : "0.0039147",
      "s" : "sell",
      "i" : "TURBO_USD",
      "m" : "4611686018429082386"
    }, {
      "d" : "1756462395880642359",
      "t" : 1756462395880,
      "tn" : 1756462395880642359,
      "q" : "300",
      "p" : "0.0039147",
      "s" : "sell",
      "i" : "TURBO_USD",
      "m" : "4611686018429082385"
    }, {
      "d" : "1756462391621265873",
      "t" : 1756462391621,
      "tn" : 1756462391621265873,
      "q" : "300",
      "p" : "0.0039153",
      "s" : "sell",
      "i" : "TURBO_USD",
      "m" : "4611686018429082384"
    }, {
      "d" : "1756462389827211684",
      "t" : 1756462389827,
      "tn" : 1756462389827211684,
      "q" : "300",
      "p" : "0.0039155",
      "s" : "sell",
      "i" : "TURBO_USD",
      "m" : "4611686018429082383"
    }, {
      "d" : "1756462383722859047",
      "t" : 1756462383722,
      "tn" : 1756462383722859046,
      "q" : "300",
      "p" : "0.0039155",
      "s" : "sell",
      "i" : "TURBO_USD",
      "m" : "4611686018429082382"
    }, {
      "d" : "1756462383722859046",
      "t" : 1756462383722,
      "tn" : 1756462383722859046,
      "q" : "320",
      "p" : "0.0039155",
      "s" : "sell",
      "i" : "TURBO_USD",
      "m" : "4611686018429082382"
    }, {
      "d" : "1756462377739611993",
      "t" : 1756462377739,
      "tn" : 1756462377739611992,
      "q" : "320",
      "p" : "0.0039155",
      "s" : "sell",
      "i" : "TURBO_USD",
      "m" : "4611686018429082381"
    }, {
      "d" : "1756462377739611992",
      "t" : 1756462377739,
      "tn" : 1756462377739611992,
      "q" : "300",
      "p" : "0.0039155",
      "s" : "sell",
      "i" : "TURBO_USD",
      "m" : "4611686018429082381"
    }, {
      "d" : "1756462372041400409",
      "t" : 1756462372041,
      "tn" : 1756462372041400408,
      "q" : "300",
      "p" : "0.0039147",
      "s" : "sell",
      "i" : "TURBO_USD",
      "m" : "4611686018429082380"
    }, {
      "d" : "1756462372041400408",
      "t" : 1756462372041,
      "tn" : 1756462372041400408,
      "q" : "320",
      "p" : "0.0039147",
      "s" : "sell",
      "i" : "TURBO_USD",
      "m" : "4611686018429082380"
    }, {
      "d" : "1756462366228254528",
      "t" : 1756462366228,
      "tn" : 1756462366228254528,
      "q" : "300",
      "p" : "0.0039147",
      "s" : "sell",
      "i" : "TURBO_USD",
      "m" : "4611686018429082379"
    }, {
      "d" : "1756462359965532731",
      "t" : 1756462359965,
      "tn" : 1756462359965532730,
      "q" : "320",
      "p" : "0.0039147",
      "s" : "sell",
      "i" : "TURBO_USD",
      "m" : "4611686018429082378"
    }, {
      "d" : "1756462359965532730",
      "t" : 1756462359965,
      "tn" : 1756462359965532730,
      "q" : "300",
      "p" : "0.0039147",
      "s" : "sell",
      "i" : "TURBO_USD",
      "m" : "4611686018429082378"
    }, {
      "d" : "1756462353885545160",
      "t" : 1756462353885,
      "tn" : 1756462353885545159,
      "q" : "320",
      "p" : "0.0039147",
      "s" : "sell",
      "i" : "TURBO_USD",
      "m" : "4611686018429082377"
    }, {
      "d" : "1756462353885545159",
      "t" : 1756462353885,
      "tn" : 1756462353885545159,
      "q" : "300",
      "p" : "0.0039147",
      "s" : "sell",
      "i" : "TURBO_USD",
      "m" : "4611686018429082377"
    }, {
      "d" : "1756462347969058961",
      "t" : 1756462347969,
      "tn" : 1756462347969058960,
      "q" : "320",
      "p" : "0.0039144",
      "s" : "sell",
      "i" : "TURBO_USD",
      "m" : "4611686018429082376"
    }, {
      "d" : "1756462347969058960",
      "t" : 1756462347969,
      "tn" : 1756462347969058960,
      "q" : "300",
      "p" : "0.0039144",
      "s" : "sell",
      "i" : "TURBO_USD",
      "m" : "4611686018429082376"
    }, {
      "d" : "1756462344218007676",
      "t" : 1756462344218,
      "tn" : 1756462344218007676,
      "q" : "2630",
      "p" : "0.0039138",
      "s" : "buy",
      "i" : "TURBO_USD",
      "m" : "4611686018429082375"
    }, {
      "d" : "1756462343723932176",
      "t" : 1756462343723,
      "tn" : 1756462343723932176,
      "q" : "2740",
      "p" : "0.0039138",
      "s" : "buy",
      "i" : "TURBO_USD",
      "m" : "4611686018429082374"
    }, {
      "d" : "1756462341963722913",
      "t" : 1756462341963,
      "tn" : 1756462341963722913,
      "q" : "320",
      "p" : "0.0039138",
      "s" : "sell",
      "i" : "TURBO_USD",
      "m" : "4611686018429082373"
    }, {
      "d" : "1756462335664235201",
      "t" : 1756462335664,
      "tn" : 1756462335664235201,
      "q" : "300",
      "p" : "0.0039137",
      "s" : "sell",
      "i" : "TURBO_USD",
      "m" : "4611686018429082372"
    }, {
      "d" : "1756462333193525116",
      "t" : 1756462333193,
      "tn" : 1756462333193525116,
      "q" : "300",
      "p" : "0.0039125",
      "s" : "buy",
      "i" : "TURBO_USD",
      "m" : "4611686018429082371"
    }, {
      "d" : "1756462144271724312",
      "t" : 1756462144271,
      "tn" : 1756462144271724312,
      "q" : "300",
      "p" : "0.0039147",
      "s" : "sell",
      "i" : "TURBO_USD",
      "m" : "4611686018429082370"
    }, {
      "d" : "1756461637068794310",
      "t" : 1756461637068,
      "tn" : 1756461637068794310,
      "q" : "74870",
      "p" : "0.0038945",
      "s" : "buy",
      "i" : "TURBO_USD",
      "m" : "4611686018429082369"
    }, {
      "d" : "1756460945707395591",
      "t" : 1756460945707,
      "tn" : 1756460945707395591,
      "q" : "300",
      "p" : "0.0039032",
      "s" : "sell",
      "i" : "TURBO_USD",
      "m" : "4611686018429082368"
    }, {
      "d" : "1756460778987524373",
      "t" : 1756460778987,
      "tn" : 1756460778987524373,
      "q" : "320",
      "p" : "0.0038950",
      "s" : "sell",
      "i" : "TURBO_USD",
      "m" : "4611686018429082367"
    }, {
      "d" : "1756460725785424112",
      "t" : 1756460725785,
      "tn" : 1756460725785424112,
      "q" : "300",
      "p" : "0.0038845",
      "s" : "buy",
      "i" : "TURBO_USD",
      "m" : "4611686018429082366"
    }, {
      "d" : "1756460673780235835",
      "t" : 1756460673780,
      "tn" : 1756460673780235835,
      "q" : "2350",
      "p" : "0.0038896",
      "s" : "sell",
      "i" : "TURBO_USD",
      "m" : "4611686018429082365"
    }, {
      "d" : "1756460673773137654",
      "t" : 1756460673773,
      "tn" : 1756460673773137654,
      "q" : "320",
      "p" : "0.0038896",
      "s" : "buy",
      "i" : "TURBO_USD",
      "m" : "4611686018429082364"
    }, {
      "d" : "1756460673773135771",
      "t" : 1756460673773,
      "tn" : 1756460673773135771,
      "q" : "300",
      "p" : "0.0038865",
      "s" : "buy",
      "i" : "TURBO_USD",
      "m" : "4611686018429082363"
    }, {
      "d" : "1756460667666120559",
      "t" : 1756460667666,
      "tn" : 1756460667666120559,
      "q" : "300",
      "p" : "0.0038865",
      "s" : "buy",
      "i" : "TURBO_USD",
      "m" : "4611686018429082362"
    }, {
      "d" : "1756460604122058948",
      "t" : 1756460604122,
      "tn" : 1756460604122058948,
      "q" : "300",
      "p" : "0.0038845",
      "s" : "buy",
      "i" : "TURBO_USD",
      "m" : "4611686018429082361"
    }, {
      "d" : "1756460598890278149",
      "t" : 1756460598890,
      "tn" : 1756460598890278149,
      "q" : "8590",
      "p" : "0.0038895",
      "s" : "sell",
      "i" : "TURBO_USD",
      "m" : "4611686018429082360"
    }, {
      "d" : "1756460598883741763",
      "t" : 1756460598883,
      "tn" : 1756460598883741763,
      "q" : "320",
      "p" : "0.0038895",
      "s" : "buy",
      "i" : "TURBO_USD",
      "m" : "4611686018429082359"
    }, {
      "d" : "1756460592704105680",
      "t" : 1756460592704,
      "tn" : 1756460592704105680,
      "q" : "300",
      "p" : "0.0038845",
      "s" : "buy",
      "i" : "TURBO_USD",
      "m" : "4611686018429082358"
    }, {
      "d" : "1756460586918693548",
      "t" : 1756460586918,
      "tn" : 1756460586918693548,
      "q" : "300",
      "p" : "0.0038830",
      "s" : "buy",
      "i" : "TURBO_USD",
      "m" : "4611686018429082357"
    }, {
      "d" : "1756460581061619426",
      "t" : 1756460581061,
      "tn" : 1756460581061619426,
      "q" : "300",
      "p" : "0.0038826",
      "s" : "buy",
      "i" : "TURBO_USD",
      "m" : "4611686018429082356"
    }, {
      "d" : "1756460081977477783",
      "t" : 1756460081977,
      "tn" : 1756460081977477783,
      "q" : "8580",
      "p" : "0.0038775",
      "s" : "sell",
      "i" : "TURBO_USD",
      "m" : "4611686018429082355"
    }, {
      "d" : "1756460079826616405",
      "t" : 1756460079826,
      "tn" : 1756460079826616405,
      "q" : "300",
      "p" : "0.0038775",
      "s" : "buy",
      "i" : "TURBO_USD",
      "m" : "4611686018429082354"
    }, {
      "d" : "1756459439845379957",
      "t" : 1756459439845,
      "tn" : 1756459439845379956,
      "q" : "320",
      "p" : "0.0038917",
      "s" : "sell",
      "i" : "TURBO_USD",
      "m" : "4611686018429082353"
    }, {
      "d" : "1756459439845379956",
      "t" : 1756459439845,
      "tn" : 1756459439845379956,
      "q" : "300",
      "p" : "0.0038917",
      "s" : "sell",
      "i" : "TURBO_USD",
      "m" : "4611686018429082353"
    }, {
      "d" : "1756459439845377623",
      "t" : 1756459439845,
      "tn" : 1756459439845377623,
      "q" : "320",
      "p" : "0.0038918",
      "s" : "sell",
      "i" : "TURBO_USD",
      "m" : "4611686018429082352"
    }, {
      "d" : "1756459434656331776",
      "t" : 1756459434656,
      "tn" : 1756459434656331776,
      "q" : "6040",
      "p" : "0.0038999",
      "s" : "sell",
      "i" : "TURBO_USD",
      "m" : "4611686018429082351"
    }, {
      "d" : "1756459434655650619",
      "t" : 1756459434655,
      "tn" : 1756459434655650619,
      "q" : "6580",
      "p" : "0.0038999",
      "s" : "sell",
      "i" : "TURBO_USD",
      "m" : "4611686018429082350"
    }, {
      "d" : "1756459434649753518",
      "t" : 1756459434649,
      "tn" : 1756459434649753518,
      "q" : "320",
      "p" : "0.0038999",
      "s" : "buy",
      "i" : "TURBO_USD",
      "m" : "4611686018429082349"
    }, {
      "d" : "1756459428807727122",
      "t" : 1756459428807,
      "tn" : 1756459428807727122,
      "q" : "300",
      "p" : "0.0038935",
      "s" : "buy",
      "i" : "TURBO_USD",
      "m" : "4611686018429082348"
    }, {
      "d" : "1756459422737707135",
      "t" : 1756459422737,
      "tn" : 1756459422737707134,
      "q" : "320",
      "p" : "0.0038925",
      "s" : "buy",
      "i" : "TURBO_USD",
      "m" : "4611686018429082347"
    }, {
      "d" : "1756459422737707134",
      "t" : 1756459422737,
      "tn" : 1756459422737707134,
      "q" : "300",
      "p" : "0.0038925",
      "s" : "buy",
      "i" : "TURBO_USD",
      "m" : "4611686018429082347"
    }, {
      "d" : "1756459332828106208",
      "t" : 1756459332828,
      "tn" : 1756459332828106208,
      "q" : "300",
      "p" : "0.0038967",
      "s" : "sell",
      "i" : "TURBO_USD",
      "m" : "4611686018429082346"
    }, {
      "d" : "1756459294806072005",
      "t" : 1756459294806,
      "tn" : 1756459294806072005,
      "q" : "300",
      "p" : "0.0038990",
      "s" : "buy",
      "i" : "TURBO_USD",
      "m" : "4611686018429082345"
    }, {
      "d" : "1756459294784918347",
      "t" : 1756459294784,
      "tn" : 1756459294784918347,
      "q" : "300",
      "p" : "0.0038990",
      "s" : "buy",
      "i" : "TURBO_USD",
      "m" : "4611686018429082344"
    }, {
      "d" : "1756459294761785561",
      "t" : 1756459294761,
      "tn" : 1756459294761785561,
      "q" : "300",
      "p" : "0.0038990",
      "s" : "buy",
      "i" : "TURBO_USD",
      "m" : "4611686018429082343"
    }, {
      "d" : "1756459262608350368",
      "t" : 1756459262608,
      "tn" : 1756459262608350368,
      "q" : "4290",
      "p" : "0.0038985",
      "s" : "sell",
      "i" : "TURBO_USD",
      "m" : "4611686018429082342"
    }, {
      "d" : "1756459260671312456",
      "t" : 1756459260671,
      "tn" : 1756459260671312456,
      "q" : "300",
      "p" : "0.0038985",
      "s" : "buy",
      "i" : "TURBO_USD",
      "m" : "4611686018429082341"
    }, {
      "d" : "1756459254683092874",
      "t" : 1756459254683,
      "tn" : 1756459254683092874,
      "q" : "300",
      "p" : "0.0038995",
      "s" : "buy",
      "i" : "TURBO_USD",
      "m" : "4611686018429082340"
    }, {
      "d" : "1756459249396747327",
      "t" : 1756459249396,
      "tn" : 1756459249396747327,
      "q" : "8960",
      "p" : "0.0039067",
      "s" : "buy",
      "i" : "TURBO_USD",
      "m" : "4611686018429082339"
    }, {
      "d" : "1756459249396745792",
      "t" : 1756459249396,
      "tn" : 1756459249396745792,
      "q" : "320",
      "p" : "0.0039062",
      "s" : "buy",
      "i" : "TURBO_USD",
      "m" : "4611686018429082338"
    }, {
      "d" : "1756459249396743300",
      "t" : 1756459249396,
      "tn" : 1756459249396743300,
      "q" : "300",
      "p" : "0.0038995",
      "s" : "buy",
      "i" : "TURBO_USD",
      "m" : "4611686018429082337"
    }, {
      "d" : "1756459249396740414",
      "t" : 1756459249396,
      "tn" : 1756459249396740414,
      "q" : "320",
      "p" : "0.0038994",
      "s" : "buy",
      "i" : "TURBO_USD",
      "m" : "4611686018429082336"
    }, {
      "d" : "1756459248762508821",
      "t" : 1756459248762,
      "tn" : 1756459248762508821,
      "q" : "320",
      "p" : "0.0038993",
      "s" : "buy",
      "i" : "TURBO_USD",
      "m" : "4611686018429082335"
    }, {
      "d" : "1756459242821175718",
      "t" : 1756459242821,
      "tn" : 1756459242821175718,
      "q" : "300",
      "p" : "0.0039025",
      "s" : "buy",
      "i" : "TURBO_USD",
      "m" : "4611686018429082334"
    }, {
      "d" : "1756459236764145046",
      "t" : 1756459236764,
      "tn" : 1756459236764145046,
      "q" : "300",
      "p" : "0.0039005",
      "s" : "buy",
      "i" : "TURBO_USD",
      "m" : "4611686018429082333"
    }, {
      "d" : "1756459230685312965",
      "t" : 1756459230685,
      "tn" : 1756459230685312965,
      "q" : "300",
      "p" : "0.0039005",
      "s" : "buy",
      "i" : "TURBO_USD",
      "m" : "4611686018429082332"
    }, {
      "d" : "1756458252060740145",
      "t" : 1756458252060,
      "tn" : 1756458252060740145,
      "q" : "22520",
      "p" : "0.0038675",
      "s" : "sell",
      "i" : "TURBO_USD",
      "m" : "4611686018429082331"
    }, {
      "d" : "1756458251644046382",
      "t" : 1756458251644,
      "tn" : 1756458251644046382,
      "q" : "2890",
      "p" : "0.0038675",
      "s" : "sell",
      "i" : "TURBO_USD",
      "m" : "4611686018429082330"
    }, {
      "d" : "1756458249416492365",
      "t" : 1756458249416,
      "tn" : 1756458249416492365,
      "q" : "300",
      "p" : "0.0038675",
      "s" : "buy",
      "i" : "TURBO_USD",
      "m" : "4611686018429082329"
    }, {
      "d" : "1756458243432645389",
      "t" : 1756458243432,
      "tn" : 1756458243432645389,
      "q" : "300",
      "p" : "0.0038645",
      "s" : "buy",
      "i" : "TURBO_USD",
      "m" : "4611686018429082328"
    }, {
      "d" : "1756458237490466848",
      "t" : 1756458237490,
      "tn" : 1756458237490466848,
      "q" : "300",
      "p" : "0.0038615",
      "s" : "buy",
      "i" : "TURBO_USD",
      "m" : "4611686018429082327"
    }, {
      "d" : "1756458140251801065",
      "t" : 1756458140251,
      "tn" : 1756458140251801065,
      "q" : "300",
      "p" : "0.0038727",
      "s" : "sell",
      "i" : "TURBO_USD",
      "m" : "4611686018429082326"
    }, {
      "d" : "1756458001821399489",
      "t" : 1756458001821,
      "tn" : 1756458001821399489,
      "q" : "300",
      "p" : "0.0038877",
      "s" : "sell",
      "i" : "TURBO_USD",
      "m" : "4611686018429082325"
    }, {
      "d" : "1756457855034597671",
      "t" : 1756457855034,
      "tn" : 1756457855034597671,
      "q" : "300",
      "p" : "0.0038907",
      "s" : "sell",
      "i" : "TURBO_USD",
      "m" : "4611686018429082324"
    }, {
      "d" : "1756457789993416378",
      "t" : 1756457789993,
      "tn" : 1756457789993416378,
      "q" : "300",
      "p" : "0.0038967",
      "s" : "sell",
      "i" : "TURBO_USD",
      "m" : "4611686018429082323"
    }, {
      "d" : "1756457774564890553",
      "t" : 1756457774564,
      "tn" : 1756457774564890553,
      "q" : "300",
      "p" : "0.0038957",
      "s" : "sell",
      "i" : "TURBO_USD",
      "m" : "4611686018429082322"
    }, {
      "d" : "1756457714284466047",
      "t" : 1756457714284,
      "tn" : 1756457714284466047,
      "q" : "55040",
      "p" : "0.0038995",
      "s" : "sell",
      "i" : "TURBO_USD",
      "m" : "4611686018429082321"
    }, {
      "d" : "1756457713757550398",
      "t" : 1756457713757,
      "tn" : 1756457713757550398,
      "q" : "300",
      "p" : "0.0038995",
      "s" : "buy",
      "i" : "TURBO_USD",
      "m" : "4611686018429082320"
    }, {
      "d" : "1756457707812264739",
      "t" : 1756457707812,
      "tn" : 1756457707812264739,
      "q" : "300",
      "p" : "0.0038965",
      "s" : "buy",
      "i" : "TURBO_USD",
      "m" : "4611686018429082319"
    }, {
      "d" : "1756457704686865151",
      "t" : 1756457704686,
      "tn" : 1756457704686865151,
      "q" : "12150",
      "p" : "0.0038954",
      "s" : "sell",
      "i" : "TURBO_USD",
      "m" : "4611686018429082318"
    }, {
      "d" : "1756457631887379277",
      "t" : 1756457631887,
      "tn" : 1756457631887379277,
      "q" : "300",
      "p" : "0.0038997",
      "s" : "sell",
      "i" : "TURBO_USD",
      "m" : "4611686018429082317"
    }, {
      "d" : "1756457631687266722",
      "t" : 1756457631687,
      "tn" : 1756457631687266722,
      "q" : "300",
      "p" : "0.0039017",
      "s" : "sell",
      "i" : "TURBO_USD",
      "m" : "4611686018429082316"
    }, {
      "d" : "1756457595446574108",
      "t" : 1756457595446,
      "tn" : 1756457595446574108,
      "q" : "6930",
      "p" : "0.0038942",
      "s" : "buy",
      "i" : "TURBO_USD",
      "m" : "4611686018429082315"
    }, {
      "d" : "1756457595439416314",
      "t" : 1756457595439,
      "tn" : 1756457595439416314,
      "q" : "320",
      "p" : "0.0038942",
      "s" : "sell",
      "i" : "TURBO_USD",
      "m" : "4611686018429082314"
    }, {
      "d" : "1756457595439414331",
      "t" : 1756457595439,
      "tn" : 1756457595439414331,
      "q" : "300",
      "p" : "0.0038987",
      "s" : "sell",
      "i" : "TURBO_USD",
      "m" : "4611686018429082313"
    }, {
      "d" : "1756457590550598510",
      "t" : 1756457590550,
      "tn" : 1756457590550598510,
      "q" : "300",
      "p" : "0.0038980",
      "s" : "sell",
      "i" : "TURBO_USD",
      "m" : "4611686018429082312"
    }, {
      "d" : "1756457589397945142",
      "t" : 1756457589397,
      "tn" : 1756457589397945142,
      "q" : "300",
      "p" : "0.0038982",
      "s" : "sell",
      "i" : "TURBO_USD",
      "m" : "4611686018429082311"
    }, {
      "d" : "1756457583202623424",
      "t" : 1756457583202,
      "tn" : 1756457583202623424,
      "q" : "300",
      "p" : "0.0038987",
      "s" : "sell",
      "i" : "TURBO_USD",
      "m" : "4611686018429082310"
    }, {
      "d" : "1756457583010260392",
      "t" : 1756457583010,
      "tn" : 1756457583010260392,
      "q" : "300",
      "p" : "0.0038987",
      "s" : "sell",
      "i" : "TURBO_USD",
      "m" : "4611686018429082309"
    }, {
      "d" : "1756457583010258356",
      "t" : 1756457583010,
      "tn" : 1756457583010258356,
      "q" : "790",
      "p" : "0.0038990",
      "s" : "sell",
      "i" : "TURBO_USD",
      "m" : "4611686018429082308"
    }, {
      "d" : "1756457577356725824",
      "t" : 1756457577356,
      "tn" : 1756457577356725824,
      "q" : "300",
      "p" : "0.0038997",
      "s" : "sell",
      "i" : "TURBO_USD",
      "m" : "4611686018429082307"
    }, {
      "d" : "1756457571393805371",
      "t" : 1756457571393,
      "tn" : 1756457571393805371,
      "q" : "300",
      "p" : "0.0039025",
      "s" : "sell",
      "i" : "TURBO_USD",
      "m" : "4611686018429082306"
    }, {
      "d" : "1756457559026918176",
      "t" : 1756457559026,
      "tn" : 1756457559026918176,
      "q" : "300",
      "p" : "0.0039047",
      "s" : "sell",
      "i" : "TURBO_USD",
      "m" : "4611686018429082305"
    }, {
      "d" : "1756457553107177632",
      "t" : 1756457553107,
      "tn" : 1756457553107177632,
      "q" : "320",
      "p" : "0.0039053",
      "s" : "sell",
      "i" : "TURBO_USD",
      "m" : "4611686018429082304"
    }, {
      "d" : "1756457547151769087",
      "t" : 1756457547151,
      "tn" : 1756457547151769087,
      "q" : "300",
      "p" : "0.0039022",
      "s" : "sell",
      "i" : "TURBO_USD",
      "m" : "4611686018429082303"
    }, {
      "d" : "1756457541227620419",
      "t" : 1756457541227,
      "tn" : 1756457541227620419,
      "q" : "300",
      "p" : "0.0039017",
      "s" : "sell",
      "i" : "TURBO_USD",
      "m" : "4611686018429082302"
    }, {
      "d" : "1756457507034227167",
      "t" : 1756457507034,
      "tn" : 1756457507034227167,
      "q" : "300",
      "p" : "0.0039027",
      "s" : "sell",
      "i" : "TURBO_USD",
      "m" : "4611686018429082301"
    }, {
      "d" : "1756457258300522526",
      "t" : 1756457258300,
      "tn" : 1756457258300522526,
      "q" : "300",
      "p" : "0.0039145",
      "s" : "buy",
      "i" : "TURBO_USD",
      "m" : "4611686018429082300"
    }, {
      "d" : "1756457253674993250",
      "t" : 1756457253674,
      "tn" : 1756457253674993250,
      "q" : "300",
      "p" : "0.0039135",
      "s" : "buy",
      "i" : "TURBO_USD",
      "m" : "4611686018429082299"
    }, {
      "d" : "1756457247615778596",
      "t" : 1756457247615,
      "tn" : 1756457247615778595,
      "q" : "300",
      "p" : "0.0039130",
      "s" : "buy",
      "i" : "TURBO_USD",
      "m" : "4611686018429082298"
    }, {
      "d" : "1756457247615778595",
      "t" : 1756457247615,
      "tn" : 1756457247615778595,
      "q" : "320",
      "p" : "0.0039130",
      "s" : "buy",
      "i" : "TURBO_USD",
      "m" : "4611686018429082298"
    }, {
      "d" : "1756457227317492782",
      "t" : 1756457227317,
      "tn" : 1756457227317492781,
      "q" : "320",
      "p" : "0.0039135",
      "s" : "buy",
      "i" : "TURBO_USD",
      "m" : "4611686018429082297"
    }, {
      "d" : "1756457227317492781",
      "t" : 1756457227317,
      "tn" : 1756457227317492781,
      "q" : "300",
      "p" : "0.0039135",
      "s" : "buy",
      "i" : "TURBO_USD",
      "m" : "4611686018429082297"
    }, {
      "d" : "1756457224020984603",
      "t" : 1756457224020,
      "tn" : 1756457224020984602,
      "q" : "320",
      "p" : "0.0039145",
      "s" : "buy",
      "i" : "TURBO_USD",
      "m" : "4611686018429082296"
    }, {
      "d" : "1756457224020984602",
      "t" : 1756457224020,
      "tn" : 1756457224020984602,
      "q" : "300",
      "p" : "0.0039145",
      "s" : "buy",
      "i" : "TURBO_USD",
      "m" : "4611686018429082296"
    }, {
      "d" : "1756457220682166748",
      "t" : 1756457220682,
      "tn" : 1756457220682166748,
      "q" : "300",
      "p" : "0.0039155",
      "s" : "buy",
      "i" : "TURBO_USD",
      "m" : "4611686018429082295"
    }, {
      "d" : "1756457214947447894",
      "t" : 1756457214947,
      "tn" : 1756457214947447894,
      "q" : "300",
      "p" : "0.0039155",
      "s" : "buy",
      "i" : "TURBO_USD",
      "m" : "4611686018429082294"
    }, {
      "d" : "1756457208748969391",
      "t" : 1756457208748,
      "tn" : 1756457208748969391,
      "q" : "320",
      "p" : "0.0039139",
      "s" : "buy",
      "i" : "TURBO_USD",
      "m" : "4611686018429082293"
    }, {
      "d" : "1756456911797342496",
      "t" : 1756456911797,
      "tn" : 1756456911797342496,
      "q" : "300",
      "p" : "0.0039185",
      "s" : "buy",
      "i" : "TURBO_USD",
      "m" : "4611686018429082292"
    }, {
      "d" : "1756456905630403157",
      "t" : 1756456905630,
      "tn" : 1756456905630403157,
      "q" : "300",
      "p" : "0.0039165",
      "s" : "buy",
      "i" : "TURBO_USD",
      "m" : "4611686018429082291"
    }, {
      "d" : "1756456747114830320",
      "t" : 1756456747114,
      "tn" : 1756456747114830320,
      "q" : "1100",
      "p" : "0.0039140",
      "s" : "buy",
      "i" : "TURBO_USD",
      "m" : "4611686018429082290"
    }, {
      "d" : "1756456746128693041",
      "t" : 1756456746128,
      "tn" : 1756456746128693041,
      "q" : "2630",
      "p" : "0.0039140",
      "s" : "buy",
      "i" : "TURBO_USD",
      "m" : "4611686018429082289"
    }, {
      "d" : "1756456680324222610",
      "t" : 1756456680324,
      "tn" : 1756456680324222610,
      "q" : "7870",
      "p" : "0.0039140",
      "s" : "buy",
      "i" : "TURBO_USD",
      "m" : "4611686018429082288"
    }, {
      "d" : "1756456680323713933",
      "t" : 1756456680323,
      "tn" : 1756456680323713933,
      "q" : "86300",
      "p" : "0.0039140",
      "s" : "buy",
      "i" : "TURBO_USD",
      "m" : "4611686018429082287"
    }, {
      "d" : "1756456344786308490",
      "t" : 1756456344786,
      "tn" : 1756456344786308490,
      "q" : "300",
      "p" : "0.0039245",
      "s" : "buy",
      "i" : "TURBO_USD",
      "m" : "4611686018429082286"
    }, {
      "d" : "1756456338765001020",
      "t" : 1756456338765,
      "tn" : 1756456338765001020,
      "q" : "300",
      "p" : "0.0039250",
      "s" : "buy",
      "i" : "TURBO_USD",
      "m" : "4611686018429082285"
    }, {
      "d" : "1756456332610381483",
      "t" : 1756456332610,
      "tn" : 1756456332610381483,
      "q" : "300",
      "p" : "0.0039255",
      "s" : "buy",
      "i" : "TURBO_USD",
      "m" : "4611686018429082284"
    }, {
      "d" : "1756456326783697327",
      "t" : 1756456326783,
      "tn" : 1756456326783697327,
      "q" : "300",
      "p" : "0.0039205",
      "s" : "buy",
      "i" : "TURBO_USD",
      "m" : "4611686018429082283"
    }, {
      "d" : "1756456320862771089",
      "t" : 1756456320862,
      "tn" : 1756456320862771089,
      "q" : "300",
      "p" : "0.0039195",
      "s" : "buy",
      "i" : "TURBO_USD",
      "m" : "4611686018429082282"
    }, {
      "d" : "1756456314866684649",
      "t" : 1756456314866,
      "tn" : 1756456314866684649,
      "q" : "300",
      "p" : "0.0039185",
      "s" : "buy",
      "i" : "TURBO_USD",
      "m" : "4611686018429082281"
    }, {
      "d" : "1756456308746707465",
      "t" : 1756456308746,
      "tn" : 1756456308746707465,
      "q" : "300",
      "p" : "0.0039160",
      "s" : "buy",
      "i" : "TURBO_USD",
      "m" : "4611686018429082280"
    }, {
      "d" : "1756456215533823257",
      "t" : 1756456215533,
      "tn" : 1756456215533823257,
      "q" : "300",
      "p" : "0.0039095",
      "s" : "buy",
      "i" : "TURBO_USD",
      "m" : "4611686018429082279"
    }, {
      "d" : "1756456215523735287",
      "t" : 1756456215523,
      "tn" : 1756456215523735287,
      "q" : "300",
      "p" : "0.0039095",
      "s" : "buy",
      "i" : "TURBO_USD",
      "m" : "4611686018429082278"
    }, {
      "d" : "1756456210118316791",
      "t" : 1756456210118,
      "tn" : 1756456210118316791,
      "q" : "15870",
      "p" : "0.0039135",
      "s" : "sell",
      "i" : "TURBO_USD",
      "m" : "4611686018429082277"
    }, {
      "d" : "1756456209286162795",
      "t" : 1756456209286,
      "tn" : 1756456209286162794,
      "q" : "320",
      "p" : "0.0039135",
      "s" : "buy",
      "i" : "TURBO_USD",
      "m" : "4611686018429082276"
    }, {
      "d" : "1756456209286162794",
      "t" : 1756456209286,
      "tn" : 1756456209286162794,
      "q" : "300",
      "p" : "0.0039135",
      "s" : "buy",
      "i" : "TURBO_USD",
      "m" : "4611686018429082276"
    }, {
      "d" : "1756456209286157845",
      "t" : 1756456209286,
      "tn" : 1756456209286157845,
      "q" : "320",
      "p" : "0.0039134",
      "s" : "buy",
      "i" : "TURBO_USD",
      "m" : "4611686018429082275"
    }, {
      "d" : "1756455617276119439",
      "t" : 1756455617276,
      "tn" : 1756455617276119439,
      "q" : "300",
      "p" : "0.0039129",
      "s" : "buy",
      "i" : "TURBO_USD",
      "m" : "4611686018429082274"
    }, {
      "d" : "1756455571167883807",
      "t" : 1756455571167,
      "tn" : 1756455571167883807,
      "q" : "7710",
      "p" : "0.0039163",
      "s" : "sell",
      "i" : "TURBO_USD",
      "m" : "4611686018429082273"
    }, {
      "d" : "1756455570829626713",
      "t" : 1756455570829,
      "tn" : 1756455570829626713,
      "q" : "320",
      "p" : "0.0039163",
      "s" : "buy",
      "i" : "TURBO_USD",
      "m" : "4611686018429082272"
    }, {
      "d" : "1756455333650886675",
      "t" : 1756455333650,
      "tn" : 1756455333650886675,
      "q" : "2690",
      "p" : "0.0039189",
      "s" : "sell",
      "i" : "TURBO_USD",
      "m" : "4611686018429082271"
    }, {
      "d" : "1756455333251716088",
      "t" : 1756455333251,
      "tn" : 1756455333251716088,
      "q" : "300",
      "p" : "0.0039189",
      "s" : "buy",
      "i" : "TURBO_USD",
      "m" : "4611686018429082270"
    }, {
      "d" : "1756455329977986755",
      "t" : 1756455329977,
      "tn" : 1756455329977986755,
      "q" : "300",
      "p" : "0.0039179",
      "s" : "buy",
      "i" : "TURBO_USD",
      "m" : "4611686018429082269"
    }, {
      "d" : "1756454807094459511",
      "t" : 1756454807094,
      "tn" : 1756454807094459511,
      "q" : "216670",
      "p" : "0.0039255",
      "s" : "sell",
      "i" : "TURBO_USD",
      "m" : "4611686018429082268"
    }, {
      "d" : "1756454807094457805",
      "t" : 1756454807094,
      "tn" : 1756454807094457805,
      "q" : "320",
      "p" : "0.0039258",
      "s" : "sell",
      "i" : "TURBO_USD",
      "m" : "4611686018429082267"
    }, {
      "d" : "1756454807094455296",
      "t" : 1756454807094,
      "tn" : 1756454807094455296,
      "q" : "300",
      "p" : "0.0039301",
      "s" : "sell",
      "i" : "TURBO_USD",
      "m" : "4611686018429082266"
    }, {
      "d" : "1756453437412361487",
      "t" : 1756453437412,
      "tn" : 1756453437412361487,
      "q" : "300",
      "p" : "0.0039449",
      "s" : "buy",
      "i" : "TURBO_USD",
      "m" : "4611686018429082265"
    }, {
      "d" : "1756453428912629247",
      "t" : 1756453428912,
      "tn" : 1756453428912629247,
      "q" : "24440",
      "p" : "0.0039492",
      "s" : "sell",
      "i" : "TURBO_USD",
      "m" : "4611686018429082264"
    } ]
  }
}