{
  "id" : -1,
  "method" : "public/get-trades",
  "code" : 0,
  "result" : {
    "data" : [ {
      "d" : "1756459249395496978",
      "t" : 1756459249395,
      "tn" : 1756459249395496978,
      "q" : "9800",
      "p" : "0.0039056",
      "s" : "buy",
      "i" : "TURBOUSD-PERP",
      "m" : "4611686018428056101"
    }, {
      "d" : "1756459249395495046",
      "t" : 1756459249395,
      "tn" : 1756459249395495046,
      "q" : "100",
      "p" : "0.0039032",
      "s" : "buy",
      "i" : "TURBOUSD-PERP",
      "m" : "4611686018428056100"
    }, {
      "d" : "1756459249395492723",
      "t" : 1756459249395,
      "tn" : 1756459249395492723,
      "q" : "100",
      "p" : "0.0039009",
      "s" : "buy",
      "i" : "TURBOUSD-PERP",
      "m" : "4611686018428056099"
    }, {
      "d" : "1756446953333701956",
      "t" : 1756446953333,
      "tn" : 1756446953333701956,
      "q" : "100",
      "p" : "0.0040509",
      "s" : "sell",
      "i" : "TURBOUSD-PERP",
      "m" : "4611686018428056098"
    }, {
      "d" : "1756442397963912942",
      "t" : 1756442397963,
      "tn" : 1756442397963912942,
      "q" : "9900",
      "p" : "0.0040688",
      "s" : "buy",
      "i" : "TURBOUSD-PERP",
      "m" : "4611686018428056097"
    }, {
      "d" : "1756442397963910894",
      "t" : 1756442397963,
      "tn" : 1756442397963910894,
      "q" : "100",
      "p" : "0.0040681",
      "s" : "buy",
      "i" : "TURBOUSD-PERP",
      "m" : "4611686018428056096"
    }, {
      "d" : "1756437831510167773",
      "t" : 1756437831510,
      "tn" : 1756437831510167773,
      "q" : "100",
      "p" : "0.0040704",
      "s" : "sell",
      "i" : "TURBOUSD-PERP",
      "m" : "4611686018428056095"
    }, {
      "d" : "1756423700703638002",
      "t" : 1756423700703,
      "tn" : 1756423700703638002,
      "q" : "100",
      "p" : "0.0041371",
      "s" : "sell",
      "i" : "TURBOUSD-PERP",
      "m" : "4611686018428056094"
    }, {
      "d" : "1756402576983731596",
      "t" : 1756402576983,
      "tn" : 1756402576983731596,
      "q" : "100",
      "p" : "0.0040582",
      "s" : "sell",
      "i" : "TURBOUSD-PERP",
      "m" : "4611686018428056093"
    }, {
      "d" : "1756400159688089696",
      "t" : 1756400159688,
      "tn" : 1756400159688089696,
      "q" : "100",
      "p" : "0.0040526",
      "s" : "sell",
      "i" : "TURBOUSD-PERP",
      "m" : "4611686018428056092"
    }, {
      "d" : "1756398123823632036",
      "t" : 1756398123823,
      "tn" : 1756398123823632036,
      "q" : "100",
      "p" : "0.0041024",
      "s" : "sell",
      "i" : "TURBOUSD-PERP",
      "m" : "4611686018428056091"
    }, {
      "d" : "1756394705323658584",
      "t" : 1756394705323,
      "tn" : 1756394705323658584,
      "q" : "100",
      "p" : "0.0041049",
      "s" : "sell",
      "i" : "TURBOUSD-PERP",
      "m" : "4611686018428056090"
    }, {
      "d" : "1756394241263708030",
      "t" : 1756394241263,
      "tn" : 1756394241263708030,
      "q" : "100",
      "p" : "0.0041252",
      "s" : "sell",
      "i" : "TURBOUSD-PERP",
      "m" : "4611686018428056089"
    }, {
      "d" : "1756392131444208674",
      "t" : 1756392131444,
      "tn" : 1756392131444208674,
      "q" : "100",
      "p" : "0.0041025",
      "s" : "buy",
      "i" : "TURBOUSD-PERP",
      "m" : "4611686018428056088"
    }, {
      "d" : "1756389583351276126",
      "t" : 1756389583351,
      "tn" : 1756389583351276126,
      "q" : "24400",
      "p" : "0.0040944",
      "s" : "buy",
      "i" : "TURBOUSD-PERP",
      "m" : "4611686018428056087"
    }, {
      "d" : "1756389583020673688",
      "t" : 1756389583020,
      "tn" : 1756389583020673688,
      "q" : "24300",
      "p" : "0.0040944",
      "s" : "buy",
      "i" : "TURBOUSD-PERP",
      "m" : "4611686018428056086"
    }, {
      "d" : "1756389583013593570",
      "t" : 1756389583013,
      "tn" : 1756389583013593570,
      "q" : "100",
      "p" : "0.0040959",
      "s" : "sell",
      "i" : "TURBOUSD-PERP",
      "m" : "4611686018428056085"
    }, {
      "d" : "1756389582412010548",
      "t" : 1756389582412,
      "tn" : 1756389582412010548,
      "q" : "24400",
      "p" : "0.0040944",
      "s" : "buy",
      "i" : "TURBOUSD-PERP",
      "m" : "4611686018428056084"
    } ]
  }
}