{
  "id" : -1,
  "method" : "public/get-trades",
  "code" : 0,
  "result" : {
    "data" : [ {
      "d" : "1756462383685023828",
      "t" : 1756462383685,
      "tn" : 1756462383685023828,
      "q" : "2.7",
      "p" : "1.4460",
      "s" : "buy",
      "i" : "UMA_USD",
      "m" : "4611686018430018020"
    }, {
      "d" : "1756459021381423173",
      "t" : 1756459021381,
      "tn" : 1756459021381423173,
      "q" : "1.8",
      "p" : "1.4410",
      "s" : "buy",
      "i" : "UMA_USD",
      "m" : "4611686018430018019"
    }, {
      "d" : "1756459013544792835",
      "t" : 1756459013544,
      "tn" : 1756459013544792835,
      "q" : "5.8",
      "p" : "1.4349",
      "s" : "buy",
      "i" : "UMA_USD",
      "m" : "4611686018430018018"
    }, {
      "d" : "1756458111108641594",
      "t" : 1756458111108,
      "tn" : 1756458111108641594,
      "q" : "61.4",
      "p" : "1.4422",
      "s" : "buy",
      "i" : "UMA_USD",
      "m" : "4611686018430018017"
    }, {
      "d" : "1756457421177656817",
      "t" : 1756457421177,
      "tn" : 1756457421177656817,
      "q" : "1.6",
      "p" : "1.4335",
      "s" : "sell",
      "i" : "UMA_USD",
      "m" : "4611686018430018016"
    }, {
      "d" : "1756457005091134409",
      "t" : 1756457005091,
      "tn" : 1756457005091134409,
      "q" : "7.7",
      "p" : "1.4497",
      "s" : "buy",
      "i" : "UMA_USD",
      "m" : "4611686018430018015"
    }, {
      "d" : "1756453119235191853",
      "t" : 1756453119235,
      "tn" : 1756453119235191853,
      "q" : "4.6",
      "p" : "1.4281",
      "s" : "buy",
      "i" : "UMA_USD",
      "m" : "4611686018430018014"
    }, {
      "d" : "1756453119229915763",
      "t" : 1756453119229,
      "tn" : 1756453119229915763,
      "q" : "18.1",
      "p" : "1.4281",
      "s" : "sell",
      "i" : "UMA_USD",
      "m" : "4611686018430018013"
    }, {
      "d" : "1756452983626257209",
      "t" : 1756452983626,
      "tn" : 1756452983626257209,
      "q" : "5.9",
      "p" : "1.4341",
      "s" : "sell",
      "i" : "UMA_USD",
      "m" : "4611686018430018012"
    }, {
      "d" : "1756451730678965175",
      "t" : 1756451730678,
      "tn" : 1756451730678965175,
      "q" : "7.1",
      "p" : "1.4435",
      "s" : "sell",
      "i" : "UMA_USD",
      "m" : "4611686018430018011"
    }, {
      "d" : "1756448079820791444",
      "t" : 1756448079820,
      "tn" : 1756448079820791444,
      "q" : "158.1",
      "p" : "1.4485",
      "s" : "sell",
      "i" : "UMA_USD",
      "m" : "4611686018430018010"
    }, {
      "d" : "1756443110235752218",
      "t" : 1756443110235,
      "tn" : 1756443110235752218,
      "q" : "330.9",
      "p" : "1.4615",
      "s" : "buy",
      "i" : "UMA_USD",
      "m" : "4611686018430018009"
    }, {
      "d" : "1756443110227749055",
      "t" : 1756443110227,
      "tn" : 1756443110227749055,
      "q" : "68.4",
      "p" : "1.4615",
      "s" : "sell",
      "i" : "UMA_USD",
      "m" : "4611686018430018008"
    }, {
      "d" : "1756442645222173523",
      "t" : 1756442645222,
      "tn" : 1756442645222173523,
      "q" : "66.4",
      "p" : "1.4682",
      "s" : "buy",
      "i" : "UMA_USD",
      "m" : "4611686018430018007"
    }, {
      "d" : "1756440403966104984",
      "t" : 1756440403966,
      "tn" : 1756440403966104984,
      "q" : "2.0",
      "p" : "1.4728",
      "s" : "buy",
      "i" : "UMA_USD",
      "m" : "4611686018430018006"
    }, {
      "d" : "1756436778122661426",
      "t" : 1756436778122,
      "tn" : 1756436778122661426,
      "q" : "320.5",
      "p" : "1.4655",
      "s" : "sell",
      "i" : "UMA_USD",
      "m" : "4611686018430018005"
    }, {
      "d" : "1756436778048152133",
      "t" : 1756436778048,
      "tn" : 1756436778048152133,
      "q" : "21.0",
      "p" : "1.4655",
      "s" : "sell",
      "i" : "UMA_USD",
      "m" : "4611686018430018004"
    }, {
      "d" : "1756436778048149372",
      "t" : 1756436778048,
      "tn" : 1756436778048149372,
      "q" : "115.0",
      "p" : "1.4656",
      "s" : "sell",
      "i" : "UMA_USD",
      "m" : "4611686018430018003"
    }, {
      "d" : "1756434797041613777",
      "t" : 1756434797041,
      "tn" : 1756434797041613777,
      "q" : "57.8",
      "p" : "1.4743",
      "s" : "sell",
      "i" : "UMA_USD",
      "m" : "4611686018430018002"
    }, {
      "d" : "1756433516624309415",
      "t" : 1756433516624,
      "tn" : 1756433516624309415,
      "q" : "120.2",
      "p" : "1.4766",
      "s" : "sell",
      "i" : "UMA_USD",
      "m" : "4611686018430018001"
    }, {
      "d" : "1756433516624307637",
      "t" : 1756433516624,
      "tn" : 1756433516624307637,
      "q" : "9.8",
      "p" : "1.4767",
      "s" : "sell",
      "i" : "UMA_USD",
      "m" : "4611686018430018000"
    }, {
      "d" : "1756433516608763347",
      "t" : 1756433516608,
      "tn" : 1756433516608763347,
      "q" : "328.8",
      "p" : "1.4766",
      "s" : "sell",
      "i" : "UMA_USD",
      "m" : "4611686018430017999"
    }, {
      "d" : "1756433516608760893",
      "t" : 1756433516608,
      "tn" : 1756433516608760893,
      "q" : "9.8",
      "p" : "1.4767",
      "s" : "sell",
      "i" : "UMA_USD",
      "m" : "4611686018430017998"
    }, {
      "d" : "1756431104231838770",
      "t" : 1756431104231,
      "tn" : 1756431104231838770,
      "q" : "245.5",
      "p" : "1.5124",
      "s" : "buy",
      "i" : "UMA_USD",
      "m" : "4611686018430017997"
    }, {
      "d" : "1756431090051840591",
      "t" : 1756431090051,
      "tn" : 1756431090051840591,
      "q" : "131.9",
      "p" : "1.5124",
      "s" : "buy",
      "i" : "UMA_USD",
      "m" : "4611686018430017996"
    }, {
      "d" : "1756430556315261994",
      "t" : 1756430556315,
      "tn" : 1756430556315261994,
      "q" : "9.7",
      "p" : "1.4958",
      "s" : "buy",
      "i" : "UMA_USD",
      "m" : "4611686018430017995"
    }, {
      "d" : "1756430026388071437",
      "t" : 1756430026388,
      "tn" : 1756430026388071437,
      "q" : "9.7",
      "p" : "1.4937",
      "s" : "sell",
      "i" : "UMA_USD",
      "m" : "4611686018430017994"
    }, {
      "d" : "1756429307101681435",
      "t" : 1756429307101,
      "tn" : 1756429307101681435,
      "q" : "5.7",
      "p" : "1.4939",
      "s" : "buy",
      "i" : "UMA_USD",
      "m" : "4611686018430017993"
    }, {
      "d" : "1756422727968906655",
      "t" : 1756422727968,
      "tn" : 1756422727968906655,
      "q" : "23.1",
      "p" : "1.4908",
      "s" : "buy",
      "i" : "UMA_USD",
      "m" : "4611686018430017992"
    }, {
      "d" : "1756422575598042649",
      "t" : 1756422575598,
      "tn" : 1756422575598042649,
      "q" : "83.7",
      "p" : "1.4867",
      "s" : "buy",
      "i" : "UMA_USD",
      "m" : "4611686018430017991"
    }, {
      "d" : "1756422575598040138",
      "t" : 1756422575598,
      "tn" : 1756422575598040138,
      "q" : "25.2",
      "p" : "1.4866",
      "s" : "buy",
      "i" : "UMA_USD",
      "m" : "4611686018430017990"
    }, {
      "d" : "1756422575598036122",
      "t" : 1756422575598,
      "tn" : 1756422575598036122,
      "q" : "26.5",
      "p" : "1.4865",
      "s" : "buy",
      "i" : "UMA_USD",
      "m" : "4611686018430017989"
    }, {
      "d" : "1756419148024408970",
      "t" : 1756419148024,
      "tn" : 1756419148024408970,
      "q" : "20.0",
      "p" : "1.4812",
      "s" : "buy",
      "i" : "UMA_USD",
      "m" : "4611686018430017988"
    }, {
      "d" : "1756419148024406017",
      "t" : 1756419148024,
      "tn" : 1756419148024406017,
      "q" : "115.0",
      "p" : "1.4811",
      "s" : "buy",
      "i" : "UMA_USD",
      "m" : "4611686018430017987"
    }, {
      "d" : "1756412320229454157",
      "t" : 1756412320229,
      "tn" : 1756412320229454157,
      "q" : "44.3",
      "p" : "1.4629",
      "s" : "sell",
      "i" : "UMA_USD",
      "m" : "4611686018430017986"
    }, {
      "d" : "1756411190412267595",
      "t" : 1756411190412,
      "tn" : 1756411190412267595,
      "q" : "9.1",
      "p" : "1.4683",
      "s" : "sell",
      "i" : "UMA_USD",
      "m" : "4611686018430017985"
    }, {
      "d" : "1756410638766345639",
      "t" : 1756410638766,
      "tn" : 1756410638766345639,
      "q" : "4.0",
      "p" : "1.4709",
      "s" : "sell",
      "i" : "UMA_USD",
      "m" : "4611686018430017984"
    }, {
      "d" : "1756410130812720671",
      "t" : 1756410130812,
      "tn" : 1756410130812720671,
      "q" : "7.1",
      "p" : "1.4793",
      "s" : "sell",
      "i" : "UMA_USD",
      "m" : "4611686018430017983"
    }, {
      "d" : "1756405325821664236",
      "t" : 1756405325821,
      "tn" : 1756405325821664236,
      "q" : "182.5",
      "p" : "1.4885",
      "s" : "sell",
      "i" : "UMA_USD",
      "m" : "4611686018430017982"
    }, {
      "d" : "1756401841950199766",
      "t" : 1756401841950,
      "tn" : 1756401841950199766,
      "q" : "39.7",
      "p" : "1.4887",
      "s" : "sell",
      "i" : "UMA_USD",
      "m" : "4611686018430017981"
    }, {
      "d" : "1756401841950197207",
      "t" : 1756401841950,
      "tn" : 1756401841950197207,
      "q" : "2.9",
      "p" : "1.4890",
      "s" : "sell",
      "i" : "UMA_USD",
      "m" : "4611686018430017980"
    }, {
      "d" : "1756401180187435839",
      "t" : 1756401180187,
      "tn" : 1756401180187435839,
      "q" : "4.0",
      "p" : "1.4798",
      "s" : "sell",
      "i" : "UMA_USD",
      "m" : "4611686018430017979"
    }, {
      "d" : "1756398805397128452",
      "t" : 1756398805397,
      "tn" : 1756398805397128452,
      "q" : "11.9",
      "p" : "1.5055",
      "s" : "buy",
      "i" : "UMA_USD",
      "m" : "4611686018430017978"
    }, {
      "d" : "1756398805397126118",
      "t" : 1756398805397,
      "tn" : 1756398805397126118,
      "q" : "52.1",
      "p" : "1.5052",
      "s" : "buy",
      "i" : "UMA_USD",
      "m" : "4611686018430017977"
    }, {
      "d" : "1756397365328302660",
      "t" : 1756397365328,
      "tn" : 1756397365328302660,
      "q" : "3.9",
      "p" : "1.4891",
      "s" : "sell",
      "i" : "UMA_USD",
      "m" : "4611686018430017976"
    }, {
      "d" : "1756396278399506015",
      "t" : 1756396278399,
      "tn" : 1756396278399506015,
      "q" : "0.7",
      "p" : "1.4994",
      "s" : "buy",
      "i" : "UMA_USD",
      "m" : "4611686018430017975"
    }, {
      "d" : "1756395737803513717",
      "t" : 1756395737803,
      "tn" : 1756395737803513717,
      "q" : "10.1",
      "p" : "1.5187",
      "s" : "buy",
      "i" : "UMA_USD",
      "m" : "4611686018430017974"
    }, {
      "d" : "1756395446685368895",
      "t" : 1756395446685,
      "tn" : 1756395446685368895,
      "q" : "115.0",
      "p" : "1.5129",
      "s" : "sell",
      "i" : "UMA_USD",
      "m" : "4611686018430017973"
    }, {
      "d" : "1756394744105400812",
      "t" : 1756394744105,
      "tn" : 1756394744105400812,
      "q" : "38.9",
      "p" : "1.5228",
      "s" : "buy",
      "i" : "UMA_USD",
      "m" : "4611686018430017972"
    }, {
      "d" : "1756393771433271762",
      "t" : 1756393771433,
      "tn" : 1756393771433271762,
      "q" : "15.0",
      "p" : "1.5096",
      "s" : "sell",
      "i" : "UMA_USD",
      "m" : "4611686018430017971"
    }, {
      "d" : "1756393486582351512",
      "t" : 1756393486582,
      "tn" : 1756393486582351512,
      "q" : "23.9",
      "p" : "1.5163",
      "s" : "sell",
      "i" : "UMA_USD",
      "m" : "4611686018430017970"
    }, {
      "d" : "1756392162239047835",
      "t" : 1756392162239,
      "tn" : 1756392162239047835,
      "q" : "171.7",
      "p" : "1.5144",
      "s" : "buy",
      "i" : "UMA_USD",
      "m" : "4611686018430017969"
    }, {
      "d" : "1756392161992016157",
      "t" : 1756392161992,
      "tn" : 1756392161992016157,
      "q" : "115.0",
      "p" : "1.5145",
      "s" : "buy",
      "i" : "UMA_USD",
      "m" : "4611686018430017968"
    }, {
      "d" : "1756391917694684634",
      "t" : 1756391917694,
      "tn" : 1756391917694684634,
      "q" : "63.2",
      "p" : "1.5054",
      "s" : "sell",
      "i" : "UMA_USD",
      "m" : "4611686018430017967"
    }, {
      "d" : "1756391258956983920",
      "t" : 1756391258956,
      "tn" : 1756391258956983920,
      "q" : "413.4",
      "p" : "1.5128",
      "s" : "sell",
      "i" : "UMA_USD",
      "m" : "4611686018430017966"
    }, {
      "d" : "1756390291246042944",
      "t" : 1756390291246,
      "tn" : 1756390291246042944,
      "q" : "276.9",
      "p" : "1.5364",
      "s" : "sell",
      "i" : "UMA_USD",
      "m" : "4611686018430017965"
    }, {
      "d" : "1756390290179008112",
      "t" : 1756390290179,
      "tn" : 1756390290179008112,
      "q" : "52.5",
      "p" : "1.5395",
      "s" : "sell",
      "i" : "UMA_USD",
      "m" : "4611686018430017964"
    }, {
      "d" : "1756389821201654487",
      "t" : 1756389821201,
      "tn" : 1756389821201654487,
      "q" : "8.9",
      "p" : "1.5325",
      "s" : "sell",
      "i" : "UMA_USD",
      "m" : "4611686018430017963"
    }, {
      "d" : "1756389694326031251",
      "t" : 1756389694326,
      "tn" : 1756389694326031251,
      "q" : "61.4",
      "p" : "1.5463",
      "s" : "buy",
      "i" : "UMA_USD",
      "m" : "4611686018430017962"
    }, {
      "d" : "1756389496154856786",
      "t" : 1756389496154,
      "tn" : 1756389496154856786,
      "q" : "199.6",
      "p" : "1.5500",
      "s" : "buy",
      "i" : "UMA_USD",
      "m" : "4611686018430017961"
    }, {
      "d" : "1756387030371238804",
      "t" : 1756387030371,
      "tn" : 1756387030371238804,
      "q" : "398.5",
      "p" : "1.5549",
      "s" : "buy",
      "i" : "UMA_USD",
      "m" : "4611686018430017960"
    }, {
      "d" : "1756386906564020373",
      "t" : 1756386906564,
      "tn" : 1756386906564020373,
      "q" : "10.0",
      "p" : "1.5508",
      "s" : "buy",
      "i" : "UMA_USD",
      "m" : "4611686018430017959"
    }, {
      "d" : "1756386530319623513",
      "t" : 1756386530319,
      "tn" : 1756386530319623513,
      "q" : "18.0",
      "p" : "1.5341",
      "s" : "sell",
      "i" : "UMA_USD",
      "m" : "4611686018430017958"
    }, {
      "d" : "1756386373978486177",
      "t" : 1756386373978,
      "tn" : 1756386373978486177,
      "q" : "1.9",
      "p" : "1.5321",
      "s" : "sell",
      "i" : "UMA_USD",
      "m" : "4611686018430017957"
    }, {
      "d" : "1756386126428084834",
      "t" : 1756386126428,
      "tn" : 1756386126428084834,
      "q" : "115.0",
      "p" : "1.5362",
      "s" : "sell",
      "i" : "UMA_USD",
      "m" : "4611686018430017956"
    }, {
      "d" : "1756384809101379962",
      "t" : 1756384809101,
      "tn" : 1756384809101379962,
      "q" : "192.6",
      "p" : "1.5530",
      "s" : "sell",
      "i" : "UMA_USD",
      "m" : "4611686018430017955"
    }, {
      "d" : "1756384798700996519",
      "t" : 1756384798700,
      "tn" : 1756384798700996519,
      "q" : "23.8",
      "p" : "1.5468",
      "s" : "sell",
      "i" : "UMA_USD",
      "m" : "4611686018430017954"
    }, {
      "d" : "1756384578284023240",
      "t" : 1756384578284,
      "tn" : 1756384578284023240,
      "q" : "237.7",
      "p" : "1.5658",
      "s" : "sell",
      "i" : "UMA_USD",
      "m" : "4611686018430017953"
    }, {
      "d" : "1756384578280190350",
      "t" : 1756384578280,
      "tn" : 1756384578280190350,
      "q" : "115.0",
      "p" : "1.5658",
      "s" : "buy",
      "i" : "UMA_USD",
      "m" : "4611686018430017952"
    }, {
      "d" : "1756383731268923221",
      "t" : 1756383731268,
      "tn" : 1756383731268923221,
      "q" : "41.5",
      "p" : "1.5591",
      "s" : "buy",
      "i" : "UMA_USD",
      "m" : "4611686018430017951"
    }, {
      "d" : "1756383731265969724",
      "t" : 1756383731265,
      "tn" : 1756383731265969724,
      "q" : "16.4",
      "p" : "1.5591",
      "s" : "sell",
      "i" : "UMA_USD",
      "m" : "4611686018430017950"
    }, {
      "d" : "1756382306787137587",
      "t" : 1756382306787,
      "tn" : 1756382306787137587,
      "q" : "3.0",
      "p" : "1.5502",
      "s" : "sell",
      "i" : "UMA_USD",
      "m" : "4611686018430017949"
    }, {
      "d" : "1756381935374240858",
      "t" : 1756381935374,
      "tn" : 1756381935374240858,
      "q" : "109.7",
      "p" : "1.5704",
      "s" : "sell",
      "i" : "UMA_USD",
      "m" : "4611686018430017948"
    }, {
      "d" : "1756381935374237718",
      "t" : 1756381935374,
      "tn" : 1756381935374237718,
      "q" : "95.5",
      "p" : "1.5706",
      "s" : "sell",
      "i" : "UMA_USD",
      "m" : "4611686018430017947"
    }, {
      "d" : "1756381009539039922",
      "t" : 1756381009539,
      "tn" : 1756381009539039922,
      "q" : "24.9",
      "p" : "1.5884",
      "s" : "buy",
      "i" : "UMA_USD",
      "m" : "4611686018430017946"
    }, {
      "d" : "1756381009539037641",
      "t" : 1756381009539,
      "tn" : 1756381009539037641,
      "q" : "40.0",
      "p" : "1.5869",
      "s" : "buy",
      "i" : "UMA_USD",
      "m" : "4611686018430017945"
    }, {
      "d" : "1756381009524315262",
      "t" : 1756381009524,
      "tn" : 1756381009524315262,
      "q" : "89.0",
      "p" : "1.5869",
      "s" : "buy",
      "i" : "UMA_USD",
      "m" : "4611686018430017944"
    }, {
      "d" : "1756381009524313428",
      "t" : 1756381009524,
      "tn" : 1756381009524313428,
      "q" : "100.0",
      "p" : "1.5862",
      "s" : "buy",
      "i" : "UMA_USD",
      "m" : "4611686018430017943"
    }, {
      "d" : "1756381009519934272",
      "t" : 1756381009519,
      "tn" : 1756381009519934272,
      "q" : "73.0",
      "p" : "1.5862",
      "s" : "buy",
      "i" : "UMA_USD",
      "m" : "4611686018430017942"
    }, {
      "d" : "1756381009502975865",
      "t" : 1756381009502,
      "tn" : 1756381009502975865,
      "q" : "28.0",
      "p" : "1.5862",
      "s" : "buy",
      "i" : "UMA_USD",
      "m" : "4611686018430017941"
    }, {
      "d" : "1756381009502973681",
      "t" : 1756381009502,
      "tn" : 1756381009502973681,
      "q" : "17.0",
      "p" : "1.5862",
      "s" : "buy",
      "i" : "UMA_USD",
      "m" : "4611686018430017940"
    }, {
      "d" : "1756381009468573540",
      "t" : 1756381009468,
      "tn" : 1756381009468573540,
      "q" : "31.0",
      "p" : "1.5862",
      "s" : "buy",
      "i" : "UMA_USD",
      "m" : "4611686018430017939"
    }, {
      "d" : "1756381009468570976",
      "t" : 1756381009468,
      "tn" : 1756381009468570976,
      "q" : "140.0",
      "p" : "1.5862",
      "s" : "buy",
      "i" : "UMA_USD",
      "m" : "4611686018430017938"
    }, {
      "d" : "1756381009364704885",
      "t" : 1756381009364,
      "tn" : 1756381009364704885,
      "q" : "30.5",
      "p" : "1.5856",
      "s" : "buy",
      "i" : "UMA_USD",
      "m" : "4611686018430017937"
    }, {
      "d" : "1756381009363017929",
      "t" : 1756381009363,
      "tn" : 1756381009363017929,
      "q" : "79.2",
      "p" : "1.5856",
      "s" : "buy",
      "i" : "UMA_USD",
      "m" : "4611686018430017936"
    }, {
      "d" : "1756380091753591751",
      "t" : 1756380091753,
      "tn" : 1756380091753591751,
      "q" : "10.7",
      "p" : "1.5936",
      "s" : "sell",
      "i" : "UMA_USD",
      "m" : "4611686018430017935"
    }, {
      "d" : "1756380023755525993",
      "t" : 1756380023755,
      "tn" : 1756380023755525993,
      "q" : "61.2",
      "p" : "1.5774",
      "s" : "buy",
      "i" : "UMA_USD",
      "m" : "4611686018430017934"
    }, {
      "d" : "1756379905838084803",
      "t" : 1756379905838,
      "tn" : 1756379905838084803,
      "q" : "404.0",
      "p" : "1.5989",
      "s" : "buy",
      "i" : "UMA_USD",
      "m" : "4611686018430017933"
    }, {
      "d" : "1756379905838081731",
      "t" : 1756379905838,
      "tn" : 1756379905838081731,
      "q" : "117.2",
      "p" : "1.5988",
      "s" : "buy",
      "i" : "UMA_USD",
      "m" : "4611686018430017932"
    }, {
      "d" : "1756379821016925419",
      "t" : 1756379821016,
      "tn" : 1756379821016925419,
      "q" : "140.1",
      "p" : "1.5825",
      "s" : "buy",
      "i" : "UMA_USD",
      "m" : "4611686018430017931"
    }, {
      "d" : "1756379360682699719",
      "t" : 1756379360682,
      "tn" : 1756379360682699719,
      "q" : "57.8",
      "p" : "1.5600",
      "s" : "buy",
      "i" : "UMA_USD",
      "m" : "4611686018430017930"
    }, {
      "d" : "1756379360676628013",
      "t" : 1756379360676,
      "tn" : 1756379360676628013,
      "q" : "7.0",
      "p" : "1.5600",
      "s" : "sell",
      "i" : "UMA_USD",
      "m" : "4611686018430017929"
    }, {
      "d" : "1756378152108660235",
      "t" : 1756378152108,
      "tn" : 1756378152108660235,
      "q" : "3.4",
      "p" : "1.5642",
      "s" : "sell",
      "i" : "UMA_USD",
      "m" : "4611686018430017928"
    }, {
      "d" : "1756377785363501460",
      "t" : 1756377785363,
      "tn" : 1756377785363501460,
      "q" : "2.0",
      "p" : "1.5773",
      "s" : "sell",
      "i" : "UMA_USD",
      "m" : "4611686018430017927"
    } ]
  }
}