{
  "id" : -1,
  "method" : "public/get-trades",
  "code" : 0,
  "result" : {
    "data" : [ {
      "d" : "1756462663446526900",
      "t" : 1756462663446,
      "tn" : 1756462663446526898,
      "q" : "20.80",
      "p" : "9.6154",
      "s" : "sell",
      "i" : "UNI_USDT",
      "m" : "4611686018432775386"
    }, {
      "d" : "1756462663446526899",
      "t" : 1756462663446,
      "tn" : 1756462663446526898,
      "q" : "0.13",
      "p" : "9.6154",
      "s" : "sell",
      "i" : "UNI_USDT",
      "m" : "4611686018432775386"
    }, {
      "d" : "1756462663446526898",
      "t" : 1756462663446,
      "tn" : 1756462663446526898,
      "q" : "5.20",
      "p" : "9.6154",
      "s" : "sell",
      "i" : "UNI_USDT",
      "m" : "4611686018432775386"
    }, {
      "d" : "1756462660567383527",
      "t" : 1756462660567,
      "tn" : 1756462660567383527,
      "q" : "0.13",
      "p" : "9.6136",
      "s" : "buy",
      "i" : "UNI_USDT",
      "m" : "4611686018432775385"
    }, {
      "d" : "1756462660532408866",
      "t" : 1756462660532,
      "tn" : 1756462660532408866,
      "q" : "0.13",
      "p" : "9.6136",
      "s" : "buy",
      "i" : "UNI_USDT",
      "m" : "4611686018432775384"
    }, {
      "d" : "1756462517762848171",
      "t" : 1756462517762,
      "tn" : 1756462517762848171,
      "q" : "0.13",
      "p" : "9.6116",
      "s" : "buy",
      "i" : "UNI_USDT",
      "m" : "4611686018432775383"
    }, {
      "d" : "1756462517752931636",
      "t" : 1756462517752,
      "tn" : 1756462517752931636,
      "q" : "0.13",
      "p" : "9.6116",
      "s" : "buy",
      "i" : "UNI_USDT",
      "m" : "4611686018432775382"
    }, {
      "d" : "1756462517724713829",
      "t" : 1756462517724,
      "tn" : 1756462517724713829,
      "q" : "0.13",
      "p" : "9.6116",
      "s" : "buy",
      "i" : "UNI_USDT",
      "m" : "4611686018432775381"
    }, {
      "d" : "1756462517723733173",
      "t" : 1756462517723,
      "tn" : 1756462517723733173,
      "q" : "0.13",
      "p" : "9.6116",
      "s" : "buy",
      "i" : "UNI_USDT",
      "m" : "4611686018432775380"
    }, {
      "d" : "1756462517722868438",
      "t" : 1756462517722,
      "tn" : 1756462517722868438,
      "q" : "0.13",
      "p" : "9.6116",
      "s" : "buy",
      "i" : "UNI_USDT",
      "m" : "4611686018432775379"
    }, {
      "d" : "1756462432017480857",
      "t" : 1756462432017,
      "tn" : 1756462432017480857,
      "q" : "0.13",
      "p" : "9.6229",
      "s" : "sell",
      "i" : "UNI_USDT",
      "m" : "4611686018432775378"
    }, {
      "d" : "1756462431907784264",
      "t" : 1756462431907,
      "tn" : 1756462431907784264,
      "q" : "5.19",
      "p" : "9.6242",
      "s" : "sell",
      "i" : "UNI_USDT",
      "m" : "4611686018432775377"
    }, {
      "d" : "1756462431907782632",
      "t" : 1756462431907,
      "tn" : 1756462431907782632,
      "q" : "0.13",
      "p" : "9.6244",
      "s" : "sell",
      "i" : "UNI_USDT",
      "m" : "4611686018432775376"
    }, {
      "d" : "1756462415677158583",
      "t" : 1756462415677,
      "tn" : 1756462415677158583,
      "q" : "5.19",
      "p" : "9.6285",
      "s" : "sell",
      "i" : "UNI_USDT",
      "m" : "4611686018432775375"
    }, {
      "d" : "1756462389799504072",
      "t" : 1756462389799,
      "tn" : 1756462389799504072,
      "q" : "5.19",
      "p" : "9.6354",
      "s" : "sell",
      "i" : "UNI_USDT",
      "m" : "4611686018432775374"
    }, {
      "d" : "1756462380666841789",
      "t" : 1756462380666,
      "tn" : 1756462380666841789,
      "q" : "0.13",
      "p" : "9.6323",
      "s" : "buy",
      "i" : "UNI_USDT",
      "m" : "4611686018432775373"
    }, {
      "d" : "1756462348866651050",
      "t" : 1756462348866,
      "tn" : 1756462348866651050,
      "q" : "0.13",
      "p" : "9.6266",
      "s" : "buy",
      "i" : "UNI_USDT",
      "m" : "4611686018432775372"
    }, {
      "d" : "1756462348646527932",
      "t" : 1756462348646,
      "tn" : 1756462348646527932,
      "q" : "0.13",
      "p" : "9.6266",
      "s" : "buy",
      "i" : "UNI_USDT",
      "m" : "4611686018432775371"
    }, {
      "d" : "1756462345263518793",
      "t" : 1756462345263,
      "tn" : 1756462345263518793,
      "q" : "0.13",
      "p" : "9.6266",
      "s" : "buy",
      "i" : "UNI_USDT",
      "m" : "4611686018432775370"
    }, {
      "d" : "1756462345182988707",
      "t" : 1756462345182,
      "tn" : 1756462345182988707,
      "q" : "0.13",
      "p" : "9.6266",
      "s" : "buy",
      "i" : "UNI_USDT",
      "m" : "4611686018432775369"
    }, {
      "d" : "1756462333068022169",
      "t" : 1756462333068,
      "tn" : 1756462333068022169,
      "q" : "0.13",
      "p" : "9.6236",
      "s" : "buy",
      "i" : "UNI_USDT",
      "m" : "4611686018432775368"
    }, {
      "d" : "1756462332967705853",
      "t" : 1756462332967,
      "tn" : 1756462332967705853,
      "q" : "0.13",
      "p" : "9.6236",
      "s" : "buy",
      "i" : "UNI_USDT",
      "m" : "4611686018432775367"
    }, {
      "d" : "1756462332931830611",
      "t" : 1756462332931,
      "tn" : 1756462332931830611,
      "q" : "0.13",
      "p" : "9.6236",
      "s" : "buy",
      "i" : "UNI_USDT",
      "m" : "4611686018432775366"
    }, {
      "d" : "1756462228129850601",
      "t" : 1756462228129,
      "tn" : 1756462228129850601,
      "q" : "0.13",
      "p" : "9.6096",
      "s" : "buy",
      "i" : "UNI_USDT",
      "m" : "4611686018432775365"
    }, {
      "d" : "1756462228051068187",
      "t" : 1756462228051,
      "tn" : 1756462228051068187,
      "q" : "0.13",
      "p" : "9.6076",
      "s" : "buy",
      "i" : "UNI_USDT",
      "m" : "4611686018432775364"
    }, {
      "d" : "1756462201495366507",
      "t" : 1756462201495,
      "tn" : 1756462201495366507,
      "q" : "0.13",
      "p" : "9.6046",
      "s" : "buy",
      "i" : "UNI_USDT",
      "m" : "4611686018432775363"
    }, {
      "d" : "1756462161174925703",
      "t" : 1756462161174,
      "tn" : 1756462161174925703,
      "q" : "0.39",
      "p" : "9.6118",
      "s" : "sell",
      "i" : "UNI_USDT",
      "m" : "4611686018432775362"
    }, {
      "d" : "1756462161164674911",
      "t" : 1756462161164,
      "tn" : 1756462161164674911,
      "q" : "0.13",
      "p" : "9.6106",
      "s" : "buy",
      "i" : "UNI_USDT",
      "m" : "4611686018432775361"
    }, {
      "d" : "1756462161065315767",
      "t" : 1756462161065,
      "tn" : 1756462161065315767,
      "q" : "0.13",
      "p" : "9.6106",
      "s" : "buy",
      "i" : "UNI_USDT",
      "m" : "4611686018432775360"
    }, {
      "d" : "1756462161056629656",
      "t" : 1756462161056,
      "tn" : 1756462161056629656,
      "q" : "0.13",
      "p" : "9.6106",
      "s" : "buy",
      "i" : "UNI_USDT",
      "m" : "4611686018432775359"
    }, {
      "d" : "1756462134093301305",
      "t" : 1756462134093,
      "tn" : 1756462134093301305,
      "q" : "0.13",
      "p" : "9.6166",
      "s" : "buy",
      "i" : "UNI_USDT",
      "m" : "4611686018432775358"
    }, {
      "d" : "1756462134073237717",
      "t" : 1756462134073,
      "tn" : 1756462134073237717,
      "q" : "0.13",
      "p" : "9.6151",
      "s" : "buy",
      "i" : "UNI_USDT",
      "m" : "4611686018432775357"
    }, {
      "d" : "1756462060006867863",
      "t" : 1756462060006,
      "tn" : 1756462060006867863,
      "q" : "0.13",
      "p" : "9.6146",
      "s" : "buy",
      "i" : "UNI_USDT",
      "m" : "4611686018432775356"
    }, {
      "d" : "1756462045552042713",
      "t" : 1756462045552,
      "tn" : 1756462045552042713,
      "q" : "0.13",
      "p" : "9.6112",
      "s" : "buy",
      "i" : "UNI_USDT",
      "m" : "4611686018432775355"
    }, {
      "d" : "1756462039488853494",
      "t" : 1756462039488,
      "tn" : 1756462039488853494,
      "q" : "0.13",
      "p" : "9.6097",
      "s" : "buy",
      "i" : "UNI_USDT",
      "m" : "4611686018432775354"
    }, {
      "d" : "1756462037738931581",
      "t" : 1756462037738,
      "tn" : 1756462037738931581,
      "q" : "0.13",
      "p" : "9.6096",
      "s" : "buy",
      "i" : "UNI_USDT",
      "m" : "4611686018432775353"
    }, {
      "d" : "1756462037668756808",
      "t" : 1756462037668,
      "tn" : 1756462037668756808,
      "q" : "0.13",
      "p" : "9.6096",
      "s" : "buy",
      "i" : "UNI_USDT",
      "m" : "4611686018432775352"
    }, {
      "d" : "1756462037568445521",
      "t" : 1756462037568,
      "tn" : 1756462037568445521,
      "q" : "0.13",
      "p" : "9.6096",
      "s" : "buy",
      "i" : "UNI_USDT",
      "m" : "4611686018432775351"
    }, {
      "d" : "1756462037546779952",
      "t" : 1756462037546,
      "tn" : 1756462037546779952,
      "q" : "0.13",
      "p" : "9.6096",
      "s" : "buy",
      "i" : "UNI_USDT",
      "m" : "4611686018432775350"
    }, {
      "d" : "1756462026994475735",
      "t" : 1756462026994,
      "tn" : 1756462026994475735,
      "q" : "0.13",
      "p" : "9.6086",
      "s" : "buy",
      "i" : "UNI_USDT",
      "m" : "4611686018432775349"
    }, {
      "d" : "1756462026965918769",
      "t" : 1756462026965,
      "tn" : 1756462026965918769,
      "q" : "0.13",
      "p" : "9.6086",
      "s" : "buy",
      "i" : "UNI_USDT",
      "m" : "4611686018432775348"
    }, {
      "d" : "1756462026884301074",
      "t" : 1756462026884,
      "tn" : 1756462026884301074,
      "q" : "0.13",
      "p" : "9.6086",
      "s" : "buy",
      "i" : "UNI_USDT",
      "m" : "4611686018432775347"
    }, {
      "d" : "1756462026865578240",
      "t" : 1756462026865,
      "tn" : 1756462026865578240,
      "q" : "0.13",
      "p" : "9.6086",
      "s" : "buy",
      "i" : "UNI_USDT",
      "m" : "4611686018432775346"
    }, {
      "d" : "1756462026765226117",
      "t" : 1756462026765,
      "tn" : 1756462026765226117,
      "q" : "0.13",
      "p" : "9.6086",
      "s" : "buy",
      "i" : "UNI_USDT",
      "m" : "4611686018432775345"
    }, {
      "d" : "1756462026655797841",
      "t" : 1756462026655,
      "tn" : 1756462026655797841,
      "q" : "0.13",
      "p" : "9.6086",
      "s" : "buy",
      "i" : "UNI_USDT",
      "m" : "4611686018432775344"
    }, {
      "d" : "1756462026524610738",
      "t" : 1756462026524,
      "tn" : 1756462026524610738,
      "q" : "0.13",
      "p" : "9.6086",
      "s" : "buy",
      "i" : "UNI_USDT",
      "m" : "4611686018432775343"
    }, {
      "d" : "1756462026464174955",
      "t" : 1756462026464,
      "tn" : 1756462026464174955,
      "q" : "0.13",
      "p" : "9.6086",
      "s" : "buy",
      "i" : "UNI_USDT",
      "m" : "4611686018432775342"
    }, {
      "d" : "1756462026364006439",
      "t" : 1756462026364,
      "tn" : 1756462026364006439,
      "q" : "0.13",
      "p" : "9.6086",
      "s" : "buy",
      "i" : "UNI_USDT",
      "m" : "4611686018432775341"
    }, {
      "d" : "1756462026318989608",
      "t" : 1756462026318,
      "tn" : 1756462026318989608,
      "q" : "0.13",
      "p" : "9.6086",
      "s" : "buy",
      "i" : "UNI_USDT",
      "m" : "4611686018432775340"
    }, {
      "d" : "1756462026263992617",
      "t" : 1756462026263,
      "tn" : 1756462026263992617,
      "q" : "0.13",
      "p" : "9.6086",
      "s" : "buy",
      "i" : "UNI_USDT",
      "m" : "4611686018432775339"
    }, {
      "d" : "1756462026232023626",
      "t" : 1756462026232,
      "tn" : 1756462026232023626,
      "q" : "0.13",
      "p" : "9.6086",
      "s" : "buy",
      "i" : "UNI_USDT",
      "m" : "4611686018432775338"
    }, {
      "d" : "1756462022055401846",
      "t" : 1756462022055,
      "tn" : 1756462022055401846,
      "q" : "0.13",
      "p" : "9.6066",
      "s" : "buy",
      "i" : "UNI_USDT",
      "m" : "4611686018432775337"
    }, {
      "d" : "1756462010082197175",
      "t" : 1756462010082,
      "tn" : 1756462010082197175,
      "q" : "0.13",
      "p" : "9.6036",
      "s" : "buy",
      "i" : "UNI_USDT",
      "m" : "4611686018432775336"
    }, {
      "d" : "1756462010067536443",
      "t" : 1756462010067,
      "tn" : 1756462010067536443,
      "q" : "0.13",
      "p" : "9.6036",
      "s" : "buy",
      "i" : "UNI_USDT",
      "m" : "4611686018432775335"
    }, {
      "d" : "1756462009967211694",
      "t" : 1756462009967,
      "tn" : 1756462009967211694,
      "q" : "0.13",
      "p" : "9.6036",
      "s" : "buy",
      "i" : "UNI_USDT",
      "m" : "4611686018432775334"
    }, {
      "d" : "1756462009866983647",
      "t" : 1756462009866,
      "tn" : 1756462009866983647,
      "q" : "0.13",
      "p" : "9.6036",
      "s" : "buy",
      "i" : "UNI_USDT",
      "m" : "4611686018432775333"
    }, {
      "d" : "1756462009666767410",
      "t" : 1756462009666,
      "tn" : 1756462009666767410,
      "q" : "0.13",
      "p" : "9.6036",
      "s" : "buy",
      "i" : "UNI_USDT",
      "m" : "4611686018432775332"
    }, {
      "d" : "1756462009611704958",
      "t" : 1756462009611,
      "tn" : 1756462009611704958,
      "q" : "0.13",
      "p" : "9.6036",
      "s" : "buy",
      "i" : "UNI_USDT",
      "m" : "4611686018432775331"
    }, {
      "d" : "1756462009466173887",
      "t" : 1756462009466,
      "tn" : 1756462009466173887,
      "q" : "0.13",
      "p" : "9.6036",
      "s" : "buy",
      "i" : "UNI_USDT",
      "m" : "4611686018432775330"
    }, {
      "d" : "1756462009265957918",
      "t" : 1756462009265,
      "tn" : 1756462009265957918,
      "q" : "0.13",
      "p" : "9.6036",
      "s" : "buy",
      "i" : "UNI_USDT",
      "m" : "4611686018432775329"
    }, {
      "d" : "1756462009246700208",
      "t" : 1756462009246,
      "tn" : 1756462009246700208,
      "q" : "0.13",
      "p" : "9.6036",
      "s" : "buy",
      "i" : "UNI_USDT",
      "m" : "4611686018432775328"
    }, {
      "d" : "1756462005920977439",
      "t" : 1756462005920,
      "tn" : 1756462005920977439,
      "q" : "0.13",
      "p" : "9.6036",
      "s" : "buy",
      "i" : "UNI_USDT",
      "m" : "4611686018432775327"
    }, {
      "d" : "1756462004142778322",
      "t" : 1756462004142,
      "tn" : 1756462004142778322,
      "q" : "0.13",
      "p" : "9.6026",
      "s" : "buy",
      "i" : "UNI_USDT",
      "m" : "4611686018432775326"
    }, {
      "d" : "1756462003881044740",
      "t" : 1756462003881,
      "tn" : 1756462003881044740,
      "q" : "0.13",
      "p" : "9.6011",
      "s" : "buy",
      "i" : "UNI_USDT",
      "m" : "4611686018432775325"
    }, {
      "d" : "1756462003809357211",
      "t" : 1756462003809,
      "tn" : 1756462003809357211,
      "q" : "20.83",
      "p" : "9.6038",
      "s" : "buy",
      "i" : "UNI_USDT",
      "m" : "4611686018432775324"
    }, {
      "d" : "1756462003809355854",
      "t" : 1756462003809,
      "tn" : 1756462003809355854,
      "q" : "0.13",
      "p" : "9.5996",
      "s" : "buy",
      "i" : "UNI_USDT",
      "m" : "4611686018432775323"
    }, {
      "d" : "1756461939891986181",
      "t" : 1756461939891,
      "tn" : 1756461939891986181,
      "q" : "0.13",
      "p" : "9.5906",
      "s" : "buy",
      "i" : "UNI_USDT",
      "m" : "4611686018432775322"
    }, {
      "d" : "1756461917660700776",
      "t" : 1756461917660,
      "tn" : 1756461917660700776,
      "q" : "0.13",
      "p" : "9.5866",
      "s" : "buy",
      "i" : "UNI_USDT",
      "m" : "4611686018432775321"
    }, {
      "d" : "1756461917627358347",
      "t" : 1756461917627,
      "tn" : 1756461917627358347,
      "q" : "0.13",
      "p" : "9.5856",
      "s" : "buy",
      "i" : "UNI_USDT",
      "m" : "4611686018432775320"
    }, {
      "d" : "1756461917485595584",
      "t" : 1756461917485,
      "tn" : 1756461917485595584,
      "q" : "0.13",
      "p" : "9.5856",
      "s" : "buy",
      "i" : "UNI_USDT",
      "m" : "4611686018432775319"
    }, {
      "d" : "1756461917443451916",
      "t" : 1756461917443,
      "tn" : 1756461917443451916,
      "q" : "0.13",
      "p" : "9.5856",
      "s" : "buy",
      "i" : "UNI_USDT",
      "m" : "4611686018432775318"
    }, {
      "d" : "1756461764138451028",
      "t" : 1756461764138,
      "tn" : 1756461764138451028,
      "q" : "0.13",
      "p" : "9.5946",
      "s" : "buy",
      "i" : "UNI_USDT",
      "m" : "4611686018432775317"
    }, {
      "d" : "1756461723829910902",
      "t" : 1756461723829,
      "tn" : 1756461723829910902,
      "q" : "0.13",
      "p" : "9.5856",
      "s" : "buy",
      "i" : "UNI_USDT",
      "m" : "4611686018432775316"
    }, {
      "d" : "1756461723689581854",
      "t" : 1756461723689,
      "tn" : 1756461723689581854,
      "q" : "0.13",
      "p" : "9.5856",
      "s" : "buy",
      "i" : "UNI_USDT",
      "m" : "4611686018432775315"
    }, {
      "d" : "1756461723395349411",
      "t" : 1756461723395,
      "tn" : 1756461723395349411,
      "q" : "5.21",
      "p" : "9.5848",
      "s" : "buy",
      "i" : "UNI_USDT",
      "m" : "4611686018432775314"
    }, {
      "d" : "1756461723395348376",
      "t" : 1756461723395,
      "tn" : 1756461723395348376,
      "q" : "0.13",
      "p" : "9.5816",
      "s" : "buy",
      "i" : "UNI_USDT",
      "m" : "4611686018432775313"
    }, {
      "d" : "1756461719612096773",
      "t" : 1756461719612,
      "tn" : 1756461719612096773,
      "q" : "0.13",
      "p" : "9.5797",
      "s" : "buy",
      "i" : "UNI_USDT",
      "m" : "4611686018432775312"
    }, {
      "d" : "1756461699066356127",
      "t" : 1756461699066,
      "tn" : 1756461699066356127,
      "q" : "0.13",
      "p" : "9.5796",
      "s" : "buy",
      "i" : "UNI_USDT",
      "m" : "4611686018432775311"
    }, {
      "d" : "1756461669476009716",
      "t" : 1756461669476,
      "tn" : 1756461669476009716,
      "q" : "0.13",
      "p" : "9.5756",
      "s" : "buy",
      "i" : "UNI_USDT",
      "m" : "4611686018432775310"
    }, {
      "d" : "1756461663009288420",
      "t" : 1756461663009,
      "tn" : 1756461663009288420,
      "q" : "0.13",
      "p" : "9.5736",
      "s" : "buy",
      "i" : "UNI_USDT",
      "m" : "4611686018432775309"
    }, {
      "d" : "1756461662967584600",
      "t" : 1756461662967,
      "tn" : 1756461662967584600,
      "q" : "0.13",
      "p" : "9.5736",
      "s" : "buy",
      "i" : "UNI_USDT",
      "m" : "4611686018432775308"
    }, {
      "d" : "1756461641533762075",
      "t" : 1756461641533,
      "tn" : 1756461641533762075,
      "q" : "0.13",
      "p" : "9.5706",
      "s" : "buy",
      "i" : "UNI_USDT",
      "m" : "4611686018432775307"
    }, {
      "d" : "1756461641364033464",
      "t" : 1756461641364,
      "tn" : 1756461641364033464,
      "q" : "0.13",
      "p" : "9.5706",
      "s" : "buy",
      "i" : "UNI_USDT",
      "m" : "4611686018432775306"
    }, {
      "d" : "1756461604537429411",
      "t" : 1756461604537,
      "tn" : 1756461604537429411,
      "q" : "0.13",
      "p" : "9.5666",
      "s" : "buy",
      "i" : "UNI_USDT",
      "m" : "4611686018432775305"
    }, {
      "d" : "1756461603719031522",
      "t" : 1756461603719,
      "tn" : 1756461603719031522,
      "q" : "0.13",
      "p" : "9.5696",
      "s" : "buy",
      "i" : "UNI_USDT",
      "m" : "4611686018432775304"
    }, {
      "d" : "1756461600971677042",
      "t" : 1756461600971,
      "tn" : 1756461600971677042,
      "q" : "0.13",
      "p" : "9.5716",
      "s" : "buy",
      "i" : "UNI_USDT",
      "m" : "4611686018432775303"
    }, {
      "d" : "1756461571666918545",
      "t" : 1756461571666,
      "tn" : 1756461571666918545,
      "q" : "22.33",
      "p" : "9.5791",
      "s" : "buy",
      "i" : "UNI_USDT",
      "m" : "4611686018432775302"
    }, {
      "d" : "1756461555864047098",
      "t" : 1756461555864,
      "tn" : 1756461555864047098,
      "q" : "0.13",
      "p" : "9.5786",
      "s" : "buy",
      "i" : "UNI_USDT",
      "m" : "4611686018432775301"
    }, {
      "d" : "1756461500651849288",
      "t" : 1756461500651,
      "tn" : 1756461500651849288,
      "q" : "0.13",
      "p" : "9.5736",
      "s" : "buy",
      "i" : "UNI_USDT",
      "m" : "4611686018432775300"
    }, {
      "d" : "1756461500637375976",
      "t" : 1756461500637,
      "tn" : 1756461500637375976,
      "q" : "0.13",
      "p" : "9.5736",
      "s" : "buy",
      "i" : "UNI_USDT",
      "m" : "4611686018432775299"
    }, {
      "d" : "1756461500567707079",
      "t" : 1756461500567,
      "tn" : 1756461500567707079,
      "q" : "0.13",
      "p" : "9.5736",
      "s" : "buy",
      "i" : "UNI_USDT",
      "m" : "4611686018432775298"
    }, {
      "d" : "1756461500527638970",
      "t" : 1756461500527,
      "tn" : 1756461500527638970,
      "q" : "0.13",
      "p" : "9.5736",
      "s" : "buy",
      "i" : "UNI_USDT",
      "m" : "4611686018432775297"
    }, {
      "d" : "1756461500467565212",
      "t" : 1756461500467,
      "tn" : 1756461500467565212,
      "q" : "0.13",
      "p" : "9.5736",
      "s" : "buy",
      "i" : "UNI_USDT",
      "m" : "4611686018432775296"
    }, {
      "d" : "1756461500367354077",
      "t" : 1756461500367,
      "tn" : 1756461500367354077,
      "q" : "0.13",
      "p" : "9.5736",
      "s" : "buy",
      "i" : "UNI_USDT",
      "m" : "4611686018432775295"
    }, {
      "d" : "1756461500291483792",
      "t" : 1756461500291,
      "tn" : 1756461500291483792,
      "q" : "0.13",
      "p" : "9.5736",
      "s" : "buy",
      "i" : "UNI_USDT",
      "m" : "4611686018432775294"
    }, {
      "d" : "1756461500267584655",
      "t" : 1756461500267,
      "tn" : 1756461500267584655,
      "q" : "0.13",
      "p" : "9.5736",
      "s" : "buy",
      "i" : "UNI_USDT",
      "m" : "4611686018432775293"
    }, {
      "d" : "1756461500228231666",
      "t" : 1756461500228,
      "tn" : 1756461500228231666,
      "q" : "0.13",
      "p" : "9.5736",
      "s" : "buy",
      "i" : "UNI_USDT",
      "m" : "4611686018432775292"
    }, {
      "d" : "1756461491411155777",
      "t" : 1756461491411,
      "tn" : 1756461491411155777,
      "q" : "0.13",
      "p" : "9.5796",
      "s" : "buy",
      "i" : "UNI_USDT",
      "m" : "4611686018432775291"
    }, {
      "d" : "1756461491408366922",
      "t" : 1756461491408,
      "tn" : 1756461491408366922,
      "q" : "0.13",
      "p" : "9.5796",
      "s" : "buy",
      "i" : "UNI_USDT",
      "m" : "4611686018432775290"
    }, {
      "d" : "1756461491367867474",
      "t" : 1756461491367,
      "tn" : 1756461491367867474,
      "q" : "0.13",
      "p" : "9.5796",
      "s" : "buy",
      "i" : "UNI_USDT",
      "m" : "4611686018432775289"
    }, {
      "d" : "1756461491337847547",
      "t" : 1756461491337,
      "tn" : 1756461491337847547,
      "q" : "0.13",
      "p" : "9.5796",
      "s" : "buy",
      "i" : "UNI_USDT",
      "m" : "4611686018432775288"
    }, {
      "d" : "1756461491267768795",
      "t" : 1756461491267,
      "tn" : 1756461491267768795,
      "q" : "0.13",
      "p" : "9.5796",
      "s" : "buy",
      "i" : "UNI_USDT",
      "m" : "4611686018432775287"
    }, {
      "d" : "1756461491177054322",
      "t" : 1756461491177,
      "tn" : 1756461491177054322,
      "q" : "0.13",
      "p" : "9.5796",
      "s" : "buy",
      "i" : "UNI_USDT",
      "m" : "4611686018432775286"
    }, {
      "d" : "1756461491167049728",
      "t" : 1756461491167,
      "tn" : 1756461491167049728,
      "q" : "0.13",
      "p" : "9.5796",
      "s" : "buy",
      "i" : "UNI_USDT",
      "m" : "4611686018432775285"
    }, {
      "d" : "1756461491156547284",
      "t" : 1756461491156,
      "tn" : 1756461491156547284,
      "q" : "0.13",
      "p" : "9.5796",
      "s" : "buy",
      "i" : "UNI_USDT",
      "m" : "4611686018432775284"
    }, {
      "d" : "1756461483226564693",
      "t" : 1756461483226,
      "tn" : 1756461483226564692,
      "q" : "15.65",
      "p" : "9.5811",
      "s" : "sell",
      "i" : "UNI_USDT",
      "m" : "4611686018432775283"
    }, {
      "d" : "1756461483226564692",
      "t" : 1756461483226,
      "tn" : 1756461483226564692,
      "q" : "5.21",
      "p" : "9.5811",
      "s" : "sell",
      "i" : "UNI_USDT",
      "m" : "4611686018432775283"
    }, {
      "d" : "1756461482364121536",
      "t" : 1756461482364,
      "tn" : 1756461482364121536,
      "q" : "0.13",
      "p" : "9.5796",
      "s" : "buy",
      "i" : "UNI_USDT",
      "m" : "4611686018432775282"
    }, {
      "d" : "1756461482264003243",
      "t" : 1756461482264,
      "tn" : 1756461482264003243,
      "q" : "0.13",
      "p" : "9.5796",
      "s" : "buy",
      "i" : "UNI_USDT",
      "m" : "4611686018432775281"
    }, {
      "d" : "1756461482229112024",
      "t" : 1756461482229,
      "tn" : 1756461482229112024,
      "q" : "0.13",
      "p" : "9.5796",
      "s" : "buy",
      "i" : "UNI_USDT",
      "m" : "4611686018432775280"
    }, {
      "d" : "1756461482213148569",
      "t" : 1756461482213,
      "tn" : 1756461482213148569,
      "q" : "0.13",
      "p" : "9.5796",
      "s" : "buy",
      "i" : "UNI_USDT",
      "m" : "4611686018432775279"
    }, {
      "d" : "1756461482211445722",
      "t" : 1756461482211,
      "tn" : 1756461482211445722,
      "q" : "0.13",
      "p" : "9.5796",
      "s" : "buy",
      "i" : "UNI_USDT",
      "m" : "4611686018432775278"
    }, {
      "d" : "1756461482208953685",
      "t" : 1756461482208,
      "tn" : 1756461482208953685,
      "q" : "0.13",
      "p" : "9.5796",
      "s" : "buy",
      "i" : "UNI_USDT",
      "m" : "4611686018432775277"
    }, {
      "d" : "1756461482163215734",
      "t" : 1756461482163,
      "tn" : 1756461482163215734,
      "q" : "0.13",
      "p" : "9.5796",
      "s" : "buy",
      "i" : "UNI_USDT",
      "m" : "4611686018432775276"
    }, {
      "d" : "1756461482089662454",
      "t" : 1756461482089,
      "tn" : 1756461482089662454,
      "q" : "0.13",
      "p" : "9.5796",
      "s" : "buy",
      "i" : "UNI_USDT",
      "m" : "4611686018432775275"
    }, {
      "d" : "1756461470598026015",
      "t" : 1756461470598,
      "tn" : 1756461470598026015,
      "q" : "0.13",
      "p" : "9.5816",
      "s" : "buy",
      "i" : "UNI_USDT",
      "m" : "4611686018432775274"
    }, {
      "d" : "1756461470467501648",
      "t" : 1756461470467,
      "tn" : 1756461470467501648,
      "q" : "0.13",
      "p" : "9.5816",
      "s" : "buy",
      "i" : "UNI_USDT",
      "m" : "4611686018432775273"
    }, {
      "d" : "1756461470400904925",
      "t" : 1756461470400,
      "tn" : 1756461470400904925,
      "q" : "0.13",
      "p" : "9.5816",
      "s" : "buy",
      "i" : "UNI_USDT",
      "m" : "4611686018432775272"
    }, {
      "d" : "1756461469865425955",
      "t" : 1756461469865,
      "tn" : 1756461469865425955,
      "q" : "0.13",
      "p" : "9.5816",
      "s" : "buy",
      "i" : "UNI_USDT",
      "m" : "4611686018432775271"
    }, {
      "d" : "1756461469765240370",
      "t" : 1756461469765,
      "tn" : 1756461469765240370,
      "q" : "0.13",
      "p" : "9.5816",
      "s" : "buy",
      "i" : "UNI_USDT",
      "m" : "4611686018432775270"
    }, {
      "d" : "1756461469689041996",
      "t" : 1756461469689,
      "tn" : 1756461469689041996,
      "q" : "0.13",
      "p" : "9.5816",
      "s" : "buy",
      "i" : "UNI_USDT",
      "m" : "4611686018432775269"
    }, {
      "d" : "1756461469664942946",
      "t" : 1756461469664,
      "tn" : 1756461469664942946,
      "q" : "0.13",
      "p" : "9.5816",
      "s" : "buy",
      "i" : "UNI_USDT",
      "m" : "4611686018432775268"
    }, {
      "d" : "1756461469587147513",
      "t" : 1756461469587,
      "tn" : 1756461469587147513,
      "q" : "0.13",
      "p" : "9.5816",
      "s" : "buy",
      "i" : "UNI_USDT",
      "m" : "4611686018432775267"
    }, {
      "d" : "1756461469552708009",
      "t" : 1756461469552,
      "tn" : 1756461469552708009,
      "q" : "0.13",
      "p" : "9.5816",
      "s" : "buy",
      "i" : "UNI_USDT",
      "m" : "4611686018432775266"
    }, {
      "d" : "1756461469464764091",
      "t" : 1756461469464,
      "tn" : 1756461469464764091,
      "q" : "0.13",
      "p" : "9.5816",
      "s" : "buy",
      "i" : "UNI_USDT",
      "m" : "4611686018432775265"
    }, {
      "d" : "1756461469364620789",
      "t" : 1756461469364,
      "tn" : 1756461469364620789,
      "q" : "0.13",
      "p" : "9.5816",
      "s" : "buy",
      "i" : "UNI_USDT",
      "m" : "4611686018432775264"
    }, {
      "d" : "1756461469299653161",
      "t" : 1756461469299,
      "tn" : 1756461469299653161,
      "q" : "0.13",
      "p" : "9.5816",
      "s" : "buy",
      "i" : "UNI_USDT",
      "m" : "4611686018432775263"
    }, {
      "d" : "1756461469264588823",
      "t" : 1756461469264,
      "tn" : 1756461469264588823,
      "q" : "0.13",
      "p" : "9.5816",
      "s" : "buy",
      "i" : "UNI_USDT",
      "m" : "4611686018432775262"
    }, {
      "d" : "1756461469164542749",
      "t" : 1756461469164,
      "tn" : 1756461469164542749,
      "q" : "0.13",
      "p" : "9.5816",
      "s" : "buy",
      "i" : "UNI_USDT",
      "m" : "4611686018432775261"
    }, {
      "d" : "1756461469063708042",
      "t" : 1756461469063,
      "tn" : 1756461469063708042,
      "q" : "0.13",
      "p" : "9.5816",
      "s" : "buy",
      "i" : "UNI_USDT",
      "m" : "4611686018432775260"
    }, {
      "d" : "1756461469030318914",
      "t" : 1756461469030,
      "tn" : 1756461469030318914,
      "q" : "0.13",
      "p" : "9.5816",
      "s" : "buy",
      "i" : "UNI_USDT",
      "m" : "4611686018432775259"
    }, {
      "d" : "1756461468963601002",
      "t" : 1756461468963,
      "tn" : 1756461468963601002,
      "q" : "0.13",
      "p" : "9.5816",
      "s" : "buy",
      "i" : "UNI_USDT",
      "m" : "4611686018432775258"
    }, {
      "d" : "1756461468928564594",
      "t" : 1756461468928,
      "tn" : 1756461468928564594,
      "q" : "0.13",
      "p" : "9.5816",
      "s" : "buy",
      "i" : "UNI_USDT",
      "m" : "4611686018432775257"
    }, {
      "d" : "1756461468898548189",
      "t" : 1756461468898,
      "tn" : 1756461468898548189,
      "q" : "0.13",
      "p" : "9.5816",
      "s" : "buy",
      "i" : "UNI_USDT",
      "m" : "4611686018432775256"
    }, {
      "d" : "1756461468880990580",
      "t" : 1756461468880,
      "tn" : 1756461468880990580,
      "q" : "0.13",
      "p" : "9.5816",
      "s" : "buy",
      "i" : "UNI_USDT",
      "m" : "4611686018432775255"
    }, {
      "d" : "1756461468863402427",
      "t" : 1756461468863,
      "tn" : 1756461468863402427,
      "q" : "0.13",
      "p" : "9.5816",
      "s" : "buy",
      "i" : "UNI_USDT",
      "m" : "4611686018432775254"
    }, {
      "d" : "1756461468835675350",
      "t" : 1756461468835,
      "tn" : 1756461468835675350,
      "q" : "0.13",
      "p" : "9.5816",
      "s" : "buy",
      "i" : "UNI_USDT",
      "m" : "4611686018432775253"
    }, {
      "d" : "1756461468825731785",
      "t" : 1756461468825,
      "tn" : 1756461468825731785,
      "q" : "0.13",
      "p" : "9.5816",
      "s" : "buy",
      "i" : "UNI_USDT",
      "m" : "4611686018432775252"
    }, {
      "d" : "1756461468783332860",
      "t" : 1756461468783,
      "tn" : 1756461468783332860,
      "q" : "0.13",
      "p" : "9.5816",
      "s" : "buy",
      "i" : "UNI_USDT",
      "m" : "4611686018432775251"
    }, {
      "d" : "1756461468763273239",
      "t" : 1756461468763,
      "tn" : 1756461468763273239,
      "q" : "0.13",
      "p" : "9.5816",
      "s" : "buy",
      "i" : "UNI_USDT",
      "m" : "4611686018432775250"
    }, {
      "d" : "1756461468726548297",
      "t" : 1756461468726,
      "tn" : 1756461468726548297,
      "q" : "0.13",
      "p" : "9.5816",
      "s" : "buy",
      "i" : "UNI_USDT",
      "m" : "4611686018432775249"
    }, {
      "d" : "1756461468724259628",
      "t" : 1756461468724,
      "tn" : 1756461468724259628,
      "q" : "0.13",
      "p" : "9.5816",
      "s" : "buy",
      "i" : "UNI_USDT",
      "m" : "4611686018432775248"
    }, {
      "d" : "1756461468698074693",
      "t" : 1756461468698,
      "tn" : 1756461468698074693,
      "q" : "0.13",
      "p" : "9.5816",
      "s" : "buy",
      "i" : "UNI_USDT",
      "m" : "4611686018432775247"
    }, {
      "d" : "1756461468664158092",
      "t" : 1756461468664,
      "tn" : 1756461468664158092,
      "q" : "0.13",
      "p" : "9.5816",
      "s" : "buy",
      "i" : "UNI_USDT",
      "m" : "4611686018432775246"
    }, {
      "d" : "1756461468633887794",
      "t" : 1756461468633,
      "tn" : 1756461468633887794,
      "q" : "0.13",
      "p" : "9.5816",
      "s" : "buy",
      "i" : "UNI_USDT",
      "m" : "4611686018432775245"
    }, {
      "d" : "1756461468625898469",
      "t" : 1756461468625,
      "tn" : 1756461468625898469,
      "q" : "0.13",
      "p" : "9.5816",
      "s" : "buy",
      "i" : "UNI_USDT",
      "m" : "4611686018432775244"
    }, {
      "d" : "1756461468623028993",
      "t" : 1756461468623,
      "tn" : 1756461468623028993,
      "q" : "0.13",
      "p" : "9.5816",
      "s" : "buy",
      "i" : "UNI_USDT",
      "m" : "4611686018432775243"
    }, {
      "d" : "1756461468592984654",
      "t" : 1756461468592,
      "tn" : 1756461468592984654,
      "q" : "0.13",
      "p" : "9.5816",
      "s" : "buy",
      "i" : "UNI_USDT",
      "m" : "4611686018432775242"
    }, {
      "d" : "1756461468577970028",
      "t" : 1756461468577,
      "tn" : 1756461468577970028,
      "q" : "0.13",
      "p" : "9.5816",
      "s" : "buy",
      "i" : "UNI_USDT",
      "m" : "4611686018432775241"
    }, {
      "d" : "1756461468563748449",
      "t" : 1756461468563,
      "tn" : 1756461468563748449,
      "q" : "0.13",
      "p" : "9.5816",
      "s" : "buy",
      "i" : "UNI_USDT",
      "m" : "4611686018432775240"
    } ]
  }
}