{
  "id" : -1,
  "method" : "public/get-trades",
  "code" : 0,
  "result" : {
    "data" : [ {
      "d" : "1756462748465612874",
      "t" : 1756462748465,
      "tn" : 1756462748465612874,
      "q" : "0.13",
      "p" : "9.6230",
      "s" : "buy",
      "i" : "UNI_USD",
      "m" : "4611686018433505098"
    }, {
      "d" : "1756462748454736795",
      "t" : 1756462748454,
      "tn" : 1756462748454736795,
      "q" : "0.13",
      "p" : "9.6230",
      "s" : "buy",
      "i" : "UNI_USD",
      "m" : "4611686018433505097"
    }, {
      "d" : "1756462748450580913",
      "t" : 1756462748450,
      "tn" : 1756462748450580913,
      "q" : "0.13",
      "p" : "9.6230",
      "s" : "buy",
      "i" : "UNI_USD",
      "m" : "4611686018433505096"
    }, {
      "d" : "1756462748365458602",
      "t" : 1756462748365,
      "tn" : 1756462748365458602,
      "q" : "0.13",
      "p" : "9.6230",
      "s" : "buy",
      "i" : "UNI_USD",
      "m" : "4611686018433505095"
    }, {
      "d" : "1756462748265119411",
      "t" : 1756462748265,
      "tn" : 1756462748265119411,
      "q" : "0.13",
      "p" : "9.6230",
      "s" : "buy",
      "i" : "UNI_USD",
      "m" : "4611686018433505094"
    }, {
      "d" : "1756462748064909654",
      "t" : 1756462748064,
      "tn" : 1756462748064909654,
      "q" : "0.13",
      "p" : "9.6230",
      "s" : "buy",
      "i" : "UNI_USD",
      "m" : "4611686018433505093"
    }, {
      "d" : "1756462747964673057",
      "t" : 1756462747964,
      "tn" : 1756462747964673057,
      "q" : "0.13",
      "p" : "9.6230",
      "s" : "buy",
      "i" : "UNI_USD",
      "m" : "4611686018433505092"
    }, {
      "d" : "1756462747939671522",
      "t" : 1756462747939,
      "tn" : 1756462747939671522,
      "q" : "0.13",
      "p" : "9.6230",
      "s" : "buy",
      "i" : "UNI_USD",
      "m" : "4611686018433505091"
    }, {
      "d" : "1756462747864451071",
      "t" : 1756462747864,
      "tn" : 1756462747864451071,
      "q" : "0.13",
      "p" : "9.6230",
      "s" : "buy",
      "i" : "UNI_USD",
      "m" : "4611686018433505090"
    }, {
      "d" : "1756462747758198614",
      "t" : 1756462747758,
      "tn" : 1756462747758198614,
      "q" : "0.13",
      "p" : "9.6230",
      "s" : "buy",
      "i" : "UNI_USD",
      "m" : "4611686018433505089"
    }, {
      "d" : "1756462747667924930",
      "t" : 1756462747667,
      "tn" : 1756462747667924930,
      "q" : "0.13",
      "p" : "9.6230",
      "s" : "buy",
      "i" : "UNI_USD",
      "m" : "4611686018433505088"
    }, {
      "d" : "1756462747567756082",
      "t" : 1756462747567,
      "tn" : 1756462747567756082,
      "q" : "0.13",
      "p" : "9.6230",
      "s" : "buy",
      "i" : "UNI_USD",
      "m" : "4611686018433505087"
    }, {
      "d" : "1756462747467951136",
      "t" : 1756462747467,
      "tn" : 1756462747467951136,
      "q" : "0.13",
      "p" : "9.6230",
      "s" : "buy",
      "i" : "UNI_USD",
      "m" : "4611686018433505086"
    }, {
      "d" : "1756462747367492728",
      "t" : 1756462747367,
      "tn" : 1756462747367492728,
      "q" : "0.13",
      "p" : "9.6230",
      "s" : "buy",
      "i" : "UNI_USD",
      "m" : "4611686018433505085"
    }, {
      "d" : "1756462747192001311",
      "t" : 1756462747192,
      "tn" : 1756462747192001311,
      "q" : "0.13",
      "p" : "9.6230",
      "s" : "buy",
      "i" : "UNI_USD",
      "m" : "4611686018433505084"
    }, {
      "d" : "1756462744868925035",
      "t" : 1756462744868,
      "tn" : 1756462744868925035,
      "q" : "0.13",
      "p" : "9.6200",
      "s" : "buy",
      "i" : "UNI_USD",
      "m" : "4611686018433505083"
    }, {
      "d" : "1756462744787233675",
      "t" : 1756462744787,
      "tn" : 1756462744787233675,
      "q" : "0.13",
      "p" : "9.6200",
      "s" : "buy",
      "i" : "UNI_USD",
      "m" : "4611686018433505082"
    }, {
      "d" : "1756462744785202187",
      "t" : 1756462744785,
      "tn" : 1756462744785202187,
      "q" : "0.13",
      "p" : "9.6200",
      "s" : "buy",
      "i" : "UNI_USD",
      "m" : "4611686018433505081"
    }, {
      "d" : "1756462702579156682",
      "t" : 1756462702579,
      "tn" : 1756462702579156682,
      "q" : "0.01",
      "p" : "9.6209",
      "s" : "sell",
      "i" : "UNI_USD",
      "m" : "4611686018433505080"
    }, {
      "d" : "1756462702578664175",
      "t" : 1756462702578,
      "tn" : 1756462702578664175,
      "q" : "20.37",
      "p" : "9.6209",
      "s" : "sell",
      "i" : "UNI_USD",
      "m" : "4611686018433505079"
    }, {
      "d" : "1756462685706252521",
      "t" : 1756462685706,
      "tn" : 1756462685706252521,
      "q" : "0.13",
      "p" : "9.6200",
      "s" : "buy",
      "i" : "UNI_USD",
      "m" : "4611686018433505078"
    }, {
      "d" : "1756462668869144355",
      "t" : 1756462668869,
      "tn" : 1756462668869144355,
      "q" : "0.13",
      "p" : "9.6170",
      "s" : "buy",
      "i" : "UNI_USD",
      "m" : "4611686018433505077"
    }, {
      "d" : "1756462668767719265",
      "t" : 1756462668767,
      "tn" : 1756462668767719265,
      "q" : "0.13",
      "p" : "9.6170",
      "s" : "buy",
      "i" : "UNI_USD",
      "m" : "4611686018433505076"
    }, {
      "d" : "1756462668706522682",
      "t" : 1756462668706,
      "tn" : 1756462668706522682,
      "q" : "0.13",
      "p" : "9.6170",
      "s" : "buy",
      "i" : "UNI_USD",
      "m" : "4611686018433505075"
    }, {
      "d" : "1756462660568447845",
      "t" : 1756462660568,
      "tn" : 1756462660568447845,
      "q" : "0.13",
      "p" : "9.6150",
      "s" : "buy",
      "i" : "UNI_USD",
      "m" : "4611686018433505074"
    }, {
      "d" : "1756462660533465111",
      "t" : 1756462660533,
      "tn" : 1756462660533465111,
      "q" : "0.13",
      "p" : "9.6150",
      "s" : "buy",
      "i" : "UNI_USD",
      "m" : "4611686018433505073"
    }, {
      "d" : "1756462660468237273",
      "t" : 1756462660468,
      "tn" : 1756462660468237273,
      "q" : "0.13",
      "p" : "9.6150",
      "s" : "buy",
      "i" : "UNI_USD",
      "m" : "4611686018433505072"
    }, {
      "d" : "1756462660427159366",
      "t" : 1756462660427,
      "tn" : 1756462660427159366,
      "q" : "0.13",
      "p" : "9.6150",
      "s" : "buy",
      "i" : "UNI_USD",
      "m" : "4611686018433505071"
    }, {
      "d" : "1756462658819059736",
      "t" : 1756462658819,
      "tn" : 1756462658819059736,
      "q" : "0.13",
      "p" : "9.6140",
      "s" : "buy",
      "i" : "UNI_USD",
      "m" : "4611686018433505070"
    }, {
      "d" : "1756462589880002373",
      "t" : 1756462589880,
      "tn" : 1756462589880002373,
      "q" : "0.11",
      "p" : "9.6099",
      "s" : "sell",
      "i" : "UNI_USD",
      "m" : "4611686018433505069"
    }, {
      "d" : "1756462518184273248",
      "t" : 1756462518184,
      "tn" : 1756462518184273248,
      "q" : "0.13",
      "p" : "9.6130",
      "s" : "buy",
      "i" : "UNI_USD",
      "m" : "4611686018433505068"
    }, {
      "d" : "1756462518175746551",
      "t" : 1756462518175,
      "tn" : 1756462518175746551,
      "q" : "0.13",
      "p" : "9.6130",
      "s" : "buy",
      "i" : "UNI_USD",
      "m" : "4611686018433505067"
    }, {
      "d" : "1756462518174256018",
      "t" : 1756462518174,
      "tn" : 1756462518174256018,
      "q" : "0.13",
      "p" : "9.6130",
      "s" : "buy",
      "i" : "UNI_USD",
      "m" : "4611686018433505066"
    }, {
      "d" : "1756462518164241339",
      "t" : 1756462518164,
      "tn" : 1756462518164241339,
      "q" : "0.13",
      "p" : "9.6130",
      "s" : "buy",
      "i" : "UNI_USD",
      "m" : "4611686018433505065"
    }, {
      "d" : "1756462518104143461",
      "t" : 1756462518104,
      "tn" : 1756462518104143461,
      "q" : "0.13",
      "p" : "9.6130",
      "s" : "buy",
      "i" : "UNI_USD",
      "m" : "4611686018433505064"
    }, {
      "d" : "1756462518096993415",
      "t" : 1756462518096,
      "tn" : 1756462518096993415,
      "q" : "0.13",
      "p" : "9.6130",
      "s" : "buy",
      "i" : "UNI_USD",
      "m" : "4611686018433505063"
    }, {
      "d" : "1756462518095491144",
      "t" : 1756462518095,
      "tn" : 1756462518095491144,
      "q" : "0.13",
      "p" : "9.6130",
      "s" : "buy",
      "i" : "UNI_USD",
      "m" : "4611686018433505062"
    }, {
      "d" : "1756462517888494878",
      "t" : 1756462517888,
      "tn" : 1756462517888494878,
      "q" : "0.13",
      "p" : "9.6130",
      "s" : "buy",
      "i" : "UNI_USD",
      "m" : "4611686018433505061"
    }, {
      "d" : "1756462517823498447",
      "t" : 1756462517823,
      "tn" : 1756462517823498447,
      "q" : "0.13",
      "p" : "9.6130",
      "s" : "buy",
      "i" : "UNI_USD",
      "m" : "4611686018433505060"
    }, {
      "d" : "1756462517808483105",
      "t" : 1756462517808,
      "tn" : 1756462517808483105,
      "q" : "0.13",
      "p" : "9.6130",
      "s" : "buy",
      "i" : "UNI_USD",
      "m" : "4611686018433505059"
    }, {
      "d" : "1756462517792424089",
      "t" : 1756462517792,
      "tn" : 1756462517792424089,
      "q" : "0.13",
      "p" : "9.6130",
      "s" : "buy",
      "i" : "UNI_USD",
      "m" : "4611686018433505058"
    }, {
      "d" : "1756462517762064859",
      "t" : 1756462517762,
      "tn" : 1756462517762064859,
      "q" : "0.13",
      "p" : "9.6130",
      "s" : "buy",
      "i" : "UNI_USD",
      "m" : "4611686018433505057"
    }, {
      "d" : "1756462517753789259",
      "t" : 1756462517753,
      "tn" : 1756462517753789259,
      "q" : "0.13",
      "p" : "9.6130",
      "s" : "buy",
      "i" : "UNI_USD",
      "m" : "4611686018433505056"
    }, {
      "d" : "1756462517752036601",
      "t" : 1756462517752,
      "tn" : 1756462517752036601,
      "q" : "0.13",
      "p" : "9.6130",
      "s" : "buy",
      "i" : "UNI_USD",
      "m" : "4611686018433505055"
    }, {
      "d" : "1756462517724724083",
      "t" : 1756462517724,
      "tn" : 1756462517724724083,
      "q" : "0.13",
      "p" : "9.6130",
      "s" : "buy",
      "i" : "UNI_USD",
      "m" : "4611686018433505054"
    }, {
      "d" : "1756462517723735887",
      "t" : 1756462517723,
      "tn" : 1756462517723735887,
      "q" : "0.13",
      "p" : "9.6130",
      "s" : "buy",
      "i" : "UNI_USD",
      "m" : "4611686018433505053"
    }, {
      "d" : "1756462517722003311",
      "t" : 1756462517722,
      "tn" : 1756462517722003311,
      "q" : "0.13",
      "p" : "9.6130",
      "s" : "buy",
      "i" : "UNI_USD",
      "m" : "4611686018433505052"
    }, {
      "d" : "1756462517526530945",
      "t" : 1756462517526,
      "tn" : 1756462517526530945,
      "q" : "0.13",
      "p" : "9.6130",
      "s" : "buy",
      "i" : "UNI_USD",
      "m" : "4611686018433505051"
    }, {
      "d" : "1756462517366130007",
      "t" : 1756462517366,
      "tn" : 1756462517366130007,
      "q" : "0.13",
      "p" : "9.6130",
      "s" : "buy",
      "i" : "UNI_USD",
      "m" : "4611686018433505050"
    }, {
      "d" : "1756462517351111370",
      "t" : 1756462517351,
      "tn" : 1756462517351111370,
      "q" : "0.13",
      "p" : "9.6130",
      "s" : "buy",
      "i" : "UNI_USD",
      "m" : "4611686018433505049"
    }, {
      "d" : "1756462517266042975",
      "t" : 1756462517266,
      "tn" : 1756462517266042975,
      "q" : "0.13",
      "p" : "9.6130",
      "s" : "buy",
      "i" : "UNI_USD",
      "m" : "4611686018433505048"
    }, {
      "d" : "1756462517169537777",
      "t" : 1756462517169,
      "tn" : 1756462517169537777,
      "q" : "0.13",
      "p" : "9.6130",
      "s" : "buy",
      "i" : "UNI_USD",
      "m" : "4611686018433505047"
    }, {
      "d" : "1756462478566407656",
      "t" : 1756462478566,
      "tn" : 1756462478566407656,
      "q" : "0.13",
      "p" : "9.6161",
      "s" : "buy",
      "i" : "UNI_USD",
      "m" : "4611686018433505046"
    }, {
      "d" : "1756462478526223581",
      "t" : 1756462478526,
      "tn" : 1756462478526223581,
      "q" : "0.13",
      "p" : "9.6161",
      "s" : "buy",
      "i" : "UNI_USD",
      "m" : "4611686018433505045"
    }, {
      "d" : "1756462478466116885",
      "t" : 1756462478466,
      "tn" : 1756462478466116885,
      "q" : "0.13",
      "p" : "9.6161",
      "s" : "buy",
      "i" : "UNI_USD",
      "m" : "4611686018433505044"
    }, {
      "d" : "1756462478365987187",
      "t" : 1756462478365,
      "tn" : 1756462478365987187,
      "q" : "0.13",
      "p" : "9.6161",
      "s" : "buy",
      "i" : "UNI_USD",
      "m" : "4611686018433505043"
    }, {
      "d" : "1756462478165812954",
      "t" : 1756462478165,
      "tn" : 1756462478165812954,
      "q" : "0.13",
      "p" : "9.6160",
      "s" : "buy",
      "i" : "UNI_USD",
      "m" : "4611686018433505042"
    }, {
      "d" : "1756462477965555811",
      "t" : 1756462477965,
      "tn" : 1756462477965555811,
      "q" : "0.13",
      "p" : "9.6160",
      "s" : "buy",
      "i" : "UNI_USD",
      "m" : "4611686018433505041"
    }, {
      "d" : "1756462477865307262",
      "t" : 1756462477865,
      "tn" : 1756462477865307262,
      "q" : "0.13",
      "p" : "9.6160",
      "s" : "buy",
      "i" : "UNI_USD",
      "m" : "4611686018433505040"
    }, {
      "d" : "1756462477764297954",
      "t" : 1756462477764,
      "tn" : 1756462477764297954,
      "q" : "0.13",
      "p" : "9.6160",
      "s" : "buy",
      "i" : "UNI_USD",
      "m" : "4611686018433505039"
    }, {
      "d" : "1756462477568612978",
      "t" : 1756462477568,
      "tn" : 1756462477568612978,
      "q" : "0.13",
      "p" : "9.6160",
      "s" : "buy",
      "i" : "UNI_USD",
      "m" : "4611686018433505038"
    }, {
      "d" : "1756462477528573565",
      "t" : 1756462477528,
      "tn" : 1756462477528573565,
      "q" : "0.13",
      "p" : "9.6160",
      "s" : "buy",
      "i" : "UNI_USD",
      "m" : "4611686018433505037"
    }, {
      "d" : "1756462477468449094",
      "t" : 1756462477468,
      "tn" : 1756462477468449094,
      "q" : "0.13",
      "p" : "9.6160",
      "s" : "buy",
      "i" : "UNI_USD",
      "m" : "4611686018433505036"
    }, {
      "d" : "1756462477368317667",
      "t" : 1756462477368,
      "tn" : 1756462477368317667,
      "q" : "0.13",
      "p" : "9.6160",
      "s" : "buy",
      "i" : "UNI_USD",
      "m" : "4611686018433505035"
    }, {
      "d" : "1756462476967763252",
      "t" : 1756462476967,
      "tn" : 1756462476967763252,
      "q" : "0.13",
      "p" : "9.6160",
      "s" : "buy",
      "i" : "UNI_USD",
      "m" : "4611686018433505034"
    }, {
      "d" : "1756462476956720602",
      "t" : 1756462476956,
      "tn" : 1756462476956720602,
      "q" : "0.13",
      "p" : "9.6160",
      "s" : "buy",
      "i" : "UNI_USD",
      "m" : "4611686018433505033"
    }, {
      "d" : "1756462453618372460",
      "t" : 1756462453618,
      "tn" : 1756462453618372460,
      "q" : "26.92",
      "p" : "9.6160",
      "s" : "sell",
      "i" : "UNI_USD",
      "m" : "4611686018433505032"
    }, {
      "d" : "1756462441079059767",
      "t" : 1756462441079,
      "tn" : 1756462441079059767,
      "q" : "4.08",
      "p" : "9.6209",
      "s" : "sell",
      "i" : "UNI_USD",
      "m" : "4611686018433505031"
    }, {
      "d" : "1756462432017539553",
      "t" : 1756462432017,
      "tn" : 1756462432017539553,
      "q" : "0.13",
      "p" : "9.6244",
      "s" : "sell",
      "i" : "UNI_USD",
      "m" : "4611686018433505030"
    }, {
      "d" : "1756462382829715915",
      "t" : 1756462382829,
      "tn" : 1756462382829715915,
      "q" : "0.13",
      "p" : "9.6350",
      "s" : "buy",
      "i" : "UNI_USD",
      "m" : "4611686018433505029"
    }, {
      "d" : "1756462380666993292",
      "t" : 1756462380666,
      "tn" : 1756462380666993292,
      "q" : "0.13",
      "p" : "9.6330",
      "s" : "buy",
      "i" : "UNI_USD",
      "m" : "4611686018433505028"
    }, {
      "d" : "1756462357537911917",
      "t" : 1756462357537,
      "tn" : 1756462357537911917,
      "q" : "0.13",
      "p" : "9.6300",
      "s" : "buy",
      "i" : "UNI_USD",
      "m" : "4611686018433505027"
    }, {
      "d" : "1756462357527942505",
      "t" : 1756462357527,
      "tn" : 1756462357527942505,
      "q" : "0.13",
      "p" : "9.6300",
      "s" : "buy",
      "i" : "UNI_USD",
      "m" : "4611686018433505026"
    }, {
      "d" : "1756462357467837433",
      "t" : 1756462357467,
      "tn" : 1756462357467837433,
      "q" : "0.13",
      "p" : "9.6300",
      "s" : "buy",
      "i" : "UNI_USD",
      "m" : "4611686018433505025"
    }, {
      "d" : "1756462357367615557",
      "t" : 1756462357367,
      "tn" : 1756462357367615557,
      "q" : "0.13",
      "p" : "9.6300",
      "s" : "buy",
      "i" : "UNI_USD",
      "m" : "4611686018433505024"
    }, {
      "d" : "1756462357319291593",
      "t" : 1756462357319,
      "tn" : 1756462357319291593,
      "q" : "0.13",
      "p" : "9.6300",
      "s" : "buy",
      "i" : "UNI_USD",
      "m" : "4611686018433505023"
    }, {
      "d" : "1756462357066844136",
      "t" : 1756462357066,
      "tn" : 1756462357066844136,
      "q" : "0.13",
      "p" : "9.6290",
      "s" : "buy",
      "i" : "UNI_USD",
      "m" : "4611686018433505022"
    }, {
      "d" : "1756462357011787442",
      "t" : 1756462357011,
      "tn" : 1756462357011787442,
      "q" : "0.13",
      "p" : "9.6290",
      "s" : "buy",
      "i" : "UNI_USD",
      "m" : "4611686018433505021"
    }, {
      "d" : "1756462356966683320",
      "t" : 1756462356966,
      "tn" : 1756462356966683320,
      "q" : "0.13",
      "p" : "9.6290",
      "s" : "buy",
      "i" : "UNI_USD",
      "m" : "4611686018433505020"
    }, {
      "d" : "1756462356765165547",
      "t" : 1756462356765,
      "tn" : 1756462356765165547,
      "q" : "0.13",
      "p" : "9.6290",
      "s" : "buy",
      "i" : "UNI_USD",
      "m" : "4611686018433505019"
    }, {
      "d" : "1756462356664837980",
      "t" : 1756462356664,
      "tn" : 1756462356664837980,
      "q" : "0.13",
      "p" : "9.6290",
      "s" : "buy",
      "i" : "UNI_USD",
      "m" : "4611686018433505018"
    }, {
      "d" : "1756462356524726829",
      "t" : 1756462356524,
      "tn" : 1756462356524726829,
      "q" : "0.13",
      "p" : "9.6290",
      "s" : "buy",
      "i" : "UNI_USD",
      "m" : "4611686018433505017"
    }, {
      "d" : "1756462356464576744",
      "t" : 1756462356464,
      "tn" : 1756462356464576744,
      "q" : "0.13",
      "p" : "9.6290",
      "s" : "buy",
      "i" : "UNI_USD",
      "m" : "4611686018433505016"
    }, {
      "d" : "1756462356164203222",
      "t" : 1756462356164,
      "tn" : 1756462356164203222,
      "q" : "0.13",
      "p" : "9.6290",
      "s" : "buy",
      "i" : "UNI_USD",
      "m" : "4611686018433505015"
    }, {
      "d" : "1756462355963962451",
      "t" : 1756462355963,
      "tn" : 1756462355963962451,
      "q" : "0.13",
      "p" : "9.6290",
      "s" : "buy",
      "i" : "UNI_USD",
      "m" : "4611686018433505014"
    }, {
      "d" : "1756462355863754230",
      "t" : 1756462355863,
      "tn" : 1756462355863754230,
      "q" : "0.13",
      "p" : "9.6290",
      "s" : "buy",
      "i" : "UNI_USD",
      "m" : "4611686018433505013"
    }, {
      "d" : "1756462355767479677",
      "t" : 1756462355767,
      "tn" : 1756462355767479677,
      "q" : "0.13",
      "p" : "9.6290",
      "s" : "buy",
      "i" : "UNI_USD",
      "m" : "4611686018433505012"
    }, {
      "d" : "1756462355667146711",
      "t" : 1756462355667,
      "tn" : 1756462355667146711,
      "q" : "0.13",
      "p" : "9.6290",
      "s" : "buy",
      "i" : "UNI_USD",
      "m" : "4611686018433505011"
    }, {
      "d" : "1756462355567062686",
      "t" : 1756462355567,
      "tn" : 1756462355567062686,
      "q" : "0.13",
      "p" : "9.6290",
      "s" : "buy",
      "i" : "UNI_USD",
      "m" : "4611686018433505010"
    }, {
      "d" : "1756462355527054155",
      "t" : 1756462355527,
      "tn" : 1756462355527054155,
      "q" : "0.13",
      "p" : "9.6290",
      "s" : "buy",
      "i" : "UNI_USD",
      "m" : "4611686018433505009"
    }, {
      "d" : "1756462355466974625",
      "t" : 1756462355466,
      "tn" : 1756462355466974625,
      "q" : "0.13",
      "p" : "9.6290",
      "s" : "buy",
      "i" : "UNI_USD",
      "m" : "4611686018433505008"
    }, {
      "d" : "1756462355266640022",
      "t" : 1756462355266,
      "tn" : 1756462355266640022,
      "q" : "0.13",
      "p" : "9.6290",
      "s" : "buy",
      "i" : "UNI_USD",
      "m" : "4611686018433505007"
    }, {
      "d" : "1756462355211571530",
      "t" : 1756462355211,
      "tn" : 1756462355211571530,
      "q" : "0.13",
      "p" : "9.6290",
      "s" : "buy",
      "i" : "UNI_USD",
      "m" : "4611686018433505006"
    }, {
      "d" : "1756462355181602458",
      "t" : 1756462355181,
      "tn" : 1756462355181602458,
      "q" : "0.13",
      "p" : "9.6290",
      "s" : "buy",
      "i" : "UNI_USD",
      "m" : "4611686018433505005"
    }, {
      "d" : "1756462355166508311",
      "t" : 1756462355166,
      "tn" : 1756462355166508311,
      "q" : "0.13",
      "p" : "9.6290",
      "s" : "buy",
      "i" : "UNI_USD",
      "m" : "4611686018433505004"
    }, {
      "d" : "1756462354966300494",
      "t" : 1756462354966,
      "tn" : 1756462354966300494,
      "q" : "0.13",
      "p" : "9.6290",
      "s" : "buy",
      "i" : "UNI_USD",
      "m" : "4611686018433505003"
    }, {
      "d" : "1756462354764825178",
      "t" : 1756462354764,
      "tn" : 1756462354764825178,
      "q" : "0.13",
      "p" : "9.6290",
      "s" : "buy",
      "i" : "UNI_USD",
      "m" : "4611686018433505002"
    }, {
      "d" : "1756462354744806664",
      "t" : 1756462354744,
      "tn" : 1756462354744806664,
      "q" : "0.13",
      "p" : "9.6290",
      "s" : "buy",
      "i" : "UNI_USD",
      "m" : "4611686018433505001"
    }, {
      "d" : "1756462354664477682",
      "t" : 1756462354664,
      "tn" : 1756462354664477682,
      "q" : "0.13",
      "p" : "9.6290",
      "s" : "buy",
      "i" : "UNI_USD",
      "m" : "4611686018433505000"
    }, {
      "d" : "1756462354564387972",
      "t" : 1756462354564,
      "tn" : 1756462354564387972,
      "q" : "0.13",
      "p" : "9.6290",
      "s" : "buy",
      "i" : "UNI_USD",
      "m" : "4611686018433504999"
    }, {
      "d" : "1756462354524400439",
      "t" : 1756462354524,
      "tn" : 1756462354524400439,
      "q" : "0.13",
      "p" : "9.6290",
      "s" : "buy",
      "i" : "UNI_USD",
      "m" : "4611686018433504998"
    }, {
      "d" : "1756462354464304450",
      "t" : 1756462354464,
      "tn" : 1756462354464304450,
      "q" : "0.13",
      "p" : "9.6290",
      "s" : "buy",
      "i" : "UNI_USD",
      "m" : "4611686018433504997"
    }, {
      "d" : "1756462354364105235",
      "t" : 1756462354364,
      "tn" : 1756462354364105235,
      "q" : "0.13",
      "p" : "9.6290",
      "s" : "buy",
      "i" : "UNI_USD",
      "m" : "4611686018433504996"
    }, {
      "d" : "1756462354264000571",
      "t" : 1756462354264,
      "tn" : 1756462354264000571,
      "q" : "0.13",
      "p" : "9.6290",
      "s" : "buy",
      "i" : "UNI_USD",
      "m" : "4611686018433504995"
    }, {
      "d" : "1756462354171906291",
      "t" : 1756462354171,
      "tn" : 1756462354171906291,
      "q" : "0.13",
      "p" : "9.6290",
      "s" : "buy",
      "i" : "UNI_USD",
      "m" : "4611686018433504994"
    }, {
      "d" : "1756462354143861177",
      "t" : 1756462354143,
      "tn" : 1756462354143861177,
      "q" : "0.13",
      "p" : "9.6290",
      "s" : "buy",
      "i" : "UNI_USD",
      "m" : "4611686018433504993"
    }, {
      "d" : "1756462354063769007",
      "t" : 1756462354063,
      "tn" : 1756462354063769007,
      "q" : "0.13",
      "p" : "9.6290",
      "s" : "buy",
      "i" : "UNI_USD",
      "m" : "4611686018433504992"
    }, {
      "d" : "1756462354003679468",
      "t" : 1756462354003,
      "tn" : 1756462354003679468,
      "q" : "0.13",
      "p" : "9.6290",
      "s" : "buy",
      "i" : "UNI_USD",
      "m" : "4611686018433504991"
    }, {
      "d" : "1756462353968683900",
      "t" : 1756462353968,
      "tn" : 1756462353968683900,
      "q" : "0.13",
      "p" : "9.6290",
      "s" : "buy",
      "i" : "UNI_USD",
      "m" : "4611686018433504990"
    }, {
      "d" : "1756462353868420071",
      "t" : 1756462353868,
      "tn" : 1756462353868420071,
      "q" : "0.13",
      "p" : "9.6290",
      "s" : "buy",
      "i" : "UNI_USD",
      "m" : "4611686018433504989"
    }, {
      "d" : "1756462353843429896",
      "t" : 1756462353843,
      "tn" : 1756462353843429896,
      "q" : "0.13",
      "p" : "9.6290",
      "s" : "buy",
      "i" : "UNI_USD",
      "m" : "4611686018433504988"
    }, {
      "d" : "1756462353833358456",
      "t" : 1756462353833,
      "tn" : 1756462353833358456,
      "q" : "0.13",
      "p" : "9.6290",
      "s" : "buy",
      "i" : "UNI_USD",
      "m" : "4611686018433504987"
    }, {
      "d" : "1756462353815775369",
      "t" : 1756462353815,
      "tn" : 1756462353815775369,
      "q" : "0.13",
      "p" : "9.6290",
      "s" : "buy",
      "i" : "UNI_USD",
      "m" : "4611686018433504986"
    }, {
      "d" : "1756462353166293431",
      "t" : 1756462353166,
      "tn" : 1756462353166293431,
      "q" : "0.13",
      "p" : "9.6280",
      "s" : "buy",
      "i" : "UNI_USD",
      "m" : "4611686018433504985"
    }, {
      "d" : "1756462353066070230",
      "t" : 1756462353066,
      "tn" : 1756462353066070230,
      "q" : "0.13",
      "p" : "9.6280",
      "s" : "buy",
      "i" : "UNI_USD",
      "m" : "4611686018433504984"
    }, {
      "d" : "1756462352966275554",
      "t" : 1756462352966,
      "tn" : 1756462352966275554,
      "q" : "0.13",
      "p" : "9.6280",
      "s" : "buy",
      "i" : "UNI_USD",
      "m" : "4611686018433504983"
    }, {
      "d" : "1756462352764518124",
      "t" : 1756462352764,
      "tn" : 1756462352764518124,
      "q" : "0.13",
      "p" : "9.6280",
      "s" : "buy",
      "i" : "UNI_USD",
      "m" : "4611686018433504982"
    }, {
      "d" : "1756462352564078559",
      "t" : 1756462352564,
      "tn" : 1756462352564078559,
      "q" : "0.13",
      "p" : "9.6280",
      "s" : "buy",
      "i" : "UNI_USD",
      "m" : "4611686018433504981"
    }, {
      "d" : "1756462352529055698",
      "t" : 1756462352529,
      "tn" : 1756462352529055698,
      "q" : "0.13",
      "p" : "9.6280",
      "s" : "buy",
      "i" : "UNI_USD",
      "m" : "4611686018433504980"
    }, {
      "d" : "1756462352463923081",
      "t" : 1756462352463,
      "tn" : 1756462352463923081,
      "q" : "0.13",
      "p" : "9.6280",
      "s" : "buy",
      "i" : "UNI_USD",
      "m" : "4611686018433504979"
    }, {
      "d" : "1756462352383688763",
      "t" : 1756462352383,
      "tn" : 1756462352383688763,
      "q" : "0.13",
      "p" : "9.6280",
      "s" : "buy",
      "i" : "UNI_USD",
      "m" : "4611686018433504978"
    }, {
      "d" : "1756462352368691254",
      "t" : 1756462352368,
      "tn" : 1756462352368691254,
      "q" : "0.13",
      "p" : "9.6280",
      "s" : "buy",
      "i" : "UNI_USD",
      "m" : "4611686018433504977"
    }, {
      "d" : "1756462352263528697",
      "t" : 1756462352263,
      "tn" : 1756462352263528697,
      "q" : "0.13",
      "p" : "9.6280",
      "s" : "buy",
      "i" : "UNI_USD",
      "m" : "4611686018433504976"
    }, {
      "d" : "1756462352168447289",
      "t" : 1756462352168,
      "tn" : 1756462352168447289,
      "q" : "0.13",
      "p" : "9.6280",
      "s" : "buy",
      "i" : "UNI_USD",
      "m" : "4611686018433504975"
    }, {
      "d" : "1756462352156890475",
      "t" : 1756462352156,
      "tn" : 1756462352156890475,
      "q" : "0.11",
      "p" : "9.6287",
      "s" : "buy",
      "i" : "UNI_USD",
      "m" : "4611686018433504974"
    }, {
      "d" : "1756462352148378827",
      "t" : 1756462352148,
      "tn" : 1756462352148378827,
      "q" : "0.13",
      "p" : "9.6280",
      "s" : "buy",
      "i" : "UNI_USD",
      "m" : "4611686018433504973"
    }, {
      "d" : "1756462351967928888",
      "t" : 1756462351967,
      "tn" : 1756462351967928888,
      "q" : "0.13",
      "p" : "9.6280",
      "s" : "buy",
      "i" : "UNI_USD",
      "m" : "4611686018433504972"
    }, {
      "d" : "1756462351945371830",
      "t" : 1756462351945,
      "tn" : 1756462351945371830,
      "q" : "0.13",
      "p" : "9.6280",
      "s" : "buy",
      "i" : "UNI_USD",
      "m" : "4611686018433504971"
    }, {
      "d" : "1756462351862607707",
      "t" : 1756462351862,
      "tn" : 1756462351862607707,
      "q" : "0.13",
      "p" : "9.6280",
      "s" : "buy",
      "i" : "UNI_USD",
      "m" : "4611686018433504970"
    }, {
      "d" : "1756462351842557604",
      "t" : 1756462351842,
      "tn" : 1756462351842557604,
      "q" : "0.13",
      "p" : "9.6280",
      "s" : "buy",
      "i" : "UNI_USD",
      "m" : "4611686018433504969"
    }, {
      "d" : "1756462351796425926",
      "t" : 1756462351796,
      "tn" : 1756462351796425926,
      "q" : "0.13",
      "p" : "9.6280",
      "s" : "buy",
      "i" : "UNI_USD",
      "m" : "4611686018433504968"
    }, {
      "d" : "1756462351786438418",
      "t" : 1756462351786,
      "tn" : 1756462351786438418,
      "q" : "0.13",
      "p" : "9.6280",
      "s" : "buy",
      "i" : "UNI_USD",
      "m" : "4611686018433504967"
    }, {
      "d" : "1756462351766152570",
      "t" : 1756462351766,
      "tn" : 1756462351766152570,
      "q" : "0.13",
      "p" : "9.6280",
      "s" : "buy",
      "i" : "UNI_USD",
      "m" : "4611686018433504966"
    }, {
      "d" : "1756462351565788554",
      "t" : 1756462351565,
      "tn" : 1756462351565788554,
      "q" : "0.13",
      "p" : "9.6280",
      "s" : "buy",
      "i" : "UNI_USD",
      "m" : "4611686018433504965"
    }, {
      "d" : "1756462351525685161",
      "t" : 1756462351525,
      "tn" : 1756462351525685161,
      "q" : "0.13",
      "p" : "9.6280",
      "s" : "buy",
      "i" : "UNI_USD",
      "m" : "4611686018433504964"
    }, {
      "d" : "1756462351465603966",
      "t" : 1756462351465,
      "tn" : 1756462351465603966,
      "q" : "0.13",
      "p" : "9.6280",
      "s" : "buy",
      "i" : "UNI_USD",
      "m" : "4611686018433504963"
    }, {
      "d" : "1756462351365418757",
      "t" : 1756462351365,
      "tn" : 1756462351365418757,
      "q" : "0.13",
      "p" : "9.6280",
      "s" : "buy",
      "i" : "UNI_USD",
      "m" : "4611686018433504962"
    }, {
      "d" : "1756462351265289723",
      "t" : 1756462351265,
      "tn" : 1756462351265289723,
      "q" : "0.13",
      "p" : "9.6280",
      "s" : "buy",
      "i" : "UNI_USD",
      "m" : "4611686018433504961"
    }, {
      "d" : "1756462351165214485",
      "t" : 1756462351165,
      "tn" : 1756462351165214485,
      "q" : "0.13",
      "p" : "9.6280",
      "s" : "buy",
      "i" : "UNI_USD",
      "m" : "4611686018433504960"
    }, {
      "d" : "1756462351065132987",
      "t" : 1756462351065,
      "tn" : 1756462351065132987,
      "q" : "0.13",
      "p" : "9.6280",
      "s" : "buy",
      "i" : "UNI_USD",
      "m" : "4611686018433504959"
    }, {
      "d" : "1756462350667829000",
      "t" : 1756462350667,
      "tn" : 1756462350667829000,
      "q" : "0.13",
      "p" : "9.6280",
      "s" : "buy",
      "i" : "UNI_USD",
      "m" : "4611686018433504958"
    }, {
      "d" : "1756462350567661964",
      "t" : 1756462350567,
      "tn" : 1756462350567661964,
      "q" : "0.13",
      "p" : "9.6280",
      "s" : "buy",
      "i" : "UNI_USD",
      "m" : "4611686018433504957"
    }, {
      "d" : "1756462350527675289",
      "t" : 1756462350527,
      "tn" : 1756462350527675289,
      "q" : "0.13",
      "p" : "9.6280",
      "s" : "buy",
      "i" : "UNI_USD",
      "m" : "4611686018433504956"
    }, {
      "d" : "1756462350467502100",
      "t" : 1756462350467,
      "tn" : 1756462350467502100,
      "q" : "0.13",
      "p" : "9.6280",
      "s" : "buy",
      "i" : "UNI_USD",
      "m" : "4611686018433504955"
    }, {
      "d" : "1756462350367289105",
      "t" : 1756462350367,
      "tn" : 1756462350367289105,
      "q" : "0.13",
      "p" : "9.6280",
      "s" : "buy",
      "i" : "UNI_USD",
      "m" : "4611686018433504954"
    }, {
      "d" : "1756462350267142291",
      "t" : 1756462350267,
      "tn" : 1756462350267142291,
      "q" : "0.13",
      "p" : "9.6280",
      "s" : "buy",
      "i" : "UNI_USD",
      "m" : "4611686018433504953"
    }, {
      "d" : "1756462350167049609",
      "t" : 1756462350167,
      "tn" : 1756462350167049609,
      "q" : "0.13",
      "p" : "9.6280",
      "s" : "buy",
      "i" : "UNI_USD",
      "m" : "4611686018433504952"
    }, {
      "d" : "1756462349966759018",
      "t" : 1756462349966,
      "tn" : 1756462349966759018,
      "q" : "0.13",
      "p" : "9.6280",
      "s" : "buy",
      "i" : "UNI_USD",
      "m" : "4611686018433504951"
    }, {
      "d" : "1756462349765334385",
      "t" : 1756462349765,
      "tn" : 1756462349765334385,
      "q" : "0.13",
      "p" : "9.6280",
      "s" : "buy",
      "i" : "UNI_USD",
      "m" : "4611686018433504950"
    }, {
      "d" : "1756462349664973905",
      "t" : 1756462349664,
      "tn" : 1756462349664973905,
      "q" : "0.13",
      "p" : "9.6280",
      "s" : "buy",
      "i" : "UNI_USD",
      "m" : "4611686018433504949"
    } ]
  }
}