{
  "id" : -1,
  "method" : "public/get-trades",
  "code" : 0,
  "result" : {
    "data" : [ {
      "d" : "1756462711756653584",
      "t" : 1756462711756,
      "tn" : 1756462711756653584,
      "q" : "0.1",
      "p" : "9.6170",
      "s" : "buy",
      "i" : "UNIUSD-PERP",
      "m" : "4611686018432623931"
    }, {
      "d" : "1756462459715024215",
      "t" : 1756462459715,
      "tn" : 1756462459715024215,
      "q" : "3.5",
      "p" : "9.6150",
      "s" : "buy",
      "i" : "UNIUSD-PERP",
      "m" : "4611686018432623930"
    }, {
      "d" : "1756462459714896380",
      "t" : 1756462459714,
      "tn" : 1756462459714896380,
      "q" : "2.4",
      "p" : "9.6150",
      "s" : "buy",
      "i" : "UNIUSD-PERP",
      "m" : "4611686018432623929"
    }, {
      "d" : "1756462459712023722",
      "t" : 1756462459712,
      "tn" : 1756462459712023722,
      "q" : "11.0",
      "p" : "9.6150",
      "s" : "buy",
      "i" : "UNIUSD-PERP",
      "m" : "4611686018432623928"
    }, {
      "d" : "1756462444526702387",
      "t" : 1756462444526,
      "tn" : 1756462444526702385,
      "q" : "3.8",
      "p" : "9.6190",
      "s" : "buy",
      "i" : "UNIUSD-PERP",
      "m" : "4611686018432623927"
    }, {
      "d" : "1756462444526702386",
      "t" : 1756462444526,
      "tn" : 1756462444526702385,
      "q" : "0.1",
      "p" : "9.6190",
      "s" : "buy",
      "i" : "UNIUSD-PERP",
      "m" : "4611686018432623927"
    }, {
      "d" : "1756462444526702385",
      "t" : 1756462444526,
      "tn" : 1756462444526702385,
      "q" : "0.1",
      "p" : "9.6190",
      "s" : "buy",
      "i" : "UNIUSD-PERP",
      "m" : "4611686018432623927"
    }, {
      "d" : "1756462441078462564",
      "t" : 1756462441078,
      "tn" : 1756462441078462564,
      "q" : "0.1",
      "p" : "9.6220",
      "s" : "sell",
      "i" : "UNIUSD-PERP",
      "m" : "4611686018432623926"
    }, {
      "d" : "1756462441078460653",
      "t" : 1756462441078,
      "tn" : 1756462441078460653,
      "q" : "3.8",
      "p" : "9.6230",
      "s" : "sell",
      "i" : "UNIUSD-PERP",
      "m" : "4611686018432623925"
    }, {
      "d" : "1756462441078459092",
      "t" : 1756462441078,
      "tn" : 1756462441078459092,
      "q" : "0.1",
      "p" : "9.6253",
      "s" : "sell",
      "i" : "UNIUSD-PERP",
      "m" : "4611686018432623924"
    }, {
      "d" : "1756462431907876459",
      "t" : 1756462431907,
      "tn" : 1756462431907876459,
      "q" : "3.8",
      "p" : "9.6274",
      "s" : "sell",
      "i" : "UNIUSD-PERP",
      "m" : "4611686018432623923"
    }, {
      "d" : "1756462431907875366",
      "t" : 1756462431907,
      "tn" : 1756462431907875366,
      "q" : "0.1",
      "p" : "9.6294",
      "s" : "sell",
      "i" : "UNIUSD-PERP",
      "m" : "4611686018432623922"
    }, {
      "d" : "1756462319074931382",
      "t" : 1756462319074,
      "tn" : 1756462319074931382,
      "q" : "3.4",
      "p" : "9.6253",
      "s" : "buy",
      "i" : "UNIUSD-PERP",
      "m" : "4611686018432623921"
    }, {
      "d" : "1756462319053774591",
      "t" : 1756462319053,
      "tn" : 1756462319053774591,
      "q" : "0.1",
      "p" : "9.6275",
      "s" : "sell",
      "i" : "UNIUSD-PERP",
      "m" : "4611686018432623920"
    }, {
      "d" : "1756462134055451481",
      "t" : 1756462134055,
      "tn" : 1756462134055451481,
      "q" : "35.5",
      "p" : "9.6200",
      "s" : "buy",
      "i" : "UNIUSD-PERP",
      "m" : "4611686018432623919"
    }, {
      "d" : "1756462003810261437",
      "t" : 1756462003810,
      "tn" : 1756462003810261437,
      "q" : "35.5",
      "p" : "9.6079",
      "s" : "buy",
      "i" : "UNIUSD-PERP",
      "m" : "4611686018432623918"
    }, {
      "d" : "1756461998131854108",
      "t" : 1756461998131,
      "tn" : 1756461998131854108,
      "q" : "41.9",
      "p" : "9.6050",
      "s" : "buy",
      "i" : "UNIUSD-PERP",
      "m" : "4611686018432623917"
    }, {
      "d" : "1756461998060551974",
      "t" : 1756461998060,
      "tn" : 1756461998060551974,
      "q" : "3.9",
      "p" : "9.6050",
      "s" : "buy",
      "i" : "UNIUSD-PERP",
      "m" : "4611686018432623916"
    }, {
      "d" : "1756461917379860384",
      "t" : 1756461917379,
      "tn" : 1756461917379860384,
      "q" : "35.5",
      "p" : "9.5912",
      "s" : "buy",
      "i" : "UNIUSD-PERP",
      "m" : "4611686018432623915"
    }, {
      "d" : "1756461917379619036",
      "t" : 1756461917379,
      "tn" : 1756461917379619036,
      "q" : "71.0",
      "p" : "9.5912",
      "s" : "buy",
      "i" : "UNIUSD-PERP",
      "m" : "4611686018432623914"
    }, {
      "d" : "1756461917378226427",
      "t" : 1756461917378,
      "tn" : 1756461917378226427,
      "q" : "14.5",
      "p" : "9.5912",
      "s" : "buy",
      "i" : "UNIUSD-PERP",
      "m" : "4611686018432623913"
    }, {
      "d" : "1756461917378225646",
      "t" : 1756461917378,
      "tn" : 1756461917378225646,
      "q" : "0.1",
      "p" : "9.5902",
      "s" : "buy",
      "i" : "UNIUSD-PERP",
      "m" : "4611686018432623912"
    }, {
      "d" : "1756461917372628416",
      "t" : 1756461917372,
      "tn" : 1756461917372628416,
      "q" : "0.1",
      "p" : "9.5900",
      "s" : "buy",
      "i" : "UNIUSD-PERP",
      "m" : "4611686018432623911"
    }, {
      "d" : "1756461898577045567",
      "t" : 1756461898577,
      "tn" : 1756461898577045566,
      "q" : "375.3",
      "p" : "9.5930",
      "s" : "buy",
      "i" : "UNIUSD-PERP",
      "m" : "4611686018432623910"
    }, {
      "d" : "1756461898577045566",
      "t" : 1756461898577,
      "tn" : 1756461898577045566,
      "q" : "0.1",
      "p" : "9.5930",
      "s" : "buy",
      "i" : "UNIUSD-PERP",
      "m" : "4611686018432623910"
    }, {
      "d" : "1756461872459965223",
      "t" : 1756461872459,
      "tn" : 1756461872459965223,
      "q" : "0.1",
      "p" : "9.5920",
      "s" : "buy",
      "i" : "UNIUSD-PERP",
      "m" : "4611686018432623909"
    }, {
      "d" : "1756461848853554972",
      "t" : 1756461848853,
      "tn" : 1756461848853554972,
      "q" : "1.7",
      "p" : "9.5920",
      "s" : "buy",
      "i" : "UNIUSD-PERP",
      "m" : "4611686018432623908"
    }, {
      "d" : "1756461848853553005",
      "t" : 1756461848853,
      "tn" : 1756461848853553005,
      "q" : "66.4",
      "p" : "9.5920",
      "s" : "buy",
      "i" : "UNIUSD-PERP",
      "m" : "4611686018432623907"
    }, {
      "d" : "1756461794249937304",
      "t" : 1756461794249,
      "tn" : 1756461794249937302,
      "q" : "52.0",
      "p" : "9.6010",
      "s" : "buy",
      "i" : "UNIUSD-PERP",
      "m" : "4611686018432623906"
    }, {
      "d" : "1756461794249937303",
      "t" : 1756461794249,
      "tn" : 1756461794249937302,
      "q" : "3.9",
      "p" : "9.6010",
      "s" : "buy",
      "i" : "UNIUSD-PERP",
      "m" : "4611686018432623906"
    }, {
      "d" : "1756461794249937302",
      "t" : 1756461794249,
      "tn" : 1756461794249937302,
      "q" : "0.1",
      "p" : "9.6010",
      "s" : "buy",
      "i" : "UNIUSD-PERP",
      "m" : "4611686018432623906"
    }, {
      "d" : "1756461723396062069",
      "t" : 1756461723396,
      "tn" : 1756461723396062066,
      "q" : "52.1",
      "p" : "9.5890",
      "s" : "buy",
      "i" : "UNIUSD-PERP",
      "m" : "4611686018432623905"
    }, {
      "d" : "1756461723396062068",
      "t" : 1756461723396,
      "tn" : 1756461723396062066,
      "q" : "3.9",
      "p" : "9.5890",
      "s" : "buy",
      "i" : "UNIUSD-PERP",
      "m" : "4611686018432623905"
    }, {
      "d" : "1756461723396062067",
      "t" : 1756461723396,
      "tn" : 1756461723396062066,
      "q" : "0.1",
      "p" : "9.5890",
      "s" : "buy",
      "i" : "UNIUSD-PERP",
      "m" : "4611686018432623905"
    }, {
      "d" : "1756461723396062066",
      "t" : 1756461723396,
      "tn" : 1756461723396062066,
      "q" : "0.1",
      "p" : "9.5890",
      "s" : "buy",
      "i" : "UNIUSD-PERP",
      "m" : "4611686018432623905"
    }, {
      "d" : "1756461641245384627",
      "t" : 1756461641245,
      "tn" : 1756461641245384627,
      "q" : "0.1",
      "p" : "9.5750",
      "s" : "buy",
      "i" : "UNIUSD-PERP",
      "m" : "4611686018432623904"
    }, {
      "d" : "1756461641245383745",
      "t" : 1756461641245,
      "tn" : 1756461641245383745,
      "q" : "0.1",
      "p" : "9.5749",
      "s" : "buy",
      "i" : "UNIUSD-PERP",
      "m" : "4611686018432623903"
    }, {
      "d" : "1756461636985806557",
      "t" : 1756461636985,
      "tn" : 1756461636985806557,
      "q" : "0.1",
      "p" : "9.5728",
      "s" : "buy",
      "i" : "UNIUSD-PERP",
      "m" : "4611686018432623902"
    }, {
      "d" : "1756461636985177415",
      "t" : 1756461636985,
      "tn" : 1756461636985177415,
      "q" : "3.9",
      "p" : "9.5727",
      "s" : "buy",
      "i" : "UNIUSD-PERP",
      "m" : "4611686018432623901"
    }, {
      "d" : "1756461555863540238",
      "t" : 1756461555863,
      "tn" : 1756461555863540238,
      "q" : "3.9",
      "p" : "9.5849",
      "s" : "buy",
      "i" : "UNIUSD-PERP",
      "m" : "4611686018432623900"
    }, {
      "d" : "1756461440960249922",
      "t" : 1756461440960,
      "tn" : 1756461440960249922,
      "q" : "3.9",
      "p" : "9.5790",
      "s" : "buy",
      "i" : "UNIUSD-PERP",
      "m" : "4611686018432623899"
    }, {
      "d" : "1756461402989691311",
      "t" : 1756461402989,
      "tn" : 1756461402989691311,
      "q" : "3.9",
      "p" : "9.5728",
      "s" : "buy",
      "i" : "UNIUSD-PERP",
      "m" : "4611686018432623898"
    }, {
      "d" : "1756461371587598917",
      "t" : 1756461371587,
      "tn" : 1756461371587598917,
      "q" : "0.1",
      "p" : "9.5740",
      "s" : "buy",
      "i" : "UNIUSD-PERP",
      "m" : "4611686018432623897"
    }, {
      "d" : "1756461370036972835",
      "t" : 1756461370036,
      "tn" : 1756461370036972835,
      "q" : "43.1",
      "p" : "9.5761",
      "s" : "sell",
      "i" : "UNIUSD-PERP",
      "m" : "4611686018432623896"
    }, {
      "d" : "1756461370036632162",
      "t" : 1756461370036,
      "tn" : 1756461370036632162,
      "q" : "35.5",
      "p" : "9.5761",
      "s" : "sell",
      "i" : "UNIUSD-PERP",
      "m" : "4611686018432623895"
    }, {
      "d" : "1756461370036630141",
      "t" : 1756461370036,
      "tn" : 1756461370036630141,
      "q" : "35.5",
      "p" : "9.5761",
      "s" : "sell",
      "i" : "UNIUSD-PERP",
      "m" : "4611686018432623894"
    }, {
      "d" : "1756461370036555325",
      "t" : 1756461370036,
      "tn" : 1756461370036555325,
      "q" : "4.2",
      "p" : "9.5761",
      "s" : "sell",
      "i" : "UNIUSD-PERP",
      "m" : "4611686018432623893"
    }, {
      "d" : "1756461370036552781",
      "t" : 1756461370036,
      "tn" : 1756461370036552781,
      "q" : "21.9",
      "p" : "9.5761",
      "s" : "sell",
      "i" : "UNIUSD-PERP",
      "m" : "4611686018432623892"
    }, {
      "d" : "1756461370036526664",
      "t" : 1756461370036,
      "tn" : 1756461370036526664,
      "q" : "2.2",
      "p" : "9.5761",
      "s" : "sell",
      "i" : "UNIUSD-PERP",
      "m" : "4611686018432623891"
    }, {
      "d" : "1756461370036524504",
      "t" : 1756461370036,
      "tn" : 1756461370036524504,
      "q" : "7.3",
      "p" : "9.5761",
      "s" : "sell",
      "i" : "UNIUSD-PERP",
      "m" : "4611686018432623890"
    }, {
      "d" : "1756461370036504733",
      "t" : 1756461370036,
      "tn" : 1756461370036504733,
      "q" : "35.5",
      "p" : "9.5761",
      "s" : "sell",
      "i" : "UNIUSD-PERP",
      "m" : "4611686018432623889"
    }, {
      "d" : "1756461370036502306",
      "t" : 1756461370036,
      "tn" : 1756461370036502306,
      "q" : "54.9",
      "p" : "9.5761",
      "s" : "sell",
      "i" : "UNIUSD-PERP",
      "m" : "4611686018432623888"
    }, {
      "d" : "1756461370036499595",
      "t" : 1756461370036,
      "tn" : 1756461370036499595,
      "q" : "21.1",
      "p" : "9.5761",
      "s" : "sell",
      "i" : "UNIUSD-PERP",
      "m" : "4611686018432623887"
    }, {
      "d" : "1756461110859510337",
      "t" : 1756461110859,
      "tn" : 1756461110859510337,
      "q" : "0.1",
      "p" : "9.5560",
      "s" : "buy",
      "i" : "UNIUSD-PERP",
      "m" : "4611686018432623886"
    }, {
      "d" : "1756461101644351367",
      "t" : 1756461101644,
      "tn" : 1756461101644351367,
      "q" : "20.9",
      "p" : "9.5570",
      "s" : "buy",
      "i" : "UNIUSD-PERP",
      "m" : "4611686018432623885"
    }, {
      "d" : "1756461101644348634",
      "t" : 1756461101644,
      "tn" : 1756461101644348634,
      "q" : "0.1",
      "p" : "9.5557",
      "s" : "buy",
      "i" : "UNIUSD-PERP",
      "m" : "4611686018432623884"
    }, {
      "d" : "1756461101644346339",
      "t" : 1756461101644,
      "tn" : 1756461101644346339,
      "q" : "0.1",
      "p" : "9.5550",
      "s" : "buy",
      "i" : "UNIUSD-PERP",
      "m" : "4611686018432623883"
    }, {
      "d" : "1756461049228247651",
      "t" : 1756461049228,
      "tn" : 1756461049228247651,
      "q" : "20.9",
      "p" : "9.5570",
      "s" : "buy",
      "i" : "UNIUSD-PERP",
      "m" : "4611686018432623882"
    }, {
      "d" : "1756461000627215996",
      "t" : 1756461000627,
      "tn" : 1756461000627215996,
      "q" : "0.1",
      "p" : "9.5730",
      "s" : "sell",
      "i" : "UNIUSD-PERP",
      "m" : "4611686018432623881"
    }, {
      "d" : "1756461000627214139",
      "t" : 1756461000627,
      "tn" : 1756461000627214139,
      "q" : "3.3",
      "p" : "9.5738",
      "s" : "sell",
      "i" : "UNIUSD-PERP",
      "m" : "4611686018432623880"
    }, {
      "d" : "1756461000627024213",
      "t" : 1756461000627,
      "tn" : 1756461000627024213,
      "q" : "1.7",
      "p" : "9.5738",
      "s" : "sell",
      "i" : "UNIUSD-PERP",
      "m" : "4611686018432623879"
    }, {
      "d" : "1756461000626769395",
      "t" : 1756461000626,
      "tn" : 1756461000626769394,
      "q" : "31.5",
      "p" : "9.5738",
      "s" : "sell",
      "i" : "UNIUSD-PERP",
      "m" : "4611686018432623878"
    }, {
      "d" : "1756461000626769394",
      "t" : 1756461000626,
      "tn" : 1756461000626769394,
      "q" : "3.9",
      "p" : "9.5738",
      "s" : "sell",
      "i" : "UNIUSD-PERP",
      "m" : "4611686018432623878"
    }, {
      "d" : "1756461000626766218",
      "t" : 1756461000626,
      "tn" : 1756461000626766218,
      "q" : "0.1",
      "p" : "9.5760",
      "s" : "sell",
      "i" : "UNIUSD-PERP",
      "m" : "4611686018432623877"
    }, {
      "d" : "1756460924818942897",
      "t" : 1756460924818,
      "tn" : 1756460924818942897,
      "q" : "31.2",
      "p" : "9.5919",
      "s" : "sell",
      "i" : "UNIUSD-PERP",
      "m" : "4611686018432623876"
    }, {
      "d" : "1756460924818899221",
      "t" : 1756460924818,
      "tn" : 1756460924818899221,
      "q" : "3.9",
      "p" : "9.5928",
      "s" : "sell",
      "i" : "UNIUSD-PERP",
      "m" : "4611686018432623875"
    }, {
      "d" : "1756460924818896998",
      "t" : 1756460924818,
      "tn" : 1756460924818896998,
      "q" : "0.1",
      "p" : "9.5930",
      "s" : "sell",
      "i" : "UNIUSD-PERP",
      "m" : "4611686018432623874"
    }, {
      "d" : "1756460924818894646",
      "t" : 1756460924818,
      "tn" : 1756460924818894646,
      "q" : "0.1",
      "p" : "9.5961",
      "s" : "sell",
      "i" : "UNIUSD-PERP",
      "m" : "4611686018432623873"
    }, {
      "d" : "1756460821116360107",
      "t" : 1756460821116,
      "tn" : 1756460821116360105,
      "q" : "32.2",
      "p" : "9.5748",
      "s" : "buy",
      "i" : "UNIUSD-PERP",
      "m" : "4611686018432623872"
    }, {
      "d" : "1756460821116360106",
      "t" : 1756460821116,
      "tn" : 1756460821116360105,
      "q" : "3.9",
      "p" : "9.5748",
      "s" : "buy",
      "i" : "UNIUSD-PERP",
      "m" : "4611686018432623872"
    }, {
      "d" : "1756460821116360105",
      "t" : 1756460821116,
      "tn" : 1756460821116360105,
      "q" : "0.1",
      "p" : "9.5748",
      "s" : "buy",
      "i" : "UNIUSD-PERP",
      "m" : "4611686018432623872"
    }, {
      "d" : "1756460777742547034",
      "t" : 1756460777742,
      "tn" : 1756460777742547033,
      "q" : "52.2",
      "p" : "9.5711",
      "s" : "buy",
      "i" : "UNIUSD-PERP",
      "m" : "4611686018432623871"
    }, {
      "d" : "1756460777742547033",
      "t" : 1756460777742,
      "tn" : 1756460777742547033,
      "q" : "3.9",
      "p" : "9.5711",
      "s" : "buy",
      "i" : "UNIUSD-PERP",
      "m" : "4611686018432623871"
    }, {
      "d" : "1756460777742545702",
      "t" : 1756460777742,
      "tn" : 1756460777742545702,
      "q" : "0.1",
      "p" : "9.5710",
      "s" : "buy",
      "i" : "UNIUSD-PERP",
      "m" : "4611686018432623870"
    }, {
      "d" : "1756460777742545066",
      "t" : 1756460777742,
      "tn" : 1756460777742545066,
      "q" : "0.1",
      "p" : "9.5707",
      "s" : "buy",
      "i" : "UNIUSD-PERP",
      "m" : "4611686018432623869"
    }, {
      "d" : "1756460705232393393",
      "t" : 1756460705232,
      "tn" : 1756460705232393393,
      "q" : "0.1",
      "p" : "9.5545",
      "s" : "buy",
      "i" : "UNIUSD-PERP",
      "m" : "4611686018432623868"
    }, {
      "d" : "1756460648513666653",
      "t" : 1756460648513,
      "tn" : 1756460648513666653,
      "q" : "0.1",
      "p" : "9.5540",
      "s" : "buy",
      "i" : "UNIUSD-PERP",
      "m" : "4611686018432623867"
    }, {
      "d" : "1756460525428009042",
      "t" : 1756460525428,
      "tn" : 1756460525428009042,
      "q" : "14.0",
      "p" : "9.5627",
      "s" : "buy",
      "i" : "UNIUSD-PERP",
      "m" : "4611686018432623866"
    }, {
      "d" : "1756460525427905938",
      "t" : 1756460525427,
      "tn" : 1756460525427905938,
      "q" : "6.9",
      "p" : "9.5627",
      "s" : "buy",
      "i" : "UNIUSD-PERP",
      "m" : "4611686018432623865"
    }, {
      "d" : "1756460525427904362",
      "t" : 1756460525427,
      "tn" : 1756460525427904362,
      "q" : "0.1",
      "p" : "9.5624",
      "s" : "buy",
      "i" : "UNIUSD-PERP",
      "m" : "4611686018432623864"
    }, {
      "d" : "1756460525426982884",
      "t" : 1756460525426,
      "tn" : 1756460525426982883,
      "q" : "3.9",
      "p" : "9.5620",
      "s" : "buy",
      "i" : "UNIUSD-PERP",
      "m" : "4611686018432623863"
    }, {
      "d" : "1756460525426982883",
      "t" : 1756460525426,
      "tn" : 1756460525426982883,
      "q" : "0.1",
      "p" : "9.5620",
      "s" : "buy",
      "i" : "UNIUSD-PERP",
      "m" : "4611686018432623863"
    }, {
      "d" : "1756460479967488607",
      "t" : 1756460479967,
      "tn" : 1756460479967488607,
      "q" : "3.8",
      "p" : "9.5655",
      "s" : "sell",
      "i" : "UNIUSD-PERP",
      "m" : "4611686018432623862"
    }, {
      "d" : "1756460479967486407",
      "t" : 1756460479967,
      "tn" : 1756460479967486407,
      "q" : "0.1",
      "p" : "9.5667",
      "s" : "sell",
      "i" : "UNIUSD-PERP",
      "m" : "4611686018432623861"
    }, {
      "d" : "1756460282290942453",
      "t" : 1756460282290,
      "tn" : 1756460282290942451,
      "q" : "52.3",
      "p" : "9.5530",
      "s" : "buy",
      "i" : "UNIUSD-PERP",
      "m" : "4611686018432623860"
    }, {
      "d" : "1756460282290942452",
      "t" : 1756460282290,
      "tn" : 1756460282290942451,
      "q" : "3.9",
      "p" : "9.5530",
      "s" : "buy",
      "i" : "UNIUSD-PERP",
      "m" : "4611686018432623860"
    }, {
      "d" : "1756460282290942451",
      "t" : 1756460282290,
      "tn" : 1756460282290942451,
      "q" : "0.1",
      "p" : "9.5530",
      "s" : "buy",
      "i" : "UNIUSD-PERP",
      "m" : "4611686018432623860"
    }, {
      "d" : "1756460182408150674",
      "t" : 1756460182408,
      "tn" : 1756460182408150673,
      "q" : "0.1",
      "p" : "9.5420",
      "s" : "buy",
      "i" : "UNIUSD-PERP",
      "m" : "4611686018432623859"
    }, {
      "d" : "1756460182408150673",
      "t" : 1756460182408,
      "tn" : 1756460182408150673,
      "q" : "3.9",
      "p" : "9.5420",
      "s" : "buy",
      "i" : "UNIUSD-PERP",
      "m" : "4611686018432623859"
    }, {
      "d" : "1756459993949282460",
      "t" : 1756459993949,
      "tn" : 1756459993949282460,
      "q" : "20.9",
      "p" : "9.5510",
      "s" : "sell",
      "i" : "UNIUSD-PERP",
      "m" : "4611686018432623858"
    }, {
      "d" : "1756459993949281848",
      "t" : 1756459993949,
      "tn" : 1756459993949281848,
      "q" : "5.0",
      "p" : "9.5511",
      "s" : "sell",
      "i" : "UNIUSD-PERP",
      "m" : "4611686018432623857"
    }, {
      "d" : "1756459993949277896",
      "t" : 1756459993949,
      "tn" : 1756459993949277896,
      "q" : "0.1",
      "p" : "9.5520",
      "s" : "sell",
      "i" : "UNIUSD-PERP",
      "m" : "4611686018432623856"
    }, {
      "d" : "1756459993949060286",
      "t" : 1756459993949,
      "tn" : 1756459993949060286,
      "q" : "3.9",
      "p" : "9.5524",
      "s" : "sell",
      "i" : "UNIUSD-PERP",
      "m" : "4611686018432623855"
    }, {
      "d" : "1756459993949058116",
      "t" : 1756459993949,
      "tn" : 1756459993949058116,
      "q" : "0.1",
      "p" : "9.5549",
      "s" : "sell",
      "i" : "UNIUSD-PERP",
      "m" : "4611686018432623854"
    }, {
      "d" : "1756459980525064629",
      "t" : 1756459980525,
      "tn" : 1756459980525064629,
      "q" : "0.1",
      "p" : "9.5630",
      "s" : "sell",
      "i" : "UNIUSD-PERP",
      "m" : "4611686018432623853"
    }, {
      "d" : "1756459980524252523",
      "t" : 1756459980524,
      "tn" : 1756459980524252523,
      "q" : "50.4",
      "p" : "9.5636",
      "s" : "sell",
      "i" : "UNIUSD-PERP",
      "m" : "4611686018432623852"
    }, {
      "d" : "1756459980524249318",
      "t" : 1756459980524,
      "tn" : 1756459980524249318,
      "q" : "8.8",
      "p" : "9.5636",
      "s" : "sell",
      "i" : "UNIUSD-PERP",
      "m" : "4611686018432623851"
    }, {
      "d" : "1756459980524247201",
      "t" : 1756459980524,
      "tn" : 1756459980524247201,
      "q" : "35.5",
      "p" : "9.5636",
      "s" : "sell",
      "i" : "UNIUSD-PERP",
      "m" : "4611686018432623850"
    }, {
      "d" : "1756459980524016529",
      "t" : 1756459980524,
      "tn" : 1756459980524016529,
      "q" : "166.8",
      "p" : "9.5636",
      "s" : "sell",
      "i" : "UNIUSD-PERP",
      "m" : "4611686018432623849"
    }, {
      "d" : "1756459909536221627",
      "t" : 1756459909536,
      "tn" : 1756459909536221627,
      "q" : "19.9",
      "p" : "9.5626",
      "s" : "sell",
      "i" : "UNIUSD-PERP",
      "m" : "4611686018432623848"
    }, {
      "d" : "1756459709844843111",
      "t" : 1756459709844,
      "tn" : 1756459709844843111,
      "q" : "36.4",
      "p" : "9.5646",
      "s" : "sell",
      "i" : "UNIUSD-PERP",
      "m" : "4611686018432623847"
    }, {
      "d" : "1756459639612227390",
      "t" : 1756459639612,
      "tn" : 1756459639612227390,
      "q" : "135.2",
      "p" : "9.5599",
      "s" : "sell",
      "i" : "UNIUSD-PERP",
      "m" : "4611686018432623846"
    }, {
      "d" : "1756459639561831662",
      "t" : 1756459639561,
      "tn" : 1756459639561831662,
      "q" : "76.5",
      "p" : "9.5599",
      "s" : "sell",
      "i" : "UNIUSD-PERP",
      "m" : "4611686018432623845"
    }, {
      "d" : "1756459630912928149",
      "t" : 1756459630912,
      "tn" : 1756459630912928149,
      "q" : "1.6",
      "p" : "9.5598",
      "s" : "buy",
      "i" : "UNIUSD-PERP",
      "m" : "4611686018432623844"
    }, {
      "d" : "1756459630912925680",
      "t" : 1756459630912,
      "tn" : 1756459630912925680,
      "q" : "4.4",
      "p" : "9.5598",
      "s" : "buy",
      "i" : "UNIUSD-PERP",
      "m" : "4611686018432623843"
    }, {
      "d" : "1756459630843249307",
      "t" : 1756459630843,
      "tn" : 1756459630843249306,
      "q" : "3.9",
      "p" : "9.5587",
      "s" : "buy",
      "i" : "UNIUSD-PERP",
      "m" : "4611686018432623842"
    }, {
      "d" : "1756459630843249306",
      "t" : 1756459630843,
      "tn" : 1756459630843249306,
      "q" : "0.1",
      "p" : "9.5587",
      "s" : "buy",
      "i" : "UNIUSD-PERP",
      "m" : "4611686018432623842"
    }, {
      "d" : "1756459610909431187",
      "t" : 1756459610909,
      "tn" : 1756459610909431187,
      "q" : "4.0",
      "p" : "9.5569",
      "s" : "sell",
      "i" : "UNIUSD-PERP",
      "m" : "4611686018432623841"
    }, {
      "d" : "1756459608423326097",
      "t" : 1756459608423,
      "tn" : 1756459608423326096,
      "q" : "3.9",
      "p" : "9.5575",
      "s" : "buy",
      "i" : "UNIUSD-PERP",
      "m" : "4611686018432623840"
    }, {
      "d" : "1756459608423326096",
      "t" : 1756459608423,
      "tn" : 1756459608423326096,
      "q" : "0.1",
      "p" : "9.5575",
      "s" : "buy",
      "i" : "UNIUSD-PERP",
      "m" : "4611686018432623840"
    }, {
      "d" : "1756459600186536191",
      "t" : 1756459600186,
      "tn" : 1756459600186536191,
      "q" : "0.1",
      "p" : "9.5689",
      "s" : "sell",
      "i" : "UNIUSD-PERP",
      "m" : "4611686018432623839"
    }, {
      "d" : "1756459549659649162",
      "t" : 1756459549659,
      "tn" : 1756459549659649162,
      "q" : "3.9",
      "p" : "9.5646",
      "s" : "buy",
      "i" : "UNIUSD-PERP",
      "m" : "4611686018432623838"
    }, {
      "d" : "1756459549659645714",
      "t" : 1756459549659,
      "tn" : 1756459549659645714,
      "q" : "0.1",
      "p" : "9.5640",
      "s" : "buy",
      "i" : "UNIUSD-PERP",
      "m" : "4611686018432623837"
    }, {
      "d" : "1756459549658757402",
      "t" : 1756459549658,
      "tn" : 1756459549658757401,
      "q" : "31.3",
      "p" : "9.5636",
      "s" : "buy",
      "i" : "UNIUSD-PERP",
      "m" : "4611686018432623836"
    }, {
      "d" : "1756459549658757401",
      "t" : 1756459549658,
      "tn" : 1756459549658757401,
      "q" : "0.1",
      "p" : "9.5636",
      "s" : "buy",
      "i" : "UNIUSD-PERP",
      "m" : "4611686018432623836"
    }, {
      "d" : "1756459545359092825",
      "t" : 1756459545359,
      "tn" : 1756459545359092825,
      "q" : "36.6",
      "p" : "9.5603",
      "s" : "buy",
      "i" : "UNIUSD-PERP",
      "m" : "4611686018432623835"
    }, {
      "d" : "1756459530160584002",
      "t" : 1756459530160,
      "tn" : 1756459530160584001,
      "q" : "3.9",
      "p" : "9.5570",
      "s" : "buy",
      "i" : "UNIUSD-PERP",
      "m" : "4611686018432623834"
    }, {
      "d" : "1756459530160584001",
      "t" : 1756459530160,
      "tn" : 1756459530160584001,
      "q" : "0.1",
      "p" : "9.5570",
      "s" : "buy",
      "i" : "UNIUSD-PERP",
      "m" : "4611686018432623834"
    }, {
      "d" : "1756459506681855932",
      "t" : 1756459506681,
      "tn" : 1756459506681855932,
      "q" : "6.4",
      "p" : "9.5508",
      "s" : "sell",
      "i" : "UNIUSD-PERP",
      "m" : "4611686018432623833"
    }, {
      "d" : "1756459505737036049",
      "t" : 1756459505737,
      "tn" : 1756459505737036049,
      "q" : "1.3",
      "p" : "9.5531",
      "s" : "sell",
      "i" : "UNIUSD-PERP",
      "m" : "4611686018432623832"
    }, {
      "d" : "1756459505737033686",
      "t" : 1756459505737,
      "tn" : 1756459505737033686,
      "q" : "1.3",
      "p" : "9.5531",
      "s" : "sell",
      "i" : "UNIUSD-PERP",
      "m" : "4611686018432623831"
    }, {
      "d" : "1756459505737031435",
      "t" : 1756459505737,
      "tn" : 1756459505737031435,
      "q" : "9.1",
      "p" : "9.5531",
      "s" : "sell",
      "i" : "UNIUSD-PERP",
      "m" : "4611686018432623830"
    }, {
      "d" : "1756459505737029888",
      "t" : 1756459505737,
      "tn" : 1756459505737029888,
      "q" : "0.1",
      "p" : "9.5539",
      "s" : "sell",
      "i" : "UNIUSD-PERP",
      "m" : "4611686018432623829"
    }, {
      "d" : "1756459504053801322",
      "t" : 1756459504053,
      "tn" : 1756459504053801322,
      "q" : "1.5",
      "p" : "9.5580",
      "s" : "sell",
      "i" : "UNIUSD-PERP",
      "m" : "4611686018432623828"
    }, {
      "d" : "1756459504053798406",
      "t" : 1756459504053,
      "tn" : 1756459504053798406,
      "q" : "12.3",
      "p" : "9.5580",
      "s" : "sell",
      "i" : "UNIUSD-PERP",
      "m" : "4611686018432623827"
    }, {
      "d" : "1756459457501857883",
      "t" : 1756459457501,
      "tn" : 1756459457501857882,
      "q" : "3.9",
      "p" : "9.5630",
      "s" : "buy",
      "i" : "UNIUSD-PERP",
      "m" : "4611686018432623826"
    }, {
      "d" : "1756459457501857882",
      "t" : 1756459457501,
      "tn" : 1756459457501857882,
      "q" : "0.1",
      "p" : "9.5630",
      "s" : "buy",
      "i" : "UNIUSD-PERP",
      "m" : "4611686018432623826"
    }, {
      "d" : "1756459449645701722",
      "t" : 1756459449645,
      "tn" : 1756459449645701722,
      "q" : "186.5",
      "p" : "9.5638",
      "s" : "sell",
      "i" : "UNIUSD-PERP",
      "m" : "4611686018432623825"
    }, {
      "d" : "1756459446765229938",
      "t" : 1756459446765,
      "tn" : 1756459446765229938,
      "q" : "2.5",
      "p" : "9.5660",
      "s" : "sell",
      "i" : "UNIUSD-PERP",
      "m" : "4611686018432623824"
    }, {
      "d" : "1756459427313133485",
      "t" : 1756459427313,
      "tn" : 1756459427313133485,
      "q" : "14.4",
      "p" : "9.5665",
      "s" : "buy",
      "i" : "UNIUSD-PERP",
      "m" : "4611686018432623823"
    }, {
      "d" : "1756459427312937862",
      "t" : 1756459427312,
      "tn" : 1756459427312937861,
      "q" : "10.7",
      "p" : "9.5665",
      "s" : "buy",
      "i" : "UNIUSD-PERP",
      "m" : "4611686018432623822"
    }, {
      "d" : "1756459427312937861",
      "t" : 1756459427312,
      "tn" : 1756459427312937861,
      "q" : "3.9",
      "p" : "9.5665",
      "s" : "buy",
      "i" : "UNIUSD-PERP",
      "m" : "4611686018432623822"
    }, {
      "d" : "1756459400251842477",
      "t" : 1756459400251,
      "tn" : 1756459400251842477,
      "q" : "113.7",
      "p" : "9.5720",
      "s" : "sell",
      "i" : "UNIUSD-PERP",
      "m" : "4611686018432623821"
    }, {
      "d" : "1756459400078065016",
      "t" : 1756459400078,
      "tn" : 1756459400078065016,
      "q" : "49.9",
      "p" : "9.5720",
      "s" : "sell",
      "i" : "UNIUSD-PERP",
      "m" : "4611686018432623820"
    }, {
      "d" : "1756459399935518862",
      "t" : 1756459399935,
      "tn" : 1756459399935518862,
      "q" : "1.4",
      "p" : "9.5720",
      "s" : "sell",
      "i" : "UNIUSD-PERP",
      "m" : "4611686018432623819"
    }, {
      "d" : "1756459399935516655",
      "t" : 1756459399935,
      "tn" : 1756459399935516655,
      "q" : "1.1",
      "p" : "9.5720",
      "s" : "sell",
      "i" : "UNIUSD-PERP",
      "m" : "4611686018432623818"
    }, {
      "d" : "1756459399935513855",
      "t" : 1756459399935,
      "tn" : 1756459399935513855,
      "q" : "5.9",
      "p" : "9.5720",
      "s" : "sell",
      "i" : "UNIUSD-PERP",
      "m" : "4611686018432623817"
    }, {
      "d" : "1756459357768521974",
      "t" : 1756459357768,
      "tn" : 1756459357768521974,
      "q" : "1.3",
      "p" : "9.5815",
      "s" : "buy",
      "i" : "UNIUSD-PERP",
      "m" : "4611686018432623816"
    }, {
      "d" : "1756459357761004610",
      "t" : 1756459357761,
      "tn" : 1756459357761004610,
      "q" : "1.5",
      "p" : "9.5815",
      "s" : "buy",
      "i" : "UNIUSD-PERP",
      "m" : "4611686018432623815"
    }, {
      "d" : "1756459357742327133",
      "t" : 1756459357742,
      "tn" : 1756459357742327133,
      "q" : "9.6",
      "p" : "9.5815",
      "s" : "buy",
      "i" : "UNIUSD-PERP",
      "m" : "4611686018432623814"
    }, {
      "d" : "1756459357619244828",
      "t" : 1756459357619,
      "tn" : 1756459357619244828,
      "q" : "5.3",
      "p" : "9.5815",
      "s" : "buy",
      "i" : "UNIUSD-PERP",
      "m" : "4611686018432623813"
    }, {
      "d" : "1756459329109060431",
      "t" : 1756459329109,
      "tn" : 1756459329109060431,
      "q" : "8.6",
      "p" : "9.5821",
      "s" : "sell",
      "i" : "UNIUSD-PERP",
      "m" : "4611686018432623812"
    }, {
      "d" : "1756459173870793986",
      "t" : 1756459173870,
      "tn" : 1756459173870793986,
      "q" : "1.3",
      "p" : "9.5597",
      "s" : "buy",
      "i" : "UNIUSD-PERP",
      "m" : "4611686018432623811"
    }, {
      "d" : "1756459173839916121",
      "t" : 1756459173839,
      "tn" : 1756459173839916121,
      "q" : "1.2",
      "p" : "9.5597",
      "s" : "buy",
      "i" : "UNIUSD-PERP",
      "m" : "4611686018432623810"
    }, {
      "d" : "1756459173731101172",
      "t" : 1756459173731,
      "tn" : 1756459173731101172,
      "q" : "2.7",
      "p" : "9.5597",
      "s" : "buy",
      "i" : "UNIUSD-PERP",
      "m" : "4611686018432623809"
    }, {
      "d" : "1756459156398293289",
      "t" : 1756459156398,
      "tn" : 1756459156398293289,
      "q" : "4.6",
      "p" : "9.5502",
      "s" : "buy",
      "i" : "UNIUSD-PERP",
      "m" : "4611686018432623808"
    }, {
      "d" : "1756459131311526341",
      "t" : 1756459131311,
      "tn" : 1756459131311526341,
      "q" : "55.9",
      "p" : "9.5469",
      "s" : "sell",
      "i" : "UNIUSD-PERP",
      "m" : "4611686018432623807"
    }, {
      "d" : "1756459106020500737",
      "t" : 1756459106020,
      "tn" : 1756459106020500737,
      "q" : "2.1",
      "p" : "9.5468",
      "s" : "sell",
      "i" : "UNIUSD-PERP",
      "m" : "4611686018432623806"
    }, {
      "d" : "1756459106020473797",
      "t" : 1756459106020,
      "tn" : 1756459106020473797,
      "q" : "9.0",
      "p" : "9.5468",
      "s" : "sell",
      "i" : "UNIUSD-PERP",
      "m" : "4611686018432623805"
    }, {
      "d" : "1756459103600039541",
      "t" : 1756459103600,
      "tn" : 1756459103600039540,
      "q" : "14.9",
      "p" : "9.5475",
      "s" : "buy",
      "i" : "UNIUSD-PERP",
      "m" : "4611686018432623804"
    } ]
  }
}