{
  "id" : -1,
  "method" : "public/get-trades",
  "code" : 0,
  "result" : {
    "data" : [ {
      "d" : "1756460804794943314",
      "t" : 1756460804794,
      "tn" : 1756460804794943314,
      "q" : "103.7",
      "p" : "1.00055",
      "s" : "sell",
      "i" : "USC_USD",
      "m" : "4611686018427398496"
    }, {
      "d" : "1756459332041434271",
      "t" : 1756459332041,
      "tn" : 1756459332041434271,
      "q" : "0.1",
      "p" : "1.00665",
      "s" : "buy",
      "i" : "USC_USD",
      "m" : "4611686018427398495"
    }, {
      "d" : "1756458084649509185",
      "t" : 1756458084649,
      "tn" : 1756458084649509185,
      "q" : "499.5",
      "p" : "0.98000",
      "s" : "sell",
      "i" : "USC_USD",
      "m" : "4611686018427398494"
    }, {
      "d" : "1756458084649507094",
      "t" : 1756458084649,
      "tn" : 1756458084649507093,
      "q" : "1296.9",
      "p" : "0.98067",
      "s" : "sell",
      "i" : "USC_USD",
      "m" : "4611686018427398493"
    }, {
      "d" : "1756458084649507093",
      "t" : 1756458084649,
      "tn" : 1756458084649507093,
      "q" : "1282.8",
      "p" : "0.98067",
      "s" : "sell",
      "i" : "USC_USD",
      "m" : "4611686018427398493"
    }, {
      "d" : "1756458084649503597",
      "t" : 1756458084649,
      "tn" : 1756458084649503597,
      "q" : "431.2",
      "p" : "0.98210",
      "s" : "sell",
      "i" : "USC_USD",
      "m" : "4611686018427398492"
    }, {
      "d" : "1756458084649501193",
      "t" : 1756458084649,
      "tn" : 1756458084649501192,
      "q" : "706.2",
      "p" : "0.98358",
      "s" : "sell",
      "i" : "USC_USD",
      "m" : "4611686018427398491"
    }, {
      "d" : "1756458084649501192",
      "t" : 1756458084649,
      "tn" : 1756458084649501192,
      "q" : "576.6",
      "p" : "0.98358",
      "s" : "sell",
      "i" : "USC_USD",
      "m" : "4611686018427398491"
    }, {
      "d" : "1756458084649497214",
      "t" : 1756458084649,
      "tn" : 1756458084649497213,
      "q" : "235.5",
      "p" : "0.98440",
      "s" : "sell",
      "i" : "USC_USD",
      "m" : "4611686018427398490"
    }, {
      "d" : "1756458084649497213",
      "t" : 1756458084649,
      "tn" : 1756458084649497213,
      "q" : "195.7",
      "p" : "0.98440",
      "s" : "sell",
      "i" : "USC_USD",
      "m" : "4611686018427398490"
    }, {
      "d" : "1756458084649493592",
      "t" : 1756458084649,
      "tn" : 1756458084649493592,
      "q" : "576.6",
      "p" : "0.98649",
      "s" : "sell",
      "i" : "USC_USD",
      "m" : "4611686018427398489"
    }, {
      "d" : "1756458084649490850",
      "t" : 1756458084649,
      "tn" : 1756458084649490849,
      "q" : "104.4",
      "p" : "0.98670",
      "s" : "sell",
      "i" : "USC_USD",
      "m" : "4611686018427398488"
    }, {
      "d" : "1756458084649490849",
      "t" : 1756458084649,
      "tn" : 1756458084649490849,
      "q" : "91.3",
      "p" : "0.98670",
      "s" : "sell",
      "i" : "USC_USD",
      "m" : "4611686018427398488"
    }, {
      "d" : "1756458084649487159",
      "t" : 1756458084649,
      "tn" : 1756458084649487159,
      "q" : "565.7",
      "p" : "0.98768",
      "s" : "sell",
      "i" : "USC_USD",
      "m" : "4611686018427398487"
    }, {
      "d" : "1756458084649485069",
      "t" : 1756458084649,
      "tn" : 1756458084649485069,
      "q" : "91.3",
      "p" : "0.98900",
      "s" : "sell",
      "i" : "USC_USD",
      "m" : "4611686018427398486"
    }, {
      "d" : "1756458084649482700",
      "t" : 1756458084649,
      "tn" : 1756458084649482700,
      "q" : "94.6",
      "p" : "0.99067",
      "s" : "sell",
      "i" : "USC_USD",
      "m" : "4611686018427398485"
    }, {
      "d" : "1756458084649481465",
      "t" : 1756458084649,
      "tn" : 1756458084649481465,
      "q" : "301.0",
      "p" : "0.99100",
      "s" : "sell",
      "i" : "USC_USD",
      "m" : "4611686018427398484"
    }, {
      "d" : "1756458084649479599",
      "t" : 1756458084649,
      "tn" : 1756458084649479599,
      "q" : "210.6",
      "p" : "0.99200",
      "s" : "sell",
      "i" : "USC_USD",
      "m" : "4611686018427398483"
    }, {
      "d" : "1756458084649474816",
      "t" : 1756458084649,
      "tn" : 1756458084649474816,
      "q" : "1000.0",
      "p" : "0.99600",
      "s" : "sell",
      "i" : "USC_USD",
      "m" : "4611686018427398482"
    }, {
      "d" : "1756458084649472627",
      "t" : 1756458084649,
      "tn" : 1756458084649472627,
      "q" : "201.0",
      "p" : "0.99720",
      "s" : "sell",
      "i" : "USC_USD",
      "m" : "4611686018427398481"
    }, {
      "d" : "1756458084649469763",
      "t" : 1756458084649,
      "tn" : 1756458084649469763,
      "q" : "17257.9",
      "p" : "0.99900",
      "s" : "sell",
      "i" : "USC_USD",
      "m" : "4611686018427398480"
    }, {
      "d" : "1756458084649467889",
      "t" : 1756458084649,
      "tn" : 1756458084649467889,
      "q" : "8151.4",
      "p" : "0.99901",
      "s" : "sell",
      "i" : "USC_USD",
      "m" : "4611686018427398479"
    }, {
      "d" : "1756458084649464515",
      "t" : 1756458084649,
      "tn" : 1756458084649464515,
      "q" : "397.4",
      "p" : "0.99927",
      "s" : "sell",
      "i" : "USC_USD",
      "m" : "4611686018427398478"
    }, {
      "d" : "1756458084649462240",
      "t" : 1756458084649,
      "tn" : 1756458084649462240,
      "q" : "48.2",
      "p" : "0.99928",
      "s" : "sell",
      "i" : "USC_USD",
      "m" : "4611686018427398477"
    }, {
      "d" : "1756458084649459919",
      "t" : 1756458084649,
      "tn" : 1756458084649459919,
      "q" : "16847.2",
      "p" : "0.99930",
      "s" : "sell",
      "i" : "USC_USD",
      "m" : "4611686018427398476"
    }, {
      "d" : "1756458084649456565",
      "t" : 1756458084649,
      "tn" : 1756458084649456564,
      "q" : "1304.5",
      "p" : "0.99940",
      "s" : "sell",
      "i" : "USC_USD",
      "m" : "4611686018427398475"
    }, {
      "d" : "1756458084649456564",
      "t" : 1756458084649,
      "tn" : 1756458084649456564,
      "q" : "77.4",
      "p" : "0.99940",
      "s" : "sell",
      "i" : "USC_USD",
      "m" : "4611686018427398475"
    }, {
      "d" : "1756458084649451417",
      "t" : 1756458084649,
      "tn" : 1756458084649451417,
      "q" : "5.0",
      "p" : "1.00055",
      "s" : "sell",
      "i" : "USC_USD",
      "m" : "4611686018427398474"
    }, {
      "d" : "1756455732041315560",
      "t" : 1756455732041,
      "tn" : 1756455732041315560,
      "q" : "0.1",
      "p" : "1.00993",
      "s" : "buy",
      "i" : "USC_USD",
      "m" : "4611686018427398473"
    }, {
      "d" : "1756452132042324232",
      "t" : 1756452132042,
      "tn" : 1756452132042324232,
      "q" : "0.1",
      "p" : "1.00831",
      "s" : "buy",
      "i" : "USC_USD",
      "m" : "4611686018427398472"
    }, {
      "d" : "1756450307481624580",
      "t" : 1756450307481,
      "tn" : 1756450307481624580,
      "q" : "25.7",
      "p" : "0.99929",
      "s" : "sell",
      "i" : "USC_USD",
      "m" : "4611686018427398471"
    }, {
      "d" : "1756450288621238749",
      "t" : 1756450288621,
      "tn" : 1756450288621238749,
      "q" : "75.7",
      "p" : "0.99929",
      "s" : "sell",
      "i" : "USC_USD",
      "m" : "4611686018427398470"
    }, {
      "d" : "1756450288619654488",
      "t" : 1756450288619,
      "tn" : 1756450288619654488,
      "q" : "75.7",
      "p" : "0.99929",
      "s" : "sell",
      "i" : "USC_USD",
      "m" : "4611686018427398469"
    }, {
      "d" : "1756450288572094991",
      "t" : 1756450288572,
      "tn" : 1756450288572094991,
      "q" : "1.1",
      "p" : "0.99929",
      "s" : "sell",
      "i" : "USC_USD",
      "m" : "4611686018427398468"
    }, {
      "d" : "1756445664551331598",
      "t" : 1756445664551,
      "tn" : 1756445664551331597,
      "q" : "293.8",
      "p" : "0.99928",
      "s" : "sell",
      "i" : "USC_USD",
      "m" : "4611686018427398467"
    }, {
      "d" : "1756445664551331597",
      "t" : 1756445664551,
      "tn" : 1756445664551331597,
      "q" : "2.9",
      "p" : "0.99928",
      "s" : "sell",
      "i" : "USC_USD",
      "m" : "4611686018427398467"
    }, {
      "d" : "1756429745235640762",
      "t" : 1756429745235,
      "tn" : 1756429745235640762,
      "q" : "4.4",
      "p" : "0.99927",
      "s" : "sell",
      "i" : "USC_USD",
      "m" : "4611686018427398466"
    }, {
      "d" : "1756429744382527877",
      "t" : 1756429744382,
      "tn" : 1756429744382527877,
      "q" : "112.5",
      "p" : "0.99927",
      "s" : "sell",
      "i" : "USC_USD",
      "m" : "4611686018427398465"
    }, {
      "d" : "1756429744380831587",
      "t" : 1756429744380,
      "tn" : 1756429744380831587,
      "q" : "112.5",
      "p" : "0.99927",
      "s" : "sell",
      "i" : "USC_USD",
      "m" : "4611686018427398464"
    }, {
      "d" : "1756429744379151301",
      "t" : 1756429744379,
      "tn" : 1756429744379151301,
      "q" : "194.4",
      "p" : "0.99927",
      "s" : "sell",
      "i" : "USC_USD",
      "m" : "4611686018427398463"
    }, {
      "d" : "1756429744377418845",
      "t" : 1756429744377,
      "tn" : 1756429744377418845,
      "q" : "10.2",
      "p" : "0.99927",
      "s" : "sell",
      "i" : "USC_USD",
      "m" : "4611686018427398462"
    }, {
      "d" : "1756429744375916643",
      "t" : 1756429744375,
      "tn" : 1756429744375916643,
      "q" : "10.2",
      "p" : "0.99927",
      "s" : "sell",
      "i" : "USC_USD",
      "m" : "4611686018427398461"
    }, {
      "d" : "1756429744374394948",
      "t" : 1756429744374,
      "tn" : 1756429744374394948,
      "q" : "10.2",
      "p" : "0.99927",
      "s" : "sell",
      "i" : "USC_USD",
      "m" : "4611686018427398460"
    }, {
      "d" : "1756429744372739858",
      "t" : 1756429744372,
      "tn" : 1756429744372739858,
      "q" : "10.2",
      "p" : "0.99927",
      "s" : "sell",
      "i" : "USC_USD",
      "m" : "4611686018427398459"
    }, {
      "d" : "1756429741117714197",
      "t" : 1756429741117,
      "tn" : 1756429741117714197,
      "q" : "72.9",
      "p" : "1.00055",
      "s" : "sell",
      "i" : "USC_USD",
      "m" : "4611686018427398458"
    }, {
      "d" : "1756429741116165176",
      "t" : 1756429741116,
      "tn" : 1756429741116165176,
      "q" : "81.8",
      "p" : "1.00055",
      "s" : "sell",
      "i" : "USC_USD",
      "m" : "4611686018427398457"
    }, {
      "d" : "1756429741114530025",
      "t" : 1756429741114,
      "tn" : 1756429741114530025,
      "q" : "153.4",
      "p" : "1.00055",
      "s" : "sell",
      "i" : "USC_USD",
      "m" : "4611686018427398456"
    }, {
      "d" : "1756427521394140248",
      "t" : 1756427521394,
      "tn" : 1756427521394140248,
      "q" : "112.7",
      "p" : "1.00055",
      "s" : "sell",
      "i" : "USC_USD",
      "m" : "4611686018427398455"
    }, {
      "d" : "1756425771742740694",
      "t" : 1756425771742,
      "tn" : 1756425771742740694,
      "q" : "928.4",
      "p" : "1.00055",
      "s" : "sell",
      "i" : "USC_USD",
      "m" : "4611686018427398454"
    }, {
      "d" : "1756425771742738822",
      "t" : 1756425771742,
      "tn" : 1756425771742738822,
      "q" : "457.9",
      "p" : "1.00056",
      "s" : "sell",
      "i" : "USC_USD",
      "m" : "4611686018427398453"
    }, {
      "d" : "1756422821458905637",
      "t" : 1756422821458,
      "tn" : 1756422821458905637,
      "q" : "50.4",
      "p" : "1.00997",
      "s" : "buy",
      "i" : "USC_USD",
      "m" : "4611686018427398452"
    }, {
      "d" : "1756420585536467232",
      "t" : 1756420585536,
      "tn" : 1756420585536467232,
      "q" : "16.9",
      "p" : "1.00997",
      "s" : "buy",
      "i" : "USC_USD",
      "m" : "4611686018427398451"
    }, {
      "d" : "1756420091970749809",
      "t" : 1756420091970,
      "tn" : 1756420091970749809,
      "q" : "87.3",
      "p" : "1.00997",
      "s" : "buy",
      "i" : "USC_USD",
      "m" : "4611686018427398450"
    }, {
      "d" : "1756418590471438299",
      "t" : 1756418590471,
      "tn" : 1756418590471438299,
      "q" : "178.4",
      "p" : "1.00997",
      "s" : "buy",
      "i" : "USC_USD",
      "m" : "4611686018427398449"
    }, {
      "d" : "1756418590469842070",
      "t" : 1756418590469,
      "tn" : 1756418590469842070,
      "q" : "462.0",
      "p" : "1.00997",
      "s" : "buy",
      "i" : "USC_USD",
      "m" : "4611686018427398448"
    }, {
      "d" : "1756418590468159481",
      "t" : 1756418590468,
      "tn" : 1756418590468159481,
      "q" : "461.7",
      "p" : "1.00997",
      "s" : "buy",
      "i" : "USC_USD",
      "m" : "4611686018427398447"
    }, {
      "d" : "1756418590466335371",
      "t" : 1756418590466,
      "tn" : 1756418590466335371,
      "q" : "461.4",
      "p" : "1.00997",
      "s" : "buy",
      "i" : "USC_USD",
      "m" : "4611686018427398446"
    }, {
      "d" : "1756417533979356080",
      "t" : 1756417533979,
      "tn" : 1756417533979356080,
      "q" : "44.6",
      "p" : "1.00997",
      "s" : "buy",
      "i" : "USC_USD",
      "m" : "4611686018427398445"
    }, {
      "d" : "1756417533977854236",
      "t" : 1756417533977,
      "tn" : 1756417533977854236,
      "q" : "461.1",
      "p" : "1.00997",
      "s" : "buy",
      "i" : "USC_USD",
      "m" : "4611686018427398444"
    }, {
      "d" : "1756417533976351552",
      "t" : 1756417533976,
      "tn" : 1756417533976351552,
      "q" : "7.1",
      "p" : "1.00997",
      "s" : "buy",
      "i" : "USC_USD",
      "m" : "4611686018427398443"
    }, {
      "d" : "1756417533976349853",
      "t" : 1756417533976,
      "tn" : 1756417533976349853,
      "q" : "453.6",
      "p" : "1.00996",
      "s" : "buy",
      "i" : "USC_USD",
      "m" : "4611686018427398442"
    }, {
      "d" : "1756415800790155647",
      "t" : 1756415800790,
      "tn" : 1756415800790155647,
      "q" : "609.0",
      "p" : "1.00055",
      "s" : "sell",
      "i" : "USC_USD",
      "m" : "4611686018427398441"
    }, {
      "d" : "1756412681415842779",
      "t" : 1756412681415,
      "tn" : 1756412681415842779,
      "q" : "3041.8",
      "p" : "1.00055",
      "s" : "sell",
      "i" : "USC_USD",
      "m" : "4611686018427398440"
    }, {
      "d" : "1756412646065160503",
      "t" : 1756412646065,
      "tn" : 1756412646065160503,
      "q" : "453.6",
      "p" : "1.00056",
      "s" : "sell",
      "i" : "USC_USD",
      "m" : "4611686018427398439"
    }, {
      "d" : "1756410556052924158",
      "t" : 1756410556052,
      "tn" : 1756410556052924158,
      "q" : "246.5",
      "p" : "1.00997",
      "s" : "buy",
      "i" : "USC_USD",
      "m" : "4611686018427398438"
    }, {
      "d" : "1756410556042725387",
      "t" : 1756410556042,
      "tn" : 1756410556042725387,
      "q" : "1.1",
      "p" : "1.00997",
      "s" : "buy",
      "i" : "USC_USD",
      "m" : "4611686018427398437"
    }, {
      "d" : "1756410556002922962",
      "t" : 1756410556002,
      "tn" : 1756410556002922962,
      "q" : "75.9",
      "p" : "1.00997",
      "s" : "buy",
      "i" : "USC_USD",
      "m" : "4611686018427398436"
    }, {
      "d" : "1756410555993879975",
      "t" : 1756410555993,
      "tn" : 1756410555993879975,
      "q" : "1.1",
      "p" : "1.00997",
      "s" : "buy",
      "i" : "USC_USD",
      "m" : "4611686018427398435"
    }, {
      "d" : "1756410555992319263",
      "t" : 1756410555992,
      "tn" : 1756410555992319263,
      "q" : "1.1",
      "p" : "1.00997",
      "s" : "buy",
      "i" : "USC_USD",
      "m" : "4611686018427398434"
    }, {
      "d" : "1756410555986496215",
      "t" : 1756410555986,
      "tn" : 1756410555986496215,
      "q" : "75.9",
      "p" : "1.00997",
      "s" : "buy",
      "i" : "USC_USD",
      "m" : "4611686018427398433"
    }, {
      "d" : "1756410555971314811",
      "t" : 1756410555971,
      "tn" : 1756410555971314811,
      "q" : "75.9",
      "p" : "1.00997",
      "s" : "buy",
      "i" : "USC_USD",
      "m" : "4611686018427398432"
    }, {
      "d" : "1756410555941597462",
      "t" : 1756410555941,
      "tn" : 1756410555941597462,
      "q" : "1.1",
      "p" : "1.00997",
      "s" : "buy",
      "i" : "USC_USD",
      "m" : "4611686018427398431"
    }, {
      "d" : "1756410555871213531",
      "t" : 1756410555871,
      "tn" : 1756410555871213531,
      "q" : "10.9",
      "p" : "1.00997",
      "s" : "buy",
      "i" : "USC_USD",
      "m" : "4611686018427398430"
    }, {
      "d" : "1756410555866181635",
      "t" : 1756410555866,
      "tn" : 1756410555866181635,
      "q" : "10.9",
      "p" : "1.00997",
      "s" : "buy",
      "i" : "USC_USD",
      "m" : "4611686018427398429"
    }, {
      "d" : "1756410555861129097",
      "t" : 1756410555861,
      "tn" : 1756410555861129097,
      "q" : "10.9",
      "p" : "1.00997",
      "s" : "buy",
      "i" : "USC_USD",
      "m" : "4611686018427398428"
    }, {
      "d" : "1756410555856148477",
      "t" : 1756410555856,
      "tn" : 1756410555856148477,
      "q" : "10.9",
      "p" : "1.00997",
      "s" : "buy",
      "i" : "USC_USD",
      "m" : "4611686018427398427"
    }, {
      "d" : "1756410555846098834",
      "t" : 1756410555846,
      "tn" : 1756410555846098834,
      "q" : "10.9",
      "p" : "1.00997",
      "s" : "buy",
      "i" : "USC_USD",
      "m" : "4611686018427398426"
    }, {
      "d" : "1756410555839186487",
      "t" : 1756410555839,
      "tn" : 1756410555839186487,
      "q" : "1.1",
      "p" : "1.00997",
      "s" : "buy",
      "i" : "USC_USD",
      "m" : "4611686018427398425"
    }, {
      "d" : "1756410555837712065",
      "t" : 1756410555837,
      "tn" : 1756410555837712065,
      "q" : "1.1",
      "p" : "1.00997",
      "s" : "buy",
      "i" : "USC_USD",
      "m" : "4611686018427398424"
    }, {
      "d" : "1756410555836195326",
      "t" : 1756410555836,
      "tn" : 1756410555836195326,
      "q" : "19.8",
      "p" : "1.00997",
      "s" : "buy",
      "i" : "USC_USD",
      "m" : "4611686018427398423"
    }, {
      "d" : "1756410555831026110",
      "t" : 1756410555831,
      "tn" : 1756410555831026110,
      "q" : "311.5",
      "p" : "1.00997",
      "s" : "buy",
      "i" : "USC_USD",
      "m" : "4611686018427398422"
    }, {
      "d" : "1756410555831024318",
      "t" : 1756410555831,
      "tn" : 1756410555831024318,
      "q" : "149.2",
      "p" : "1.00996",
      "s" : "buy",
      "i" : "USC_USD",
      "m" : "4611686018427398421"
    }, {
      "d" : "1756410555829373153",
      "t" : 1756410555829,
      "tn" : 1756410555829373153,
      "q" : "460.5",
      "p" : "1.00996",
      "s" : "buy",
      "i" : "USC_USD",
      "m" : "4611686018427398420"
    }, {
      "d" : "1756410555827766632",
      "t" : 1756410555827,
      "tn" : 1756410555827766632,
      "q" : "460.3",
      "p" : "1.00996",
      "s" : "buy",
      "i" : "USC_USD",
      "m" : "4611686018427398419"
    }, {
      "d" : "1756410555826216991",
      "t" : 1756410555826,
      "tn" : 1756410555826216991,
      "q" : "460.1",
      "p" : "1.00996",
      "s" : "buy",
      "i" : "USC_USD",
      "m" : "4611686018427398418"
    }, {
      "d" : "1756410555824619114",
      "t" : 1756410555824,
      "tn" : 1756410555824619114,
      "q" : "459.8",
      "p" : "1.00996",
      "s" : "buy",
      "i" : "USC_USD",
      "m" : "4611686018427398417"
    }, {
      "d" : "1756410555822711671",
      "t" : 1756410555822,
      "tn" : 1756410555822711671,
      "q" : "10.1",
      "p" : "1.00996",
      "s" : "buy",
      "i" : "USC_USD",
      "m" : "4611686018427398416"
    }, {
      "d" : "1756410555822709567",
      "t" : 1756410555822,
      "tn" : 1756410555822709567,
      "q" : "449.4",
      "p" : "1.00995",
      "s" : "buy",
      "i" : "USC_USD",
      "m" : "4611686018427398415"
    }, {
      "d" : "1756409813595535347",
      "t" : 1756409813595,
      "tn" : 1756409813595535347,
      "q" : "6.3",
      "p" : "0.99925",
      "s" : "sell",
      "i" : "USC_USD",
      "m" : "4611686018427398414"
    }, {
      "d" : "1756403382677279449",
      "t" : 1756403382677,
      "tn" : 1756403382677279449,
      "q" : "3210.8",
      "p" : "0.99901",
      "s" : "sell",
      "i" : "USC_USD",
      "m" : "4611686018427398413"
    }, {
      "d" : "1756402714636511013",
      "t" : 1756402714636,
      "tn" : 1756402714636511013,
      "q" : "2663.8",
      "p" : "0.99901",
      "s" : "sell",
      "i" : "USC_USD",
      "m" : "4611686018427398412"
    }, {
      "d" : "1756402090311754932",
      "t" : 1756402090311,
      "tn" : 1756402090311754932,
      "q" : "787.2",
      "p" : "0.99901",
      "s" : "sell",
      "i" : "USC_USD",
      "m" : "4611686018427398411"
    }, {
      "d" : "1756401664452090560",
      "t" : 1756401664452,
      "tn" : 1756401664452090560,
      "q" : "1441.1",
      "p" : "0.99984",
      "s" : "buy",
      "i" : "USC_USD",
      "m" : "4611686018427398410"
    }, {
      "d" : "1756400899723249664",
      "t" : 1756400899723,
      "tn" : 1756400899723249664,
      "q" : "979.5",
      "p" : "0.99984",
      "s" : "buy",
      "i" : "USC_USD",
      "m" : "4611686018427398409"
    }, {
      "d" : "1756400899723247361",
      "t" : 1756400899723,
      "tn" : 1756400899723247361,
      "q" : "44.3",
      "p" : "0.99983",
      "s" : "buy",
      "i" : "USC_USD",
      "m" : "4611686018427398408"
    }, {
      "d" : "1756400867153762519",
      "t" : 1756400867153,
      "tn" : 1756400867153762519,
      "q" : "10.2",
      "p" : "0.99983",
      "s" : "sell",
      "i" : "USC_USD",
      "m" : "4611686018427398407"
    }, {
      "d" : "1756400867117400805",
      "t" : 1756400867117,
      "tn" : 1756400867117400805,
      "q" : "20.1",
      "p" : "0.99983",
      "s" : "sell",
      "i" : "USC_USD",
      "m" : "4611686018427398406"
    }, {
      "d" : "1756400867111798739",
      "t" : 1756400867111,
      "tn" : 1756400867111798739,
      "q" : "2831.1",
      "p" : "0.99983",
      "s" : "sell",
      "i" : "USC_USD",
      "m" : "4611686018427398405"
    }, {
      "d" : "1756400867110846979",
      "t" : 1756400867110,
      "tn" : 1756400867110846979,
      "q" : "459.5",
      "p" : "0.99983",
      "s" : "sell",
      "i" : "USC_USD",
      "m" : "4611686018427398404"
    }, {
      "d" : "1756400574078379920",
      "t" : 1756400574078,
      "tn" : 1756400574078379920,
      "q" : "449.4",
      "p" : "0.99984",
      "s" : "sell",
      "i" : "USC_USD",
      "m" : "4611686018427398403"
    }, {
      "d" : "1756400514054523702",
      "t" : 1756400514054,
      "tn" : 1756400514054523702,
      "q" : "19.7",
      "p" : "1.01200",
      "s" : "buy",
      "i" : "USC_USD",
      "m" : "4611686018427398402"
    }, {
      "d" : "1756400514045644741",
      "t" : 1756400514045,
      "tn" : 1756400514045644741,
      "q" : "807.1",
      "p" : "1.01200",
      "s" : "buy",
      "i" : "USC_USD",
      "m" : "4611686018427398401"
    }, {
      "d" : "1756400514045642896",
      "t" : 1756400514045,
      "tn" : 1756400514045642896,
      "q" : "1058.3",
      "p" : "1.01180",
      "s" : "buy",
      "i" : "USC_USD",
      "m" : "4611686018427398400"
    }, {
      "d" : "1756400514045639363",
      "t" : 1756400514045,
      "tn" : 1756400514045639363,
      "q" : "50.6",
      "p" : "1.00880",
      "s" : "buy",
      "i" : "USC_USD",
      "m" : "4611686018427398399"
    }, {
      "d" : "1756400514045636391",
      "t" : 1756400514045,
      "tn" : 1756400514045636391,
      "q" : "439.0",
      "p" : "1.00772",
      "s" : "buy",
      "i" : "USC_USD",
      "m" : "4611686018427398398"
    }, {
      "d" : "1756400514045633286",
      "t" : 1756400514045,
      "tn" : 1756400514045633286,
      "q" : "445.8",
      "p" : "1.00771",
      "s" : "buy",
      "i" : "USC_USD",
      "m" : "4611686018427398397"
    }, {
      "d" : "1756400032138523217",
      "t" : 1756400032138,
      "tn" : 1756400032138523217,
      "q" : "1.1",
      "p" : "0.99983",
      "s" : "sell",
      "i" : "USC_USD",
      "m" : "4611686018427398396"
    }, {
      "d" : "1756400031140631480",
      "t" : 1756400031140,
      "tn" : 1756400031140631480,
      "q" : "105.6",
      "p" : "0.99983",
      "s" : "sell",
      "i" : "USC_USD",
      "m" : "4611686018427398395"
    }, {
      "d" : "1756400029986558044",
      "t" : 1756400029986,
      "tn" : 1756400029986558044,
      "q" : "225.3",
      "p" : "0.99983",
      "s" : "sell",
      "i" : "USC_USD",
      "m" : "4611686018427398394"
    }, {
      "d" : "1756399893357501136",
      "t" : 1756399893357,
      "tn" : 1756399893357501136,
      "q" : "107.0",
      "p" : "0.99983",
      "s" : "sell",
      "i" : "USC_USD",
      "m" : "4611686018427398393"
    }, {
      "d" : "1756399640537525337",
      "t" : 1756399640537,
      "tn" : 1756399640537525337,
      "q" : "107.7",
      "p" : "0.99982",
      "s" : "sell",
      "i" : "USC_USD",
      "m" : "4611686018427398392"
    }, {
      "d" : "1756399603364811040",
      "t" : 1756399603364,
      "tn" : 1756399603364811040,
      "q" : "108.2",
      "p" : "0.99982",
      "s" : "sell",
      "i" : "USC_USD",
      "m" : "4611686018427398391"
    }, {
      "d" : "1756399601009566485",
      "t" : 1756399601009,
      "tn" : 1756399601009566485,
      "q" : "230.5",
      "p" : "0.99982",
      "s" : "sell",
      "i" : "USC_USD",
      "m" : "4611686018427398390"
    }, {
      "d" : "1756399560849450474",
      "t" : 1756399560849,
      "tn" : 1756399560849450474,
      "q" : "92.3",
      "p" : "0.99982",
      "s" : "sell",
      "i" : "USC_USD",
      "m" : "4611686018427398389"
    }, {
      "d" : "1756399560570281510",
      "t" : 1756399560570,
      "tn" : 1756399560570281510,
      "q" : "109.1",
      "p" : "0.99982",
      "s" : "sell",
      "i" : "USC_USD",
      "m" : "4611686018427398388"
    }, {
      "d" : "1756399556809421686",
      "t" : 1756399556809,
      "tn" : 1756399556809421686,
      "q" : "123.8",
      "p" : "0.99982",
      "s" : "sell",
      "i" : "USC_USD",
      "m" : "4611686018427398387"
    }, {
      "d" : "1756399556570111358",
      "t" : 1756399556570,
      "tn" : 1756399556570111358,
      "q" : "109.4",
      "p" : "0.99982",
      "s" : "sell",
      "i" : "USC_USD",
      "m" : "4611686018427398386"
    }, {
      "d" : "1756399556486430729",
      "t" : 1756399556486,
      "tn" : 1756399556486430729,
      "q" : "6.9",
      "p" : "0.99982",
      "s" : "sell",
      "i" : "USC_USD",
      "m" : "4611686018427398385"
    }, {
      "d" : "1756399556483831930",
      "t" : 1756399556483,
      "tn" : 1756399556483831930,
      "q" : "170.4",
      "p" : "0.99982",
      "s" : "sell",
      "i" : "USC_USD",
      "m" : "4611686018427398384"
    }, {
      "d" : "1756399556483830145",
      "t" : 1756399556483,
      "tn" : 1756399556483830145,
      "q" : "46.1",
      "p" : "1.00000",
      "s" : "sell",
      "i" : "USC_USD",
      "m" : "4611686018427398383"
    }, {
      "d" : "1756399556429158691",
      "t" : 1756399556429,
      "tn" : 1756399556429158691,
      "q" : "24.8",
      "p" : "1.00000",
      "s" : "sell",
      "i" : "USC_USD",
      "m" : "4611686018427398382"
    }, {
      "d" : "1756399556419128992",
      "t" : 1756399556419,
      "tn" : 1756399556419128992,
      "q" : "6.9",
      "p" : "1.00000",
      "s" : "sell",
      "i" : "USC_USD",
      "m" : "4611686018427398381"
    }, {
      "d" : "1756399556412097008",
      "t" : 1756399556412,
      "tn" : 1756399556412097008,
      "q" : "31.8",
      "p" : "1.00000",
      "s" : "sell",
      "i" : "USC_USD",
      "m" : "4611686018427398380"
    }, {
      "d" : "1756399556402973029",
      "t" : 1756399556402,
      "tn" : 1756399556402973029,
      "q" : "38.8",
      "p" : "1.00000",
      "s" : "sell",
      "i" : "USC_USD",
      "m" : "4611686018427398379"
    }, {
      "d" : "1756399554565644378",
      "t" : 1756399554565,
      "tn" : 1756399554565644378,
      "q" : "109.6",
      "p" : "1.00000",
      "s" : "sell",
      "i" : "USC_USD",
      "m" : "4611686018427398378"
    }, {
      "d" : "1756399553999929107",
      "t" : 1756399553999,
      "tn" : 1756399553999929107,
      "q" : "325.8",
      "p" : "1.00000",
      "s" : "sell",
      "i" : "USC_USD",
      "m" : "4611686018427398377"
    }, {
      "d" : "1756399553563090179",
      "t" : 1756399553563,
      "tn" : 1756399553563090179,
      "q" : "109.6",
      "p" : "1.00000",
      "s" : "sell",
      "i" : "USC_USD",
      "m" : "4611686018427398376"
    }, {
      "d" : "1756399552584254672",
      "t" : 1756399552584,
      "tn" : 1756399552584254672,
      "q" : "9.9",
      "p" : "1.00000",
      "s" : "sell",
      "i" : "USC_USD",
      "m" : "4611686018427398375"
    }, {
      "d" : "1756399552565850301",
      "t" : 1756399552565,
      "tn" : 1756399552565850301,
      "q" : "1.2",
      "p" : "1.00000",
      "s" : "sell",
      "i" : "USC_USD",
      "m" : "4611686018427398374"
    }, {
      "d" : "1756399550599600455",
      "t" : 1756399550599,
      "tn" : 1756399550599600455,
      "q" : "77.7",
      "p" : "1.00000",
      "s" : "sell",
      "i" : "USC_USD",
      "m" : "4611686018427398373"
    }, {
      "d" : "1756399507453628732",
      "t" : 1756399507453,
      "tn" : 1756399507453628732,
      "q" : "34.8",
      "p" : "1.00000",
      "s" : "sell",
      "i" : "USC_USD",
      "m" : "4611686018427398372"
    }, {
      "d" : "1756399507453627122",
      "t" : 1756399507453,
      "tn" : 1756399507453627122,
      "q" : "6.9",
      "p" : "1.00001",
      "s" : "sell",
      "i" : "USC_USD",
      "m" : "4611686018427398371"
    }, {
      "d" : "1756397755520372455",
      "t" : 1756397755520,
      "tn" : 1756397755520372455,
      "q" : "6.9",
      "p" : "1.01199",
      "s" : "buy",
      "i" : "USC_USD",
      "m" : "4611686018427398370"
    }, {
      "d" : "1756397720888308121",
      "t" : 1756397720888,
      "tn" : 1756397720888308121,
      "q" : "3.1",
      "p" : "1.00000",
      "s" : "sell",
      "i" : "USC_USD",
      "m" : "4611686018427398369"
    }, {
      "d" : "1756397437118423483",
      "t" : 1756397437118,
      "tn" : 1756397437118423483,
      "q" : "24.9",
      "p" : "1.00000",
      "s" : "sell",
      "i" : "USC_USD",
      "m" : "4611686018427398368"
    }, {
      "d" : "1756393833802783707",
      "t" : 1756393833802,
      "tn" : 1756393833802783707,
      "q" : "421.1",
      "p" : "0.99980",
      "s" : "sell",
      "i" : "USC_USD",
      "m" : "4611686018427398367"
    }, {
      "d" : "1756393628123919286",
      "t" : 1756393628123,
      "tn" : 1756393628123919286,
      "q" : "40.6",
      "p" : "0.99979",
      "s" : "sell",
      "i" : "USC_USD",
      "m" : "4611686018427398366"
    }, {
      "d" : "1756393628123917345",
      "t" : 1756393628123,
      "tn" : 1756393628123917345,
      "q" : "211.9",
      "p" : "1.00682",
      "s" : "sell",
      "i" : "USC_USD",
      "m" : "4611686018427398365"
    }, {
      "d" : "1756393628123914740",
      "t" : 1756393628123,
      "tn" : 1756393628123914740,
      "q" : "445.8",
      "p" : "1.00683",
      "s" : "sell",
      "i" : "USC_USD",
      "m" : "4611686018427398364"
    }, {
      "d" : "1756393539487914664",
      "t" : 1756393539487,
      "tn" : 1756393539487914664,
      "q" : "84.7",
      "p" : "1.01472",
      "s" : "sell",
      "i" : "USC_USD",
      "m" : "4611686018427398363"
    }, {
      "d" : "1756393539485958759",
      "t" : 1756393539485,
      "tn" : 1756393539485958759,
      "q" : "9.8",
      "p" : "1.01472",
      "s" : "sell",
      "i" : "USC_USD",
      "m" : "4611686018427398362"
    }, {
      "d" : "1756393538896355327",
      "t" : 1756393538896,
      "tn" : 1756393538896355327,
      "q" : "115.7",
      "p" : "1.01472",
      "s" : "sell",
      "i" : "USC_USD",
      "m" : "4611686018427398361"
    }, {
      "d" : "1756393478682250922",
      "t" : 1756393478682,
      "tn" : 1756393478682250922,
      "q" : "94.6",
      "p" : "1.01473",
      "s" : "buy",
      "i" : "USC_USD",
      "m" : "4611686018427398360"
    }, {
      "d" : "1756393436660049347",
      "t" : 1756393436660,
      "tn" : 1756393436660049347,
      "q" : "175.0",
      "p" : "1.02120",
      "s" : "buy",
      "i" : "USC_USD",
      "m" : "4611686018427398359"
    }, {
      "d" : "1756393436183016821",
      "t" : 1756393436183,
      "tn" : 1756393436183016821,
      "q" : "220.2",
      "p" : "1.02120",
      "s" : "buy",
      "i" : "USC_USD",
      "m" : "4611686018427398358"
    }, {
      "d" : "1756393435954528833",
      "t" : 1756393435954,
      "tn" : 1756393435954528833,
      "q" : "9.7",
      "p" : "1.01890",
      "s" : "buy",
      "i" : "USC_USD",
      "m" : "4611686018427398357"
    }, {
      "d" : "1756393435952926079",
      "t" : 1756393435952,
      "tn" : 1756393435952926079,
      "q" : "330.1",
      "p" : "1.01890",
      "s" : "buy",
      "i" : "USC_USD",
      "m" : "4611686018427398356"
    }, {
      "d" : "1756393435952924877",
      "t" : 1756393435952,
      "tn" : 1756393435952924877,
      "q" : "137.5",
      "p" : "1.01850",
      "s" : "buy",
      "i" : "USC_USD",
      "m" : "4611686018427398355"
    }, {
      "d" : "1756393435951480380",
      "t" : 1756393435951,
      "tn" : 1756393435951480380,
      "q" : "431.0",
      "p" : "1.01850",
      "s" : "buy",
      "i" : "USC_USD",
      "m" : "4611686018427398354"
    }, {
      "d" : "1756393435951478957",
      "t" : 1756393435951,
      "tn" : 1756393435951478957,
      "q" : "36.0",
      "p" : "1.01713",
      "s" : "buy",
      "i" : "USC_USD",
      "m" : "4611686018427398353"
    } ]
  }
}