{
  "id" : -1,
  "method" : "public/get-trades",
  "code" : 0,
  "result" : {
    "data" : [ {
      "d" : "1756462799246590065",
      "t" : 1756462799246,
      "tn" : 1756462799246590065,
      "q" : "78.2",
      "p" : "1.00009",
      "s" : "buy",
      "i" : "USDT_USD",
      "m" : "4611686018460495988"
    }, {
      "d" : "1756462789348469984",
      "t" : 1756462789348,
      "tn" : 1756462789348469984,
      "q" : "2.9",
      "p" : "1.00009",
      "s" : "buy",
      "i" : "USDT_USD",
      "m" : "4611686018460495987"
    }, {
      "d" : "1756462787278223184",
      "t" : 1756462787278,
      "tn" : 1756462787278223184,
      "q" : "1.2",
      "p" : "1.00009",
      "s" : "buy",
      "i" : "USDT_USD",
      "m" : "4611686018460495986"
    }, {
      "d" : "1756462779914918754",
      "t" : 1756462779914,
      "tn" : 1756462779914918754,
      "q" : "1.3",
      "p" : "1.00009",
      "s" : "buy",
      "i" : "USDT_USD",
      "m" : "4611686018460495985"
    }, {
      "d" : "1756462779814537580",
      "t" : 1756462779814,
      "tn" : 1756462779814537580,
      "q" : "1.8",
      "p" : "1.00009",
      "s" : "buy",
      "i" : "USDT_USD",
      "m" : "4611686018460495984"
    }, {
      "d" : "1756462779789578092",
      "t" : 1756462779789,
      "tn" : 1756462779789578092,
      "q" : "1.8",
      "p" : "1.00009",
      "s" : "buy",
      "i" : "USDT_USD",
      "m" : "4611686018460495983"
    }, {
      "d" : "1756462779699168790",
      "t" : 1756462779699,
      "tn" : 1756462779699168790,
      "q" : "1.8",
      "p" : "1.00009",
      "s" : "buy",
      "i" : "USDT_USD",
      "m" : "4611686018460495982"
    }, {
      "d" : "1756462779649126292",
      "t" : 1756462779649,
      "tn" : 1756462779649126292,
      "q" : "1.8",
      "p" : "1.00009",
      "s" : "buy",
      "i" : "USDT_USD",
      "m" : "4611686018460495981"
    }, {
      "d" : "1756462779629140627",
      "t" : 1756462779629,
      "tn" : 1756462779629140627,
      "q" : "1.8",
      "p" : "1.00009",
      "s" : "buy",
      "i" : "USDT_USD",
      "m" : "4611686018460495980"
    }, {
      "d" : "1756462779613398540",
      "t" : 1756462779613,
      "tn" : 1756462779613398540,
      "q" : "1.8",
      "p" : "1.00009",
      "s" : "buy",
      "i" : "USDT_USD",
      "m" : "4611686018460495979"
    }, {
      "d" : "1756462779468980224",
      "t" : 1756462779468,
      "tn" : 1756462779468980224,
      "q" : "1.8",
      "p" : "1.00009",
      "s" : "buy",
      "i" : "USDT_USD",
      "m" : "4611686018460495978"
    }, {
      "d" : "1756462779454113483",
      "t" : 1756462779454,
      "tn" : 1756462779454113483,
      "q" : "1.8",
      "p" : "1.00009",
      "s" : "buy",
      "i" : "USDT_USD",
      "m" : "4611686018460495977"
    }, {
      "d" : "1756462779263677095",
      "t" : 1756462779263,
      "tn" : 1756462779263677095,
      "q" : "1.8",
      "p" : "1.00009",
      "s" : "buy",
      "i" : "USDT_USD",
      "m" : "4611686018460495976"
    }, {
      "d" : "1756462779253696997",
      "t" : 1756462779253,
      "tn" : 1756462779253696997,
      "q" : "1.8",
      "p" : "1.00009",
      "s" : "buy",
      "i" : "USDT_USD",
      "m" : "4611686018460495975"
    }, {
      "d" : "1756462779203822618",
      "t" : 1756462779203,
      "tn" : 1756462779203822618,
      "q" : "1.8",
      "p" : "1.00009",
      "s" : "buy",
      "i" : "USDT_USD",
      "m" : "4611686018460495974"
    }, {
      "d" : "1756462779033471551",
      "t" : 1756462779033,
      "tn" : 1756462779033471551,
      "q" : "1.8",
      "p" : "1.00009",
      "s" : "buy",
      "i" : "USDT_USD",
      "m" : "4611686018460495973"
    }, {
      "d" : "1756462779023624222",
      "t" : 1756462779023,
      "tn" : 1756462779023624222,
      "q" : "1.8",
      "p" : "1.00009",
      "s" : "buy",
      "i" : "USDT_USD",
      "m" : "4611686018460495972"
    }, {
      "d" : "1756462778958504096",
      "t" : 1756462778958,
      "tn" : 1756462778958504096,
      "q" : "1.8",
      "p" : "1.00009",
      "s" : "buy",
      "i" : "USDT_USD",
      "m" : "4611686018460495971"
    }, {
      "d" : "1756462778446697283",
      "t" : 1756462778446,
      "tn" : 1756462778446697283,
      "q" : "1.8",
      "p" : "1.00009",
      "s" : "buy",
      "i" : "USDT_USD",
      "m" : "4611686018460495970"
    }, {
      "d" : "1756462778331298917",
      "t" : 1756462778331,
      "tn" : 1756462778331298917,
      "q" : "1.8",
      "p" : "1.00009",
      "s" : "buy",
      "i" : "USDT_USD",
      "m" : "4611686018460495969"
    }, {
      "d" : "1756462778316358172",
      "t" : 1756462778316,
      "tn" : 1756462778316358172,
      "q" : "1.8",
      "p" : "1.00009",
      "s" : "buy",
      "i" : "USDT_USD",
      "m" : "4611686018460495968"
    }, {
      "d" : "1756462778301296729",
      "t" : 1756462778301,
      "tn" : 1756462778301296729,
      "q" : "1.8",
      "p" : "1.00009",
      "s" : "buy",
      "i" : "USDT_USD",
      "m" : "4611686018460495967"
    }, {
      "d" : "1756462778276257635",
      "t" : 1756462778276,
      "tn" : 1756462778276257635,
      "q" : "1.8",
      "p" : "1.00009",
      "s" : "buy",
      "i" : "USDT_USD",
      "m" : "4611686018460495966"
    }, {
      "d" : "1756462778256222347",
      "t" : 1756462778256,
      "tn" : 1756462778256222347,
      "q" : "1.8",
      "p" : "1.00009",
      "s" : "buy",
      "i" : "USDT_USD",
      "m" : "4611686018460495965"
    }, {
      "d" : "1756462778226593186",
      "t" : 1756462778226,
      "tn" : 1756462778226593186,
      "q" : "1.8",
      "p" : "1.00009",
      "s" : "buy",
      "i" : "USDT_USD",
      "m" : "4611686018460495964"
    }, {
      "d" : "1756462777051323392",
      "t" : 1756462777051,
      "tn" : 1756462777051323392,
      "q" : "1.2",
      "p" : "1.00009",
      "s" : "buy",
      "i" : "USDT_USD",
      "m" : "4611686018460495963"
    }, {
      "d" : "1756462760306007354",
      "t" : 1756462760306,
      "tn" : 1756462760306007354,
      "q" : "1.1",
      "p" : "1.00008",
      "s" : "sell",
      "i" : "USDT_USD",
      "m" : "4611686018460495962"
    }, {
      "d" : "1756462718830373937",
      "t" : 1756462718830,
      "tn" : 1756462718830373937,
      "q" : "1.2",
      "p" : "1.00009",
      "s" : "buy",
      "i" : "USDT_USD",
      "m" : "4611686018460495961"
    }, {
      "d" : "1756462718815572051",
      "t" : 1756462718815,
      "tn" : 1756462718815572051,
      "q" : "1.2",
      "p" : "1.00009",
      "s" : "buy",
      "i" : "USDT_USD",
      "m" : "4611686018460495960"
    }, {
      "d" : "1756462707365439428",
      "t" : 1756462707365,
      "tn" : 1756462707365439428,
      "q" : "573.2",
      "p" : "1.00009",
      "s" : "buy",
      "i" : "USDT_USD",
      "m" : "4611686018460495959"
    }, {
      "d" : "1756462691076380739",
      "t" : 1756462691076,
      "tn" : 1756462691076380731,
      "q" : "1.4",
      "p" : "1.00009",
      "s" : "sell",
      "i" : "USDT_USD",
      "m" : "4611686018460495958"
    }, {
      "d" : "1756462691076380738",
      "t" : 1756462691076,
      "tn" : 1756462691076380731,
      "q" : "1.4",
      "p" : "1.00009",
      "s" : "sell",
      "i" : "USDT_USD",
      "m" : "4611686018460495958"
    }, {
      "d" : "1756462691076380737",
      "t" : 1756462691076,
      "tn" : 1756462691076380731,
      "q" : "1.4",
      "p" : "1.00009",
      "s" : "sell",
      "i" : "USDT_USD",
      "m" : "4611686018460495958"
    }, {
      "d" : "1756462691076380736",
      "t" : 1756462691076,
      "tn" : 1756462691076380731,
      "q" : "37.4",
      "p" : "1.00009",
      "s" : "sell",
      "i" : "USDT_USD",
      "m" : "4611686018460495958"
    }, {
      "d" : "1756462691076380735",
      "t" : 1756462691076,
      "tn" : 1756462691076380731,
      "q" : "1.1",
      "p" : "1.00009",
      "s" : "sell",
      "i" : "USDT_USD",
      "m" : "4611686018460495958"
    }, {
      "d" : "1756462691076380734",
      "t" : 1756462691076,
      "tn" : 1756462691076380731,
      "q" : "1.5",
      "p" : "1.00009",
      "s" : "sell",
      "i" : "USDT_USD",
      "m" : "4611686018460495958"
    }, {
      "d" : "1756462691076380733",
      "t" : 1756462691076,
      "tn" : 1756462691076380731,
      "q" : "1.1",
      "p" : "1.00009",
      "s" : "sell",
      "i" : "USDT_USD",
      "m" : "4611686018460495958"
    }, {
      "d" : "1756462691076380732",
      "t" : 1756462691076,
      "tn" : 1756462691076380731,
      "q" : "1.1",
      "p" : "1.00009",
      "s" : "sell",
      "i" : "USDT_USD",
      "m" : "4611686018460495958"
    }, {
      "d" : "1756462691076380731",
      "t" : 1756462691076,
      "tn" : 1756462691076380731,
      "q" : "56.3",
      "p" : "1.00009",
      "s" : "sell",
      "i" : "USDT_USD",
      "m" : "4611686018460495958"
    }, {
      "d" : "1756462682384987766",
      "t" : 1756462682384,
      "tn" : 1756462682384987766,
      "q" : "55.3",
      "p" : "1.00009",
      "s" : "sell",
      "i" : "USDT_USD",
      "m" : "4611686018460495957"
    }, {
      "d" : "1756462658197115649",
      "t" : 1756462658197,
      "tn" : 1756462658197115649,
      "q" : "1.2",
      "p" : "1.00009",
      "s" : "sell",
      "i" : "USDT_USD",
      "m" : "4611686018460495956"
    }, {
      "d" : "1756462658157383296",
      "t" : 1756462658157,
      "tn" : 1756462658157383296,
      "q" : "36.6",
      "p" : "1.00009",
      "s" : "sell",
      "i" : "USDT_USD",
      "m" : "4611686018460495955"
    }, {
      "d" : "1756462651165609066",
      "t" : 1756462651165,
      "tn" : 1756462651165609066,
      "q" : "78.0",
      "p" : "1.00010",
      "s" : "buy",
      "i" : "USDT_USD",
      "m" : "4611686018460495954"
    }, {
      "d" : "1756462637371210978",
      "t" : 1756462637371,
      "tn" : 1756462637371210978,
      "q" : "1.1",
      "p" : "1.00010",
      "s" : "buy",
      "i" : "USDT_USD",
      "m" : "4611686018460495953"
    }, {
      "d" : "1756462631204015656",
      "t" : 1756462631204,
      "tn" : 1756462631204015656,
      "q" : "11.7",
      "p" : "1.00009",
      "s" : "sell",
      "i" : "USDT_USD",
      "m" : "4611686018460495952"
    }, {
      "d" : "1756462630592757053",
      "t" : 1756462630592,
      "tn" : 1756462630592757053,
      "q" : "1.2",
      "p" : "1.00010",
      "s" : "buy",
      "i" : "USDT_USD",
      "m" : "4611686018460495951"
    }, {
      "d" : "1756462627179187703",
      "t" : 1756462627179,
      "tn" : 1756462627179187703,
      "q" : "1.7",
      "p" : "1.00009",
      "s" : "sell",
      "i" : "USDT_USD",
      "m" : "4611686018460495950"
    }, {
      "d" : "1756462622462503054",
      "t" : 1756462622462,
      "tn" : 1756462622462503054,
      "q" : "1.1",
      "p" : "1.00010",
      "s" : "buy",
      "i" : "USDT_USD",
      "m" : "4611686018460495949"
    }, {
      "d" : "1756462618914582786",
      "t" : 1756462618914,
      "tn" : 1756462618914582786,
      "q" : "1.7",
      "p" : "1.00009",
      "s" : "sell",
      "i" : "USDT_USD",
      "m" : "4611686018460495948"
    }, {
      "d" : "1756462617129770471",
      "t" : 1756462617129,
      "tn" : 1756462617129770471,
      "q" : "11.7",
      "p" : "1.00009",
      "s" : "sell",
      "i" : "USDT_USD",
      "m" : "4611686018460495947"
    }, {
      "d" : "1756462614918477323",
      "t" : 1756462614918,
      "tn" : 1756462614918477323,
      "q" : "10.0",
      "p" : "1.00009",
      "s" : "sell",
      "i" : "USDT_USD",
      "m" : "4611686018460495946"
    }, {
      "d" : "1756462613665806080",
      "t" : 1756462613665,
      "tn" : 1756462613665806080,
      "q" : "1.7",
      "p" : "1.00009",
      "s" : "sell",
      "i" : "USDT_USD",
      "m" : "4611686018460495945"
    }, {
      "d" : "1756462609108326464",
      "t" : 1756462609108,
      "tn" : 1756462609108326464,
      "q" : "1.7",
      "p" : "1.00009",
      "s" : "sell",
      "i" : "USDT_USD",
      "m" : "4611686018460495944"
    }, {
      "d" : "1756462605098159416",
      "t" : 1756462605098,
      "tn" : 1756462605098159416,
      "q" : "1.7",
      "p" : "1.00009",
      "s" : "sell",
      "i" : "USDT_USD",
      "m" : "4611686018460495943"
    }, {
      "d" : "1756462597004292123",
      "t" : 1756462597004,
      "tn" : 1756462597004292123,
      "q" : "1.7",
      "p" : "1.00009",
      "s" : "sell",
      "i" : "USDT_USD",
      "m" : "4611686018460495942"
    }, {
      "d" : "1756462584796733806",
      "t" : 1756462584796,
      "tn" : 1756462584796733806,
      "q" : "1.1",
      "p" : "1.00010",
      "s" : "buy",
      "i" : "USDT_USD",
      "m" : "4611686018460495941"
    }, {
      "d" : "1756462542898675797",
      "t" : 1756462542898,
      "tn" : 1756462542898675797,
      "q" : "3.0",
      "p" : "1.00010",
      "s" : "buy",
      "i" : "USDT_USD",
      "m" : "4611686018460495940"
    }, {
      "d" : "1756462431948343860",
      "t" : 1756462431948,
      "tn" : 1756462431948343860,
      "q" : "1.1",
      "p" : "1.00010",
      "s" : "buy",
      "i" : "USDT_USD",
      "m" : "4611686018460495939"
    }, {
      "d" : "1756462381432340644",
      "t" : 1756462381432,
      "tn" : 1756462381432340644,
      "q" : "1.1",
      "p" : "1.00009",
      "s" : "sell",
      "i" : "USDT_USD",
      "m" : "4611686018460495938"
    }, {
      "d" : "1756462375046388134",
      "t" : 1756462375046,
      "tn" : 1756462375046388134,
      "q" : "1.1",
      "p" : "1.00010",
      "s" : "buy",
      "i" : "USDT_USD",
      "m" : "4611686018460495937"
    }, {
      "d" : "1756462372769664510",
      "t" : 1756462372769,
      "tn" : 1756462372769664510,
      "q" : "1.1",
      "p" : "1.00009",
      "s" : "sell",
      "i" : "USDT_USD",
      "m" : "4611686018460495936"
    }, {
      "d" : "1756462334570430583",
      "t" : 1756462334570,
      "tn" : 1756462334570430583,
      "q" : "13.5",
      "p" : "1.00009",
      "s" : "sell",
      "i" : "USDT_USD",
      "m" : "4611686018460495935"
    }, {
      "d" : "1756462129523498815",
      "t" : 1756462129523,
      "tn" : 1756462129523498815,
      "q" : "1.1",
      "p" : "1.00010",
      "s" : "buy",
      "i" : "USDT_USD",
      "m" : "4611686018460495934"
    }, {
      "d" : "1756462129488822093",
      "t" : 1756462129488,
      "tn" : 1756462129488822093,
      "q" : "1.1",
      "p" : "1.00010",
      "s" : "buy",
      "i" : "USDT_USD",
      "m" : "4611686018460495933"
    }, {
      "d" : "1756462129007190883",
      "t" : 1756462129007,
      "tn" : 1756462129007190883,
      "q" : "1.1",
      "p" : "1.00010",
      "s" : "buy",
      "i" : "USDT_USD",
      "m" : "4611686018460495932"
    }, {
      "d" : "1756462128887103892",
      "t" : 1756462128887,
      "tn" : 1756462128887103892,
      "q" : "1.1",
      "p" : "1.00010",
      "s" : "buy",
      "i" : "USDT_USD",
      "m" : "4611686018460495931"
    }, {
      "d" : "1756462128524603917",
      "t" : 1756462128524,
      "tn" : 1756462128524603917,
      "q" : "1.1",
      "p" : "1.00010",
      "s" : "buy",
      "i" : "USDT_USD",
      "m" : "4611686018460495930"
    }, {
      "d" : "1756462103528468227",
      "t" : 1756462103528,
      "tn" : 1756462103528468227,
      "q" : "1.1",
      "p" : "1.00010",
      "s" : "buy",
      "i" : "USDT_USD",
      "m" : "4611686018460495929"
    }, {
      "d" : "1756462093523067162",
      "t" : 1756462093523,
      "tn" : 1756462093523067162,
      "q" : "1.1",
      "p" : "1.00010",
      "s" : "buy",
      "i" : "USDT_USD",
      "m" : "4611686018460495928"
    }, {
      "d" : "1756462093167386671",
      "t" : 1756462093167,
      "tn" : 1756462093167386671,
      "q" : "1.1",
      "p" : "1.00010",
      "s" : "buy",
      "i" : "USDT_USD",
      "m" : "4611686018460495927"
    }, {
      "d" : "1756462093137287328",
      "t" : 1756462093137,
      "tn" : 1756462093137287328,
      "q" : "1.1",
      "p" : "1.00010",
      "s" : "buy",
      "i" : "USDT_USD",
      "m" : "4611686018460495926"
    }, {
      "d" : "1756462093127464016",
      "t" : 1756462093127,
      "tn" : 1756462093127464016,
      "q" : "1.1",
      "p" : "1.00010",
      "s" : "buy",
      "i" : "USDT_USD",
      "m" : "4611686018460495925"
    }, {
      "d" : "1756462093026710841",
      "t" : 1756462093026,
      "tn" : 1756462093026710841,
      "q" : "1.1",
      "p" : "1.00010",
      "s" : "buy",
      "i" : "USDT_USD",
      "m" : "4611686018460495924"
    }, {
      "d" : "1756462092906621677",
      "t" : 1756462092906,
      "tn" : 1756462092906621677,
      "q" : "1.1",
      "p" : "1.00010",
      "s" : "buy",
      "i" : "USDT_USD",
      "m" : "4611686018460495923"
    }, {
      "d" : "1756462092706414989",
      "t" : 1756462092706,
      "tn" : 1756462092706414989,
      "q" : "1.1",
      "p" : "1.00010",
      "s" : "buy",
      "i" : "USDT_USD",
      "m" : "4611686018460495922"
    }, {
      "d" : "1756462092525775455",
      "t" : 1756462092525,
      "tn" : 1756462092525775455,
      "q" : "1.1",
      "p" : "1.00010",
      "s" : "buy",
      "i" : "USDT_USD",
      "m" : "4611686018460495921"
    }, {
      "d" : "1756462092310156733",
      "t" : 1756462092310,
      "tn" : 1756462092310156733,
      "q" : "1.1",
      "p" : "1.00010",
      "s" : "buy",
      "i" : "USDT_USD",
      "m" : "4611686018460495920"
    }, {
      "d" : "1756462092204871622",
      "t" : 1756462092204,
      "tn" : 1756462092204871622,
      "q" : "1.1",
      "p" : "1.00010",
      "s" : "buy",
      "i" : "USDT_USD",
      "m" : "4611686018460495919"
    }, {
      "d" : "1756462092109971210",
      "t" : 1756462092109,
      "tn" : 1756462092109971210,
      "q" : "1.1",
      "p" : "1.00010",
      "s" : "buy",
      "i" : "USDT_USD",
      "m" : "4611686018460495918"
    }, {
      "d" : "1756462091608014884",
      "t" : 1756462091608,
      "tn" : 1756462091608014884,
      "q" : "1.1",
      "p" : "1.00010",
      "s" : "buy",
      "i" : "USDT_USD",
      "m" : "4611686018460495917"
    }, {
      "d" : "1756462091523035179",
      "t" : 1756462091523,
      "tn" : 1756462091523035179,
      "q" : "1.1",
      "p" : "1.00010",
      "s" : "buy",
      "i" : "USDT_USD",
      "m" : "4611686018460495916"
    }, {
      "d" : "1756462090520250302",
      "t" : 1756462090520,
      "tn" : 1756462090520250302,
      "q" : "1.1",
      "p" : "1.00010",
      "s" : "buy",
      "i" : "USDT_USD",
      "m" : "4611686018460495915"
    }, {
      "d" : "1756462090485667513",
      "t" : 1756462090485,
      "tn" : 1756462090485667513,
      "q" : "1.1",
      "p" : "1.00010",
      "s" : "buy",
      "i" : "USDT_USD",
      "m" : "4611686018460495914"
    }, {
      "d" : "1756462090009031071",
      "t" : 1756462090009,
      "tn" : 1756462090009031071,
      "q" : "1.1",
      "p" : "1.00010",
      "s" : "buy",
      "i" : "USDT_USD",
      "m" : "4611686018460495913"
    }, {
      "d" : "1756462089523166009",
      "t" : 1756462089523,
      "tn" : 1756462089523166009,
      "q" : "1.1",
      "p" : "1.00010",
      "s" : "buy",
      "i" : "USDT_USD",
      "m" : "4611686018460495912"
    }, {
      "d" : "1756462089127390526",
      "t" : 1756462089127,
      "tn" : 1756462089127390526,
      "q" : "1.1",
      "p" : "1.00010",
      "s" : "buy",
      "i" : "USDT_USD",
      "m" : "4611686018460495911"
    }, {
      "d" : "1756462089026739035",
      "t" : 1756462089026,
      "tn" : 1756462089026739035,
      "q" : "1.1",
      "p" : "1.00010",
      "s" : "buy",
      "i" : "USDT_USD",
      "m" : "4611686018460495910"
    }, {
      "d" : "1756462088986714224",
      "t" : 1756462088986,
      "tn" : 1756462088986714224,
      "q" : "1.1",
      "p" : "1.00010",
      "s" : "buy",
      "i" : "USDT_USD",
      "m" : "4611686018460495909"
    }, {
      "d" : "1756462088520458237",
      "t" : 1756462088520,
      "tn" : 1756462088520458237,
      "q" : "1.1",
      "p" : "1.00010",
      "s" : "buy",
      "i" : "USDT_USD",
      "m" : "4611686018460495908"
    }, {
      "d" : "1756462088485558609",
      "t" : 1756462088485,
      "tn" : 1756462088485558609,
      "q" : "1.1",
      "p" : "1.00010",
      "s" : "buy",
      "i" : "USDT_USD",
      "m" : "4611686018460495907"
    }, {
      "d" : "1756462088009070036",
      "t" : 1756462088009,
      "tn" : 1756462088009070036,
      "q" : "1.1",
      "p" : "1.00010",
      "s" : "buy",
      "i" : "USDT_USD",
      "m" : "4611686018460495906"
    }, {
      "d" : "1756462087888911462",
      "t" : 1756462087888,
      "tn" : 1756462087888911462,
      "q" : "1.1",
      "p" : "1.00010",
      "s" : "buy",
      "i" : "USDT_USD",
      "m" : "4611686018460495905"
    }, {
      "d" : "1756462087749004647",
      "t" : 1756462087749,
      "tn" : 1756462087749004647,
      "q" : "1.1",
      "p" : "1.00010",
      "s" : "buy",
      "i" : "USDT_USD",
      "m" : "4611686018460495904"
    }, {
      "d" : "1756462079523675442",
      "t" : 1756462079523,
      "tn" : 1756462079523675442,
      "q" : "1.1",
      "p" : "1.00009",
      "s" : "sell",
      "i" : "USDT_USD",
      "m" : "4611686018460495903"
    }, {
      "d" : "1756462078611396271",
      "t" : 1756462078611,
      "tn" : 1756462078611396271,
      "q" : "1.1",
      "p" : "1.00009",
      "s" : "sell",
      "i" : "USDT_USD",
      "m" : "4611686018460495902"
    }, {
      "d" : "1756462074941627525",
      "t" : 1756462074941,
      "tn" : 1756462074941627525,
      "q" : "1.1",
      "p" : "1.00009",
      "s" : "sell",
      "i" : "USDT_USD",
      "m" : "4611686018460495901"
    }, {
      "d" : "1756462074531445128",
      "t" : 1756462074531,
      "tn" : 1756462074531445128,
      "q" : "1.1",
      "p" : "1.00009",
      "s" : "sell",
      "i" : "USDT_USD",
      "m" : "4611686018460495900"
    }, {
      "d" : "1756462074529679941",
      "t" : 1756462074529,
      "tn" : 1756462074529679941,
      "q" : "1.1",
      "p" : "1.00010",
      "s" : "buy",
      "i" : "USDT_USD",
      "m" : "4611686018460495899"
    }, {
      "d" : "1756462074290302085",
      "t" : 1756462074290,
      "tn" : 1756462074290302085,
      "q" : "1.1",
      "p" : "1.00009",
      "s" : "sell",
      "i" : "USDT_USD",
      "m" : "4611686018460495898"
    }, {
      "d" : "1756462074089321845",
      "t" : 1756462074089,
      "tn" : 1756462074089321845,
      "q" : "1.1",
      "p" : "1.00009",
      "s" : "sell",
      "i" : "USDT_USD",
      "m" : "4611686018460495897"
    }, {
      "d" : "1756462073989084327",
      "t" : 1756462073989,
      "tn" : 1756462073989084327,
      "q" : "1.1",
      "p" : "1.00009",
      "s" : "sell",
      "i" : "USDT_USD",
      "m" : "4611686018460495896"
    }, {
      "d" : "1756462073868905140",
      "t" : 1756462073868,
      "tn" : 1756462073868905140,
      "q" : "1.1",
      "p" : "1.00009",
      "s" : "sell",
      "i" : "USDT_USD",
      "m" : "4611686018460495895"
    }, {
      "d" : "1756462073523399884",
      "t" : 1756462073523,
      "tn" : 1756462073523399884,
      "q" : "1.1",
      "p" : "1.00009",
      "s" : "sell",
      "i" : "USDT_USD",
      "m" : "4611686018460495894"
    }, {
      "d" : "1756462072645957151",
      "t" : 1756462072645,
      "tn" : 1756462072645957151,
      "q" : "1.1",
      "p" : "1.00009",
      "s" : "sell",
      "i" : "USDT_USD",
      "m" : "4611686018460495893"
    }, {
      "d" : "1756462072109328501",
      "t" : 1756462072109,
      "tn" : 1756462072109328501,
      "q" : "1.1",
      "p" : "1.00009",
      "s" : "sell",
      "i" : "USDT_USD",
      "m" : "4611686018460495892"
    }, {
      "d" : "1756462072089234271",
      "t" : 1756462072089,
      "tn" : 1756462072089234271,
      "q" : "1.1",
      "p" : "1.00009",
      "s" : "sell",
      "i" : "USDT_USD",
      "m" : "4611686018460495891"
    }, {
      "d" : "1756462072069433608",
      "t" : 1756462072069,
      "tn" : 1756462072069433608,
      "q" : "1.1",
      "p" : "1.00009",
      "s" : "sell",
      "i" : "USDT_USD",
      "m" : "4611686018460495890"
    }, {
      "d" : "1756462071949284614",
      "t" : 1756462071949,
      "tn" : 1756462071949284614,
      "q" : "1.1",
      "p" : "1.00009",
      "s" : "sell",
      "i" : "USDT_USD",
      "m" : "4611686018460495889"
    }, {
      "d" : "1756462071538430780",
      "t" : 1756462071538,
      "tn" : 1756462071538430780,
      "q" : "1.1",
      "p" : "1.00009",
      "s" : "sell",
      "i" : "USDT_USD",
      "m" : "4611686018460495888"
    }, {
      "d" : "1756462070911628858",
      "t" : 1756462070911,
      "tn" : 1756462070911628858,
      "q" : "1.1",
      "p" : "1.00009",
      "s" : "sell",
      "i" : "USDT_USD",
      "m" : "4611686018460495887"
    }, {
      "d" : "1756462070831439014",
      "t" : 1756462070831,
      "tn" : 1756462070831439014,
      "q" : "1.1",
      "p" : "1.00009",
      "s" : "sell",
      "i" : "USDT_USD",
      "m" : "4611686018460495886"
    }, {
      "d" : "1756462070710900705",
      "t" : 1756462070710,
      "tn" : 1756462070710900705,
      "q" : "1.1",
      "p" : "1.00009",
      "s" : "sell",
      "i" : "USDT_USD",
      "m" : "4611686018460495885"
    }, {
      "d" : "1756462070610844626",
      "t" : 1756462070610,
      "tn" : 1756462070610844626,
      "q" : "1.1",
      "p" : "1.00009",
      "s" : "sell",
      "i" : "USDT_USD",
      "m" : "4611686018460495884"
    }, {
      "d" : "1756462070541108677",
      "t" : 1756462070541,
      "tn" : 1756462070541108677,
      "q" : "1.1",
      "p" : "1.00009",
      "s" : "sell",
      "i" : "USDT_USD",
      "m" : "4611686018460495883"
    }, {
      "d" : "1756462070129570989",
      "t" : 1756462070129,
      "tn" : 1756462070129570989,
      "q" : "1.1",
      "p" : "1.00009",
      "s" : "sell",
      "i" : "USDT_USD",
      "m" : "4611686018460495882"
    }, {
      "d" : "1756462070024309098",
      "t" : 1756462070024,
      "tn" : 1756462070024309098,
      "q" : "1.1",
      "p" : "1.00009",
      "s" : "sell",
      "i" : "USDT_USD",
      "m" : "4611686018460495881"
    }, {
      "d" : "1756462070009433788",
      "t" : 1756462070009,
      "tn" : 1756462070009433788,
      "q" : "1.1",
      "p" : "1.00009",
      "s" : "sell",
      "i" : "USDT_USD",
      "m" : "4611686018460495880"
    }, {
      "d" : "1756462069959257750",
      "t" : 1756462069959,
      "tn" : 1756462069959257750,
      "q" : "1.1",
      "p" : "1.00009",
      "s" : "sell",
      "i" : "USDT_USD",
      "m" : "4611686018460495879"
    }, {
      "d" : "1756462069909439771",
      "t" : 1756462069909,
      "tn" : 1756462069909439771,
      "q" : "1.1",
      "p" : "1.00009",
      "s" : "sell",
      "i" : "USDT_USD",
      "m" : "4611686018460495878"
    }, {
      "d" : "1756462069683906246",
      "t" : 1756462069683,
      "tn" : 1756462069683906246,
      "q" : "1.1",
      "p" : "1.00009",
      "s" : "sell",
      "i" : "USDT_USD",
      "m" : "4611686018460495877"
    }, {
      "d" : "1756462068937105448",
      "t" : 1756462068937,
      "tn" : 1756462068937105448,
      "q" : "1.1",
      "p" : "1.00009",
      "s" : "sell",
      "i" : "USDT_USD",
      "m" : "4611686018460495876"
    }, {
      "d" : "1756462068541361423",
      "t" : 1756462068541,
      "tn" : 1756462068541361423,
      "q" : "1.1",
      "p" : "1.00009",
      "s" : "sell",
      "i" : "USDT_USD",
      "m" : "4611686018460495875"
    }, {
      "d" : "1756462067568653130",
      "t" : 1756462067568,
      "tn" : 1756462067568653130,
      "q" : "1.1",
      "p" : "1.00009",
      "s" : "sell",
      "i" : "USDT_USD",
      "m" : "4611686018460495874"
    }, {
      "d" : "1756462067559038652",
      "t" : 1756462067559,
      "tn" : 1756462067559038652,
      "q" : "1.1",
      "p" : "1.00009",
      "s" : "sell",
      "i" : "USDT_USD",
      "m" : "4611686018460495873"
    }, {
      "d" : "1756462066711590773",
      "t" : 1756462066711,
      "tn" : 1756462066711590773,
      "q" : "1.1",
      "p" : "1.00009",
      "s" : "sell",
      "i" : "USDT_USD",
      "m" : "4611686018460495872"
    }, {
      "d" : "1756462066616585472",
      "t" : 1756462066616,
      "tn" : 1756462066616585472,
      "q" : "1.1",
      "p" : "1.00009",
      "s" : "sell",
      "i" : "USDT_USD",
      "m" : "4611686018460495871"
    }, {
      "d" : "1756462065524148667",
      "t" : 1756462065524,
      "tn" : 1756462065524148667,
      "q" : "1.1",
      "p" : "1.00009",
      "s" : "sell",
      "i" : "USDT_USD",
      "m" : "4611686018460495870"
    }, {
      "d" : "1756462064812370413",
      "t" : 1756462064812,
      "tn" : 1756462064812370413,
      "q" : "1.1",
      "p" : "1.00009",
      "s" : "sell",
      "i" : "USDT_USD",
      "m" : "4611686018460495869"
    }, {
      "d" : "1756462064691702848",
      "t" : 1756462064691,
      "tn" : 1756462064691702848,
      "q" : "1.1",
      "p" : "1.00009",
      "s" : "sell",
      "i" : "USDT_USD",
      "m" : "4611686018460495868"
    }, {
      "d" : "1756462064601933270",
      "t" : 1756462064601,
      "tn" : 1756462064601933270,
      "q" : "1.1",
      "p" : "1.00009",
      "s" : "sell",
      "i" : "USDT_USD",
      "m" : "4611686018460495867"
    }, {
      "d" : "1756462063309122949",
      "t" : 1756462063309,
      "tn" : 1756462063309122949,
      "q" : "1.1",
      "p" : "1.00009",
      "s" : "sell",
      "i" : "USDT_USD",
      "m" : "4611686018460495866"
    }, {
      "d" : "1756462062627244228",
      "t" : 1756462062627,
      "tn" : 1756462062627244228,
      "q" : "1.1",
      "p" : "1.00009",
      "s" : "sell",
      "i" : "USDT_USD",
      "m" : "4611686018460495865"
    }, {
      "d" : "1756462061635118712",
      "t" : 1756462061635,
      "tn" : 1756462061635118712,
      "q" : "1.1",
      "p" : "1.00009",
      "s" : "sell",
      "i" : "USDT_USD",
      "m" : "4611686018460495864"
    }, {
      "d" : "1756462060948446716",
      "t" : 1756462060948,
      "tn" : 1756462060948446716,
      "q" : "1.1",
      "p" : "1.00009",
      "s" : "sell",
      "i" : "USDT_USD",
      "m" : "4611686018460495863"
    }, {
      "d" : "1756462060853463672",
      "t" : 1756462060853,
      "tn" : 1756462060853463672,
      "q" : "1.1",
      "p" : "1.00009",
      "s" : "sell",
      "i" : "USDT_USD",
      "m" : "4611686018460495862"
    }, {
      "d" : "1756462031538371148",
      "t" : 1756462031538,
      "tn" : 1756462031538371148,
      "q" : "1.1",
      "p" : "1.00009",
      "s" : "sell",
      "i" : "USDT_USD",
      "m" : "4611686018460495861"
    }, {
      "d" : "1756462030686149491",
      "t" : 1756462030686,
      "tn" : 1756462030686149491,
      "q" : "1.1",
      "p" : "1.00009",
      "s" : "sell",
      "i" : "USDT_USD",
      "m" : "4611686018460495860"
    }, {
      "d" : "1756462029538684509",
      "t" : 1756462029538,
      "tn" : 1756462029538684509,
      "q" : "1.1",
      "p" : "1.00009",
      "s" : "sell",
      "i" : "USDT_USD",
      "m" : "4611686018460495859"
    }, {
      "d" : "1756462028561423935",
      "t" : 1756462028561,
      "tn" : 1756462028561423935,
      "q" : "1.1",
      "p" : "1.00009",
      "s" : "sell",
      "i" : "USDT_USD",
      "m" : "4611686018460495858"
    }, {
      "d" : "1756462027523970637",
      "t" : 1756462027523,
      "tn" : 1756462027523970637,
      "q" : "1.1",
      "p" : "1.00009",
      "s" : "sell",
      "i" : "USDT_USD",
      "m" : "4611686018460495857"
    }, {
      "d" : "1756462027428992700",
      "t" : 1756462027428,
      "tn" : 1756462027428992700,
      "q" : "1.1",
      "p" : "1.00009",
      "s" : "sell",
      "i" : "USDT_USD",
      "m" : "4611686018460495856"
    }, {
      "d" : "1756462027167877870",
      "t" : 1756462027167,
      "tn" : 1756462027167877870,
      "q" : "1.1",
      "p" : "1.00009",
      "s" : "sell",
      "i" : "USDT_USD",
      "m" : "4611686018460495855"
    }, {
      "d" : "1756462027047794149",
      "t" : 1756462027047,
      "tn" : 1756462027047794149,
      "q" : "1.1",
      "p" : "1.00009",
      "s" : "sell",
      "i" : "USDT_USD",
      "m" : "4611686018460495854"
    }, {
      "d" : "1756462026952863507",
      "t" : 1756462026952,
      "tn" : 1756462026952863507,
      "q" : "1.1",
      "p" : "1.00009",
      "s" : "sell",
      "i" : "USDT_USD",
      "m" : "4611686018460495853"
    }, {
      "d" : "1756462005541107567",
      "t" : 1756462005541,
      "tn" : 1756462005541107567,
      "q" : "1.1",
      "p" : "1.00009",
      "s" : "sell",
      "i" : "USDT_USD",
      "m" : "4611686018460495852"
    }, {
      "d" : "1756462004608754237",
      "t" : 1756462004608,
      "tn" : 1756462004608754237,
      "q" : "1.1",
      "p" : "1.00009",
      "s" : "sell",
      "i" : "USDT_USD",
      "m" : "4611686018460495851"
    }, {
      "d" : "1756462004568605823",
      "t" : 1756462004568,
      "tn" : 1756462004568605823,
      "q" : "1.1",
      "p" : "1.00009",
      "s" : "sell",
      "i" : "USDT_USD",
      "m" : "4611686018460495850"
    }, {
      "d" : "1756462004523716177",
      "t" : 1756462004523,
      "tn" : 1756462004523716177,
      "q" : "1.1",
      "p" : "1.00009",
      "s" : "sell",
      "i" : "USDT_USD",
      "m" : "4611686018460495849"
    }, {
      "d" : "1756462004423449185",
      "t" : 1756462004423,
      "tn" : 1756462004423449185,
      "q" : "1.1",
      "p" : "1.00009",
      "s" : "sell",
      "i" : "USDT_USD",
      "m" : "4611686018460495848"
    }, {
      "d" : "1756462004383398488",
      "t" : 1756462004383,
      "tn" : 1756462004383398488,
      "q" : "1.1",
      "p" : "1.00009",
      "s" : "sell",
      "i" : "USDT_USD",
      "m" : "4611686018460495847"
    } ]
  }
}