{
  "id" : -1,
  "method" : "public/get-trades",
  "code" : 0,
  "result" : {
    "data" : [ {
      "d" : "1756459986859089441",
      "t" : 1756459986859,
      "tn" : 1756459986859089441,
      "q" : "44",
      "p" : "0.198000",
      "s" : "sell",
      "i" : "USELESS_USD",
      "m" : "4611686018427404379"
    }, {
      "d" : "1756459986859086904",
      "t" : 1756459986859,
      "tn" : 1756459986859086904,
      "q" : "16",
      "p" : "0.198001",
      "s" : "sell",
      "i" : "USELESS_USD",
      "m" : "4611686018427404378"
    }, {
      "d" : "1756459986858824638",
      "t" : 1756459986858,
      "tn" : 1756459986858824638,
      "q" : "76",
      "p" : "0.198001",
      "s" : "sell",
      "i" : "USELESS_USD",
      "m" : "4611686018427404377"
    }, {
      "d" : "1756459985620301405",
      "t" : 1756459985620,
      "tn" : 1756459985620301405,
      "q" : "6",
      "p" : "0.196800",
      "s" : "buy",
      "i" : "USELESS_USD",
      "m" : "4611686018427404376"
    }, {
      "d" : "1756459904978326719",
      "t" : 1756459904978,
      "tn" : 1756459904978326719,
      "q" : "72",
      "p" : "0.198000",
      "s" : "sell",
      "i" : "USELESS_USD",
      "m" : "4611686018427404375"
    }, {
      "d" : "1756459866601510057",
      "t" : 1756459866601,
      "tn" : 1756459866601510057,
      "q" : "76",
      "p" : "0.198001",
      "s" : "sell",
      "i" : "USELESS_USD",
      "m" : "4611686018427404374"
    }, {
      "d" : "1756459866401860577",
      "t" : 1756459866401,
      "tn" : 1756459866401860577,
      "q" : "76",
      "p" : "0.198001",
      "s" : "sell",
      "i" : "USELESS_USD",
      "m" : "4611686018427404373"
    }, {
      "d" : "1756459866351273480",
      "t" : 1756459866351,
      "tn" : 1756459866351273480,
      "q" : "463",
      "p" : "0.204546",
      "s" : "buy",
      "i" : "USELESS_USD",
      "m" : "4611686018427404372"
    }, {
      "d" : "1756459866351271904",
      "t" : 1756459866351,
      "tn" : 1756459866351271904,
      "q" : "797",
      "p" : "0.203145",
      "s" : "buy",
      "i" : "USELESS_USD",
      "m" : "4611686018427404371"
    }, {
      "d" : "1756459866351269471",
      "t" : 1756459866351,
      "tn" : 1756459866351269471,
      "q" : "894",
      "p" : "0.202018",
      "s" : "buy",
      "i" : "USELESS_USD",
      "m" : "4611686018427404370"
    }, {
      "d" : "1756459866351267309",
      "t" : 1756459866351,
      "tn" : 1756459866351267309,
      "q" : "172",
      "p" : "0.202016",
      "s" : "buy",
      "i" : "USELESS_USD",
      "m" : "4611686018427404369"
    }, {
      "d" : "1756459866351264004",
      "t" : 1756459866351,
      "tn" : 1756459866351264004,
      "q" : "862",
      "p" : "0.202015",
      "s" : "buy",
      "i" : "USELESS_USD",
      "m" : "4611686018427404368"
    }, {
      "d" : "1756459866351260655",
      "t" : 1756459866351,
      "tn" : 1756459866351260655,
      "q" : "6",
      "p" : "0.198001",
      "s" : "buy",
      "i" : "USELESS_USD",
      "m" : "4611686018427404367"
    }, {
      "d" : "1756459814607689498",
      "t" : 1756459814607,
      "tn" : 1756459814607689498,
      "q" : "76",
      "p" : "0.198000",
      "s" : "sell",
      "i" : "USELESS_USD",
      "m" : "4611686018427404366"
    }, {
      "d" : "1756459814607686231",
      "t" : 1756459814607,
      "tn" : 1756459814607686231,
      "q" : "76",
      "p" : "0.198000",
      "s" : "sell",
      "i" : "USELESS_USD",
      "m" : "4611686018427404365"
    }, {
      "d" : "1756459812734389293",
      "t" : 1756459812734,
      "tn" : 1756459812734389293,
      "q" : "91",
      "p" : "0.198000",
      "s" : "sell",
      "i" : "USELESS_USD",
      "m" : "4611686018427404364"
    }, {
      "d" : "1756459643189817109",
      "t" : 1756459643189,
      "tn" : 1756459643189817109,
      "q" : "130",
      "p" : "0.198000",
      "s" : "sell",
      "i" : "USELESS_USD",
      "m" : "4611686018427404363"
    }, {
      "d" : "1756458843037761414",
      "t" : 1756458843037,
      "tn" : 1756458843037761414,
      "q" : "2021",
      "p" : "0.198000",
      "s" : "sell",
      "i" : "USELESS_USD",
      "m" : "4611686018427404362"
    }, {
      "d" : "1756458828307752980",
      "t" : 1756458828307,
      "tn" : 1756458828307752980,
      "q" : "528",
      "p" : "0.198000",
      "s" : "sell",
      "i" : "USELESS_USD",
      "m" : "4611686018427404361"
    }, {
      "d" : "1756458827977620305",
      "t" : 1756458827977,
      "tn" : 1756458827977620305,
      "q" : "2006",
      "p" : "0.198000",
      "s" : "sell",
      "i" : "USELESS_USD",
      "m" : "4611686018427404360"
    }, {
      "d" : "1756458827976695074",
      "t" : 1756458827976,
      "tn" : 1756458827976695074,
      "q" : "15",
      "p" : "0.199199",
      "s" : "sell",
      "i" : "USELESS_USD",
      "m" : "4611686018427404359"
    }, {
      "d" : "1756458773884434283",
      "t" : 1756458773884,
      "tn" : 1756458773884434283,
      "q" : "196",
      "p" : "0.204198",
      "s" : "buy",
      "i" : "USELESS_USD",
      "m" : "4611686018427404358"
    }, {
      "d" : "1756458773884432479",
      "t" : 1756458773884,
      "tn" : 1756458773884432479,
      "q" : "6",
      "p" : "0.199609",
      "s" : "buy",
      "i" : "USELESS_USD",
      "m" : "4611686018427404357"
    }, {
      "d" : "1756458761230790496",
      "t" : 1756458761230,
      "tn" : 1756458761230790495,
      "q" : "470",
      "p" : "0.207348",
      "s" : "buy",
      "i" : "USELESS_USD",
      "m" : "4611686018427404356"
    }, {
      "d" : "1756458761230790495",
      "t" : 1756458761230,
      "tn" : 1756458761230790495,
      "q" : "797",
      "p" : "0.207348",
      "s" : "buy",
      "i" : "USELESS_USD",
      "m" : "4611686018427404356"
    }, {
      "d" : "1756458761230787560",
      "t" : 1756458761230,
      "tn" : 1756458761230787559,
      "q" : "1199",
      "p" : "0.205947",
      "s" : "buy",
      "i" : "USELESS_USD",
      "m" : "4611686018427404355"
    }, {
      "d" : "1756458761230787559",
      "t" : 1756458761230,
      "tn" : 1756458761230787559,
      "q" : "797",
      "p" : "0.205947",
      "s" : "buy",
      "i" : "USELESS_USD",
      "m" : "4611686018427404355"
    }, {
      "d" : "1756458761230783482",
      "t" : 1756458761230,
      "tn" : 1756458761230783482,
      "q" : "797",
      "p" : "0.204546",
      "s" : "buy",
      "i" : "USELESS_USD",
      "m" : "4611686018427404354"
    }, {
      "d" : "1756458761230780342",
      "t" : 1756458761230,
      "tn" : 1756458761230780342,
      "q" : "894",
      "p" : "0.203875",
      "s" : "buy",
      "i" : "USELESS_USD",
      "m" : "4611686018427404353"
    }, {
      "d" : "1756458761230777354",
      "t" : 1756458761230,
      "tn" : 1756458761230777354,
      "q" : "940",
      "p" : "0.203874",
      "s" : "buy",
      "i" : "USELESS_USD",
      "m" : "4611686018427404352"
    }, {
      "d" : "1756458761230774129",
      "t" : 1756458761230,
      "tn" : 1756458761230774129,
      "q" : "6",
      "p" : "0.199702",
      "s" : "buy",
      "i" : "USELESS_USD",
      "m" : "4611686018427404351"
    }, {
      "d" : "1756458467091555380",
      "t" : 1756458467091,
      "tn" : 1756458467091555380,
      "q" : "20",
      "p" : "0.199199",
      "s" : "sell",
      "i" : "USELESS_USD",
      "m" : "4611686018427404350"
    }, {
      "d" : "1756458467091553570",
      "t" : 1756458467091,
      "tn" : 1756458467091553570,
      "q" : "55",
      "p" : "0.200000",
      "s" : "sell",
      "i" : "USELESS_USD",
      "m" : "4611686018427404349"
    }, {
      "d" : "1756458424931066890",
      "t" : 1756458424931,
      "tn" : 1756458424931066890,
      "q" : "91",
      "p" : "0.200000",
      "s" : "sell",
      "i" : "USELESS_USD",
      "m" : "4611686018427404348"
    }, {
      "d" : "1756458424930703321",
      "t" : 1756458424930,
      "tn" : 1756458424930703321,
      "q" : "75",
      "p" : "0.200000",
      "s" : "sell",
      "i" : "USELESS_USD",
      "m" : "4611686018427404347"
    }, {
      "d" : "1756458424913796955",
      "t" : 1756458424913,
      "tn" : 1756458424913796955,
      "q" : "92",
      "p" : "0.200000",
      "s" : "sell",
      "i" : "USELESS_USD",
      "m" : "4611686018427404346"
    }, {
      "d" : "1756458424892060324",
      "t" : 1756458424892,
      "tn" : 1756458424892060324,
      "q" : "216",
      "p" : "0.200000",
      "s" : "sell",
      "i" : "USELESS_USD",
      "m" : "4611686018427404345"
    }, {
      "d" : "1756458424891037441",
      "t" : 1756458424891,
      "tn" : 1756458424891037441,
      "q" : "210",
      "p" : "0.200000",
      "s" : "sell",
      "i" : "USELESS_USD",
      "m" : "4611686018427404344"
    }, {
      "d" : "1756458419921604193",
      "t" : 1756458419921,
      "tn" : 1756458419921604191,
      "q" : "261",
      "p" : "0.200000",
      "s" : "sell",
      "i" : "USELESS_USD",
      "m" : "4611686018427404343"
    }, {
      "d" : "1756458419921604192",
      "t" : 1756458419921,
      "tn" : 1756458419921604191,
      "q" : "1000",
      "p" : "0.200000",
      "s" : "sell",
      "i" : "USELESS_USD",
      "m" : "4611686018427404343"
    }, {
      "d" : "1756458419921604191",
      "t" : 1756458419921,
      "tn" : 1756458419921604191,
      "q" : "741",
      "p" : "0.200000",
      "s" : "sell",
      "i" : "USELESS_USD",
      "m" : "4611686018427404343"
    }, {
      "d" : "1756458413236934014",
      "t" : 1756458413236,
      "tn" : 1756458413236934014,
      "q" : "1259",
      "p" : "0.200000",
      "s" : "sell",
      "i" : "USELESS_USD",
      "m" : "4611686018427404342"
    }, {
      "d" : "1756458413236932159",
      "t" : 1756458413236,
      "tn" : 1756458413236932159,
      "q" : "742",
      "p" : "0.200020",
      "s" : "sell",
      "i" : "USELESS_USD",
      "m" : "4611686018427404341"
    }, {
      "d" : "1756458391030126138",
      "t" : 1756458391030,
      "tn" : 1756458391030126138,
      "q" : "2001",
      "p" : "0.200020",
      "s" : "sell",
      "i" : "USELESS_USD",
      "m" : "4611686018427404340"
    }, {
      "d" : "1756458390397378080",
      "t" : 1756458390397,
      "tn" : 1756458390397378080,
      "q" : "813",
      "p" : "0.200020",
      "s" : "sell",
      "i" : "USELESS_USD",
      "m" : "4611686018427404339"
    }, {
      "d" : "1756458383924267198",
      "t" : 1756458383924,
      "tn" : 1756458383924267198,
      "q" : "2000",
      "p" : "0.200020",
      "s" : "sell",
      "i" : "USELESS_USD",
      "m" : "4611686018427404338"
    }, {
      "d" : "1756458375962788552",
      "t" : 1756458375962,
      "tn" : 1756458375962788552,
      "q" : "98",
      "p" : "0.200020",
      "s" : "sell",
      "i" : "USELESS_USD",
      "m" : "4611686018427404337"
    }, {
      "d" : "1756458333447027458",
      "t" : 1756458333447,
      "tn" : 1756458333447027458,
      "q" : "1213",
      "p" : "0.200020",
      "s" : "sell",
      "i" : "USELESS_USD",
      "m" : "4611686018427404336"
    }, {
      "d" : "1756458333447025179",
      "t" : 1756458333447,
      "tn" : 1756458333447025179,
      "q" : "787",
      "p" : "0.200022",
      "s" : "sell",
      "i" : "USELESS_USD",
      "m" : "4611686018427404335"
    }, {
      "d" : "1756458330651973118",
      "t" : 1756458330651,
      "tn" : 1756458330651973118,
      "q" : "792",
      "p" : "0.200020",
      "s" : "sell",
      "i" : "USELESS_USD",
      "m" : "4611686018427404334"
    }, {
      "d" : "1756458330648906236",
      "t" : 1756458330648,
      "tn" : 1756458330648906236,
      "q" : "335",
      "p" : "0.200020",
      "s" : "sell",
      "i" : "USELESS_USD",
      "m" : "4611686018427404333"
    }, {
      "d" : "1756458330648904735",
      "t" : 1756458330648,
      "tn" : 1756458330648904735,
      "q" : "873",
      "p" : "0.200021",
      "s" : "sell",
      "i" : "USELESS_USD",
      "m" : "4611686018427404332"
    }, {
      "d" : "1756458314377113114",
      "t" : 1756458314377,
      "tn" : 1756458314377113114,
      "q" : "6",
      "p" : "0.200002",
      "s" : "buy",
      "i" : "USELESS_USD",
      "m" : "4611686018427404331"
    }, {
      "d" : "1756457709170481656",
      "t" : 1756457709170,
      "tn" : 1756457709170481656,
      "q" : "6",
      "p" : "0.201757",
      "s" : "sell",
      "i" : "USELESS_USD",
      "m" : "4611686018427404330"
    }, {
      "d" : "1756455049088160791",
      "t" : 1756455049088,
      "tn" : 1756455049088160790,
      "q" : "985",
      "p" : "0.203000",
      "s" : "sell",
      "i" : "USELESS_USD",
      "m" : "4611686018427404329"
    }, {
      "d" : "1756455049088160790",
      "t" : 1756455049088,
      "tn" : 1756455049088160790,
      "q" : "985",
      "p" : "0.203000",
      "s" : "sell",
      "i" : "USELESS_USD",
      "m" : "4611686018427404329"
    }, {
      "d" : "1756454616817406990",
      "t" : 1756454616817,
      "tn" : 1756454616817406990,
      "q" : "118",
      "p" : "0.205000",
      "s" : "sell",
      "i" : "USELESS_USD",
      "m" : "4611686018427404328"
    }, {
      "d" : "1756454616815962463",
      "t" : 1756454616815,
      "tn" : 1756454616815962463,
      "q" : "310",
      "p" : "0.205000",
      "s" : "sell",
      "i" : "USELESS_USD",
      "m" : "4611686018427404327"
    }, {
      "d" : "1756454616812636307",
      "t" : 1756454616812,
      "tn" : 1756454616812636307,
      "q" : "314",
      "p" : "0.205000",
      "s" : "sell",
      "i" : "USELESS_USD",
      "m" : "4611686018427404326"
    }, {
      "d" : "1756454616805834104",
      "t" : 1756454616805,
      "tn" : 1756454616805834104,
      "q" : "233",
      "p" : "0.205000",
      "s" : "sell",
      "i" : "USELESS_USD",
      "m" : "4611686018427404325"
    }, {
      "d" : "1756454616805832166",
      "t" : 1756454616805,
      "tn" : 1756454616805832166,
      "q" : "81",
      "p" : "0.205001",
      "s" : "sell",
      "i" : "USELESS_USD",
      "m" : "4611686018427404324"
    }, {
      "d" : "1756454270539332587",
      "t" : 1756454270539,
      "tn" : 1756454270539332587,
      "q" : "81",
      "p" : "0.206000",
      "s" : "sell",
      "i" : "USELESS_USD",
      "m" : "4611686018427404323"
    }, {
      "d" : "1756452714329312781",
      "t" : 1756452714329,
      "tn" : 1756452714329312781,
      "q" : "6",
      "p" : "0.206000",
      "s" : "sell",
      "i" : "USELESS_USD",
      "m" : "4611686018427404322"
    }, {
      "d" : "1756452714328277525",
      "t" : 1756452714328,
      "tn" : 1756452714328277525,
      "q" : "6",
      "p" : "0.206000",
      "s" : "sell",
      "i" : "USELESS_USD",
      "m" : "4611686018427404321"
    }, {
      "d" : "1756452714286615808",
      "t" : 1756452714286,
      "tn" : 1756452714286615808,
      "q" : "6",
      "p" : "0.206000",
      "s" : "sell",
      "i" : "USELESS_USD",
      "m" : "4611686018427404320"
    }, {
      "d" : "1756452398344606141",
      "t" : 1756452398344,
      "tn" : 1756452398344606141,
      "q" : "75",
      "p" : "0.206000",
      "s" : "sell",
      "i" : "USELESS_USD",
      "m" : "4611686018427404319"
    }, {
      "d" : "1756450898535756325",
      "t" : 1756450898535,
      "tn" : 1756450898535756325,
      "q" : "464",
      "p" : "0.209955",
      "s" : "sell",
      "i" : "USELESS_USD",
      "m" : "4611686018427404318"
    }, {
      "d" : "1756450898525404203",
      "t" : 1756450898525,
      "tn" : 1756450898525404203,
      "q" : "1300",
      "p" : "0.209955",
      "s" : "sell",
      "i" : "USELESS_USD",
      "m" : "4611686018427404317"
    }, {
      "d" : "1756450898521229471",
      "t" : 1756450898521,
      "tn" : 1756450898521229471,
      "q" : "1317",
      "p" : "0.209955",
      "s" : "sell",
      "i" : "USELESS_USD",
      "m" : "4611686018427404316"
    }, {
      "d" : "1756450898517613856",
      "t" : 1756450898517,
      "tn" : 1756450898517613856,
      "q" : "1317",
      "p" : "0.209955",
      "s" : "sell",
      "i" : "USELESS_USD",
      "m" : "4611686018427404315"
    }, {
      "d" : "1756450898458255531",
      "t" : 1756450898458,
      "tn" : 1756450898458255531,
      "q" : "247",
      "p" : "0.209955",
      "s" : "sell",
      "i" : "USELESS_USD",
      "m" : "4611686018427404314"
    }, {
      "d" : "1756450898454975930",
      "t" : 1756450898454,
      "tn" : 1756450898454975930,
      "q" : "105",
      "p" : "0.209955",
      "s" : "sell",
      "i" : "USELESS_USD",
      "m" : "4611686018427404313"
    }, {
      "d" : "1756450898454003236",
      "t" : 1756450898454,
      "tn" : 1756450898454003236,
      "q" : "250",
      "p" : "0.209955",
      "s" : "sell",
      "i" : "USELESS_USD",
      "m" : "4611686018427404312"
    }, {
      "d" : "1756450898452303530",
      "t" : 1756450898452,
      "tn" : 1756450898452303530,
      "q" : "141",
      "p" : "0.210000",
      "s" : "sell",
      "i" : "USELESS_USD",
      "m" : "4611686018427404311"
    }, {
      "d" : "1756450898444542889",
      "t" : 1756450898444,
      "tn" : 1756450898444542889,
      "q" : "350",
      "p" : "0.210000",
      "s" : "sell",
      "i" : "USELESS_USD",
      "m" : "4611686018427404310"
    }, {
      "d" : "1756450898441823561",
      "t" : 1756450898441,
      "tn" : 1756450898441823561,
      "q" : "350",
      "p" : "0.210000",
      "s" : "sell",
      "i" : "USELESS_USD",
      "m" : "4611686018427404309"
    }, {
      "d" : "1756450898436328996",
      "t" : 1756450898436,
      "tn" : 1756450898436328995,
      "q" : "111",
      "p" : "0.210000",
      "s" : "sell",
      "i" : "USELESS_USD",
      "m" : "4611686018427404308"
    }, {
      "d" : "1756450898436328995",
      "t" : 1756450898436,
      "tn" : 1756450898436328995,
      "q" : "239",
      "p" : "0.210000",
      "s" : "sell",
      "i" : "USELESS_USD",
      "m" : "4611686018427404308"
    }, {
      "d" : "1756450898354522207",
      "t" : 1756450898354,
      "tn" : 1756450898354522207,
      "q" : "330",
      "p" : "0.210000",
      "s" : "sell",
      "i" : "USELESS_USD",
      "m" : "4611686018427404307"
    }, {
      "d" : "1756450898343825363",
      "t" : 1756450898343,
      "tn" : 1756450898343825363,
      "q" : "339",
      "p" : "0.210000",
      "s" : "sell",
      "i" : "USELESS_USD",
      "m" : "4611686018427404306"
    }, {
      "d" : "1756450898343650793",
      "t" : 1756450898343,
      "tn" : 1756450898343650792,
      "q" : "44",
      "p" : "0.210000",
      "s" : "sell",
      "i" : "USELESS_USD",
      "m" : "4611686018427404305"
    }, {
      "d" : "1756450898343650792",
      "t" : 1756450898343,
      "tn" : 1756450898343650792,
      "q" : "396",
      "p" : "0.210000",
      "s" : "sell",
      "i" : "USELESS_USD",
      "m" : "4611686018427404305"
    }, {
      "d" : "1756450898343646829",
      "t" : 1756450898343,
      "tn" : 1756450898343646828,
      "q" : "556",
      "p" : "0.210000",
      "s" : "sell",
      "i" : "USELESS_USD",
      "m" : "4611686018427404304"
    }, {
      "d" : "1756450898343646828",
      "t" : 1756450898343,
      "tn" : 1756450898343646828,
      "q" : "44",
      "p" : "0.210000",
      "s" : "sell",
      "i" : "USELESS_USD",
      "m" : "4611686018427404304"
    }, {
      "d" : "1756450898342557828",
      "t" : 1756450898342,
      "tn" : 1756450898342557828,
      "q" : "339",
      "p" : "0.210000",
      "s" : "sell",
      "i" : "USELESS_USD",
      "m" : "4611686018427404303"
    }, {
      "d" : "1756450898323715283",
      "t" : 1756450898323,
      "tn" : 1756450898323715283,
      "q" : "569",
      "p" : "0.210000",
      "s" : "sell",
      "i" : "USELESS_USD",
      "m" : "4611686018427404302"
    }, {
      "d" : "1756450898323712929",
      "t" : 1756450898323,
      "tn" : 1756450898323712929,
      "q" : "31",
      "p" : "0.210395",
      "s" : "sell",
      "i" : "USELESS_USD",
      "m" : "4611686018427404301"
    }, {
      "d" : "1756450897660297594",
      "t" : 1756450897660,
      "tn" : 1756450897660297594,
      "q" : "91",
      "p" : "0.210395",
      "s" : "sell",
      "i" : "USELESS_USD",
      "m" : "4611686018427404300"
    }, {
      "d" : "1756450897636773366",
      "t" : 1756450897636,
      "tn" : 1756450897636773366,
      "q" : "85",
      "p" : "0.210395",
      "s" : "sell",
      "i" : "USELESS_USD",
      "m" : "4611686018427404299"
    }, {
      "d" : "1756450897636771405",
      "t" : 1756450897636,
      "tn" : 1756450897636771405,
      "q" : "6",
      "p" : "0.210407",
      "s" : "sell",
      "i" : "USELESS_USD",
      "m" : "4611686018427404298"
    }, {
      "d" : "1756450897635530832",
      "t" : 1756450897635,
      "tn" : 1756450897635530832,
      "q" : "91",
      "p" : "0.210407",
      "s" : "sell",
      "i" : "USELESS_USD",
      "m" : "4611686018427404297"
    }, {
      "d" : "1756450856437050796",
      "t" : 1756450856437,
      "tn" : 1756450856437050796,
      "q" : "6",
      "p" : "0.211982",
      "s" : "sell",
      "i" : "USELESS_USD",
      "m" : "4611686018427404296"
    }, {
      "d" : "1756450539935251028",
      "t" : 1756450539935,
      "tn" : 1756450539935251028,
      "q" : "75",
      "p" : "0.213374",
      "s" : "sell",
      "i" : "USELESS_USD",
      "m" : "4611686018427404295"
    }, {
      "d" : "1756450470250736569",
      "t" : 1756450470250,
      "tn" : 1756450470250736569,
      "q" : "21",
      "p" : "0.217608",
      "s" : "buy",
      "i" : "USELESS_USD",
      "m" : "4611686018427404294"
    }, {
      "d" : "1756450470250734418",
      "t" : 1756450470250,
      "tn" : 1756450470250734418,
      "q" : "6",
      "p" : "0.213334",
      "s" : "buy",
      "i" : "USELESS_USD",
      "m" : "4611686018427404293"
    }, {
      "d" : "1756450450235337342",
      "t" : 1756450450235,
      "tn" : 1756450450235337342,
      "q" : "85",
      "p" : "0.217740",
      "s" : "buy",
      "i" : "USELESS_USD",
      "m" : "4611686018427404292"
    }, {
      "d" : "1756450439852673206",
      "t" : 1756450439852,
      "tn" : 1756450439852673206,
      "q" : "160",
      "p" : "0.217597",
      "s" : "buy",
      "i" : "USELESS_USD",
      "m" : "4611686018427404291"
    }, {
      "d" : "1756450439852670902",
      "t" : 1756450439852,
      "tn" : 1756450439852670902,
      "q" : "172",
      "p" : "0.217596",
      "s" : "buy",
      "i" : "USELESS_USD",
      "m" : "4611686018427404290"
    }, {
      "d" : "1756450439852667787",
      "t" : 1756450439852,
      "tn" : 1756450439852667787,
      "q" : "6",
      "p" : "0.213234",
      "s" : "buy",
      "i" : "USELESS_USD",
      "m" : "4611686018427404289"
    }, {
      "d" : "1756445338988480436",
      "t" : 1756445338988,
      "tn" : 1756445338988480436,
      "q" : "196",
      "p" : "0.216093",
      "s" : "buy",
      "i" : "USELESS_USD",
      "m" : "4611686018427404288"
    }, {
      "d" : "1756445338988478244",
      "t" : 1756445338988,
      "tn" : 1756445338988478244,
      "q" : "6",
      "p" : "0.211261",
      "s" : "buy",
      "i" : "USELESS_USD",
      "m" : "4611686018427404287"
    }, {
      "d" : "1756445120068222486",
      "t" : 1756445120068,
      "tn" : 1756445120068222486,
      "q" : "42",
      "p" : "0.212000",
      "s" : "sell",
      "i" : "USELESS_USD",
      "m" : "4611686018427404286"
    }, {
      "d" : "1756445120065733487",
      "t" : 1756445120065,
      "tn" : 1756445120065733487,
      "q" : "71",
      "p" : "0.212000",
      "s" : "sell",
      "i" : "USELESS_USD",
      "m" : "4611686018427404285"
    }, {
      "d" : "1756445097085294808",
      "t" : 1756445097085,
      "tn" : 1756445097085294808,
      "q" : "74",
      "p" : "0.212000",
      "s" : "sell",
      "i" : "USELESS_USD",
      "m" : "4611686018427404284"
    }, {
      "d" : "1756445096956394635",
      "t" : 1756445096956,
      "tn" : 1756445096956394635,
      "q" : "80",
      "p" : "0.212000",
      "s" : "sell",
      "i" : "USELESS_USD",
      "m" : "4611686018427404283"
    }, {
      "d" : "1756445096845127399",
      "t" : 1756445096845,
      "tn" : 1756445096845127399,
      "q" : "198",
      "p" : "0.212000",
      "s" : "sell",
      "i" : "USELESS_USD",
      "m" : "4611686018427404282"
    }, {
      "d" : "1756445096844934010",
      "t" : 1756445096844,
      "tn" : 1756445096844934010,
      "q" : "198",
      "p" : "0.212000",
      "s" : "sell",
      "i" : "USELESS_USD",
      "m" : "4611686018427404281"
    }, {
      "d" : "1756445096791490176",
      "t" : 1756445096791,
      "tn" : 1756445096791490176,
      "q" : "280",
      "p" : "0.212000",
      "s" : "sell",
      "i" : "USELESS_USD",
      "m" : "4611686018427404280"
    }, {
      "d" : "1756444955514134009",
      "t" : 1756444955514,
      "tn" : 1756444955514134009,
      "q" : "400",
      "p" : "0.212001",
      "s" : "sell",
      "i" : "USELESS_USD",
      "m" : "4611686018427404279"
    }, {
      "d" : "1756444955513748665",
      "t" : 1756444955513,
      "tn" : 1756444955513748665,
      "q" : "360",
      "p" : "0.212001",
      "s" : "sell",
      "i" : "USELESS_USD",
      "m" : "4611686018427404278"
    }, {
      "d" : "1756444955513428132",
      "t" : 1756444955513,
      "tn" : 1756444955513428132,
      "q" : "30",
      "p" : "0.212502",
      "s" : "sell",
      "i" : "USELESS_USD",
      "m" : "4611686018427404277"
    }, {
      "d" : "1756444937810224707",
      "t" : 1756444937810,
      "tn" : 1756444937810224707,
      "q" : "84",
      "p" : "0.212502",
      "s" : "sell",
      "i" : "USELESS_USD",
      "m" : "4611686018427404276"
    }, {
      "d" : "1756444937808755772",
      "t" : 1756444937808,
      "tn" : 1756444937808755772,
      "q" : "84",
      "p" : "0.212502",
      "s" : "sell",
      "i" : "USELESS_USD",
      "m" : "4611686018427404275"
    }, {
      "d" : "1756444937807505224",
      "t" : 1756444937807,
      "tn" : 1756444937807505223,
      "q" : "6",
      "p" : "0.212502",
      "s" : "sell",
      "i" : "USELESS_USD",
      "m" : "4611686018427404274"
    }, {
      "d" : "1756444937807505223",
      "t" : 1756444937807,
      "tn" : 1756444937807505223,
      "q" : "78",
      "p" : "0.212502",
      "s" : "sell",
      "i" : "USELESS_USD",
      "m" : "4611686018427404274"
    }, {
      "d" : "1756444903425594374",
      "t" : 1756444903425,
      "tn" : 1756444903425594373,
      "q" : "102",
      "p" : "0.212502",
      "s" : "sell",
      "i" : "USELESS_USD",
      "m" : "4611686018427404273"
    }, {
      "d" : "1756444903425594373",
      "t" : 1756444903425,
      "tn" : 1756444903425594373,
      "q" : "84",
      "p" : "0.212502",
      "s" : "sell",
      "i" : "USELESS_USD",
      "m" : "4611686018427404273"
    }, {
      "d" : "1756444903424658573",
      "t" : 1756444903424,
      "tn" : 1756444903424658573,
      "q" : "181",
      "p" : "0.212502",
      "s" : "sell",
      "i" : "USELESS_USD",
      "m" : "4611686018427404272"
    }, {
      "d" : "1756444903424656201",
      "t" : 1756444903424,
      "tn" : 1756444903424656201,
      "q" : "54",
      "p" : "0.212803",
      "s" : "sell",
      "i" : "USELESS_USD",
      "m" : "4611686018427404271"
    }, {
      "d" : "1756444875205372117",
      "t" : 1756444875205,
      "tn" : 1756444875205372117,
      "q" : "54",
      "p" : "0.214692",
      "s" : "sell",
      "i" : "USELESS_USD",
      "m" : "4611686018427404270"
    }, {
      "d" : "1756433821548127070",
      "t" : 1756433821548,
      "tn" : 1756433821548127070,
      "q" : "6",
      "p" : "0.216837",
      "s" : "buy",
      "i" : "USELESS_USD",
      "m" : "4611686018427404269"
    }, {
      "d" : "1756433821448711642",
      "t" : 1756433821448,
      "tn" : 1756433821448711642,
      "q" : "6",
      "p" : "0.216837",
      "s" : "buy",
      "i" : "USELESS_USD",
      "m" : "4611686018427404268"
    }, {
      "d" : "1756433821349143752",
      "t" : 1756433821349,
      "tn" : 1756433821349143752,
      "q" : "6",
      "p" : "0.216837",
      "s" : "buy",
      "i" : "USELESS_USD",
      "m" : "4611686018427404267"
    }, {
      "d" : "1756433821181093591",
      "t" : 1756433821181,
      "tn" : 1756433821181093591,
      "q" : "6",
      "p" : "0.216837",
      "s" : "buy",
      "i" : "USELESS_USD",
      "m" : "4611686018427404266"
    }, {
      "d" : "1756433821081547160",
      "t" : 1756433821081,
      "tn" : 1756433821081547160,
      "q" : "6",
      "p" : "0.216837",
      "s" : "buy",
      "i" : "USELESS_USD",
      "m" : "4611686018427404265"
    }, {
      "d" : "1756433820207286964",
      "t" : 1756433820207,
      "tn" : 1756433820207286964,
      "q" : "6",
      "p" : "0.216837",
      "s" : "buy",
      "i" : "USELESS_USD",
      "m" : "4611686018427404264"
    }, {
      "d" : "1756433820109709949",
      "t" : 1756433820109,
      "tn" : 1756433820109709949,
      "q" : "6",
      "p" : "0.216837",
      "s" : "buy",
      "i" : "USELESS_USD",
      "m" : "4611686018427404263"
    }, {
      "d" : "1756433819643761193",
      "t" : 1756433819643,
      "tn" : 1756433819643761193,
      "q" : "6",
      "p" : "0.216837",
      "s" : "buy",
      "i" : "USELESS_USD",
      "m" : "4611686018427404262"
    }, {
      "d" : "1756433819545134480",
      "t" : 1756433819545,
      "tn" : 1756433819545134480,
      "q" : "6",
      "p" : "0.216837",
      "s" : "buy",
      "i" : "USELESS_USD",
      "m" : "4611686018427404261"
    }, {
      "d" : "1756433819479608321",
      "t" : 1756433819479,
      "tn" : 1756433819479608321,
      "q" : "6",
      "p" : "0.216837",
      "s" : "buy",
      "i" : "USELESS_USD",
      "m" : "4611686018427404260"
    }, {
      "d" : "1756433819143713427",
      "t" : 1756433819143,
      "tn" : 1756433819143713427,
      "q" : "6",
      "p" : "0.216837",
      "s" : "buy",
      "i" : "USELESS_USD",
      "m" : "4611686018427404259"
    }, {
      "d" : "1756433818582059910",
      "t" : 1756433818582,
      "tn" : 1756433818582059910,
      "q" : "6",
      "p" : "0.216887",
      "s" : "buy",
      "i" : "USELESS_USD",
      "m" : "4611686018427404258"
    }, {
      "d" : "1756433818098553037",
      "t" : 1756433818098,
      "tn" : 1756433818098553037,
      "q" : "6",
      "p" : "0.216887",
      "s" : "buy",
      "i" : "USELESS_USD",
      "m" : "4611686018427404257"
    }, {
      "d" : "1756433817729968915",
      "t" : 1756433817729,
      "tn" : 1756433817729968915,
      "q" : "6",
      "p" : "0.216887",
      "s" : "buy",
      "i" : "USELESS_USD",
      "m" : "4611686018427404256"
    }, {
      "d" : "1756433817080600093",
      "t" : 1756433817080,
      "tn" : 1756433817080600093,
      "q" : "6",
      "p" : "0.216787",
      "s" : "buy",
      "i" : "USELESS_USD",
      "m" : "4611686018427404255"
    }, {
      "d" : "1756433816580876568",
      "t" : 1756433816580,
      "tn" : 1756433816580876568,
      "q" : "6",
      "p" : "0.216787",
      "s" : "buy",
      "i" : "USELESS_USD",
      "m" : "4611686018427404254"
    }, {
      "d" : "1756433816150075461",
      "t" : 1756433816150,
      "tn" : 1756433816150075461,
      "q" : "6",
      "p" : "0.216787",
      "s" : "buy",
      "i" : "USELESS_USD",
      "m" : "4611686018427404253"
    }, {
      "d" : "1756433815338295789",
      "t" : 1756433815338,
      "tn" : 1756433815338295789,
      "q" : "6",
      "p" : "0.216787",
      "s" : "buy",
      "i" : "USELESS_USD",
      "m" : "4611686018427404252"
    }, {
      "d" : "1756433814904595396",
      "t" : 1756433814904,
      "tn" : 1756433814904595396,
      "q" : "6",
      "p" : "0.216787",
      "s" : "buy",
      "i" : "USELESS_USD",
      "m" : "4611686018427404251"
    }, {
      "d" : "1756433813879778672",
      "t" : 1756433813879,
      "tn" : 1756433813879778672,
      "q" : "6",
      "p" : "0.216787",
      "s" : "buy",
      "i" : "USELESS_USD",
      "m" : "4611686018427404250"
    }, {
      "d" : "1756433813045734690",
      "t" : 1756433813045,
      "tn" : 1756433813045734690,
      "q" : "6",
      "p" : "0.216787",
      "s" : "buy",
      "i" : "USELESS_USD",
      "m" : "4611686018427404249"
    }, {
      "d" : "1756433812621055100",
      "t" : 1756433812621,
      "tn" : 1756433812621055100,
      "q" : "6",
      "p" : "0.216787",
      "s" : "buy",
      "i" : "USELESS_USD",
      "m" : "4611686018427404248"
    }, {
      "d" : "1756433812317796551",
      "t" : 1756433812317,
      "tn" : 1756433812317796551,
      "q" : "6",
      "p" : "0.216837",
      "s" : "buy",
      "i" : "USELESS_USD",
      "m" : "4611686018427404247"
    }, {
      "d" : "1756433812217444107",
      "t" : 1756433812217,
      "tn" : 1756433812217444107,
      "q" : "6",
      "p" : "0.216837",
      "s" : "buy",
      "i" : "USELESS_USD",
      "m" : "4611686018427404246"
    }, {
      "d" : "1756433811887523286",
      "t" : 1756433811887,
      "tn" : 1756433811887523286,
      "q" : "6",
      "p" : "0.217037",
      "s" : "buy",
      "i" : "USELESS_USD",
      "m" : "4611686018427404245"
    }, {
      "d" : "1756433810639751519",
      "t" : 1756433810639,
      "tn" : 1756433810639751519,
      "q" : "6",
      "p" : "0.217037",
      "s" : "buy",
      "i" : "USELESS_USD",
      "m" : "4611686018427404244"
    }, {
      "d" : "1756433810547983827",
      "t" : 1756433810547,
      "tn" : 1756433810547983827,
      "q" : "6",
      "p" : "0.217037",
      "s" : "buy",
      "i" : "USELESS_USD",
      "m" : "4611686018427404243"
    }, {
      "d" : "1756433810340621741",
      "t" : 1756433810340,
      "tn" : 1756433810340621741,
      "q" : "6",
      "p" : "0.217037",
      "s" : "buy",
      "i" : "USELESS_USD",
      "m" : "4611686018427404242"
    }, {
      "d" : "1756433673212544549",
      "t" : 1756433673212,
      "tn" : 1756433673212544549,
      "q" : "6",
      "p" : "0.217371",
      "s" : "sell",
      "i" : "USELESS_USD",
      "m" : "4611686018427404241"
    }, {
      "d" : "1756433673067261268",
      "t" : 1756433673067,
      "tn" : 1756433673067261268,
      "q" : "6",
      "p" : "0.217371",
      "s" : "sell",
      "i" : "USELESS_USD",
      "m" : "4611686018427404240"
    } ]
  }
}