{
  "id" : -1,
  "method" : "public/get-trades",
  "code" : 0,
  "result" : {
    "data" : [ {
      "d" : "1756444598779560044",
      "t" : 1756444598779,
      "tn" : 1756444598779560044,
      "q" : "10",
      "p" : "0.21467",
      "s" : "buy",
      "i" : "USELESSUSD-PERP",
      "m" : "4611686018427415849"
    }, {
      "d" : "1756430983692499195",
      "t" : 1756430983692,
      "tn" : 1756430983692499195,
      "q" : "10",
      "p" : "0.21526",
      "s" : "sell",
      "i" : "USELESSUSD-PERP",
      "m" : "4611686018427415848"
    }, {
      "d" : "1756429061282617517",
      "t" : 1756429061282,
      "tn" : 1756429061282617517,
      "q" : "10",
      "p" : "0.21748",
      "s" : "sell",
      "i" : "USELESSUSD-PERP",
      "m" : "4611686018427415847"
    }, {
      "d" : "1756429061282614929",
      "t" : 1756429061282,
      "tn" : 1756429061282614929,
      "q" : "10",
      "p" : "0.21766",
      "s" : "sell",
      "i" : "USELESSUSD-PERP",
      "m" : "4611686018427415846"
    }, {
      "d" : "1756423895633613120",
      "t" : 1756423895633,
      "tn" : 1756423895633613120,
      "q" : "10",
      "p" : "0.22288",
      "s" : "sell",
      "i" : "USELESSUSD-PERP",
      "m" : "4611686018427415845"
    }, {
      "d" : "1756414440313457315",
      "t" : 1756414440313,
      "tn" : 1756414440313457315,
      "q" : "10",
      "p" : "0.21418",
      "s" : "sell",
      "i" : "USELESSUSD-PERP",
      "m" : "4611686018427415844"
    }, {
      "d" : "1756414358918048399",
      "t" : 1756414358918,
      "tn" : 1756414358918048399,
      "q" : "10",
      "p" : "0.21348",
      "s" : "sell",
      "i" : "USELESSUSD-PERP",
      "m" : "4611686018427415843"
    }, {
      "d" : "1756413724926620832",
      "t" : 1756413724926,
      "tn" : 1756413724926620832,
      "q" : "10",
      "p" : "0.21644",
      "s" : "buy",
      "i" : "USELESSUSD-PERP",
      "m" : "4611686018427415842"
    }, {
      "d" : "1756413724926618393",
      "t" : 1756413724926,
      "tn" : 1756413724926618393,
      "q" : "10",
      "p" : "0.21619",
      "s" : "buy",
      "i" : "USELESSUSD-PERP",
      "m" : "4611686018427415841"
    }, {
      "d" : "1756399823665217522",
      "t" : 1756399823665,
      "tn" : 1756399823665217522,
      "q" : "10",
      "p" : "0.22199",
      "s" : "sell",
      "i" : "USELESSUSD-PERP",
      "m" : "4611686018427415840"
    }, {
      "d" : "1756399823665215413",
      "t" : 1756399823665,
      "tn" : 1756399823665215413,
      "q" : "10",
      "p" : "0.22220",
      "s" : "sell",
      "i" : "USELESSUSD-PERP",
      "m" : "4611686018427415839"
    }, {
      "d" : "1756395217155402221",
      "t" : 1756395217155,
      "tn" : 1756395217155402221,
      "q" : "10",
      "p" : "0.21934",
      "s" : "sell",
      "i" : "USELESSUSD-PERP",
      "m" : "4611686018427415838"
    }, {
      "d" : "1756395217155400592",
      "t" : 1756395217155,
      "tn" : 1756395217155400592,
      "q" : "10",
      "p" : "0.21948",
      "s" : "sell",
      "i" : "USELESSUSD-PERP",
      "m" : "4611686018427415837"
    }, {
      "d" : "1756393684125013456",
      "t" : 1756393684125,
      "tn" : 1756393684125013456,
      "q" : "10",
      "p" : "0.22145",
      "s" : "sell",
      "i" : "USELESSUSD-PERP",
      "m" : "4611686018427415836"
    }, {
      "d" : "1756393684125010643",
      "t" : 1756393684125,
      "tn" : 1756393684125010643,
      "q" : "10",
      "p" : "0.22154",
      "s" : "sell",
      "i" : "USELESSUSD-PERP",
      "m" : "4611686018427415835"
    } ]
  }
}