{
  "id" : -1,
  "method" : "public/get-trades",
  "code" : 0,
  "result" : {
    "data" : [ {
      "d" : "1756450022233205764",
      "t" : 1756450022233,
      "tn" : 1756450022233205764,
      "q" : "2330",
      "p" : "0.003984",
      "s" : "buy",
      "i" : "VARA_USD",
      "m" : "4611686018427826194"
    }, {
      "d" : "1756449078164813924",
      "t" : 1756449078164,
      "tn" : 1756449078164813924,
      "q" : "6010",
      "p" : "0.003913",
      "s" : "buy",
      "i" : "VARA_USD",
      "m" : "4611686018427826193"
    }, {
      "d" : "1756449077827178956",
      "t" : 1756449077827,
      "tn" : 1756449077827178956,
      "q" : "6010",
      "p" : "0.003911",
      "s" : "buy",
      "i" : "VARA_USD",
      "m" : "4611686018427826192"
    }, {
      "d" : "1756449077807440409",
      "t" : 1756449077807,
      "tn" : 1756449077807440409,
      "q" : "5920",
      "p" : "0.003929",
      "s" : "buy",
      "i" : "VARA_USD",
      "m" : "4611686018427826191"
    }, {
      "d" : "1756449077796562534",
      "t" : 1756449077796,
      "tn" : 1756449077796562534,
      "q" : "23880",
      "p" : "0.003929",
      "s" : "buy",
      "i" : "VARA_USD",
      "m" : "4611686018427826190"
    }, {
      "d" : "1756449077796561039",
      "t" : 1756449077796,
      "tn" : 1756449077796561039,
      "q" : "6120",
      "p" : "0.003910",
      "s" : "buy",
      "i" : "VARA_USD",
      "m" : "4611686018427826189"
    }, {
      "d" : "1756449077789014092",
      "t" : 1756449077789,
      "tn" : 1756449077789014092,
      "q" : "24180",
      "p" : "0.003929",
      "s" : "buy",
      "i" : "VARA_USD",
      "m" : "4611686018427826188"
    }, {
      "d" : "1756449077789012726",
      "t" : 1756449077789,
      "tn" : 1756449077789012726,
      "q" : "6120",
      "p" : "0.003909",
      "s" : "buy",
      "i" : "VARA_USD",
      "m" : "4611686018427826187"
    }, {
      "d" : "1756449077664451323",
      "t" : 1756449077664,
      "tn" : 1756449077664451322,
      "q" : "2740",
      "p" : "0.003968",
      "s" : "buy",
      "i" : "VARA_USD",
      "m" : "4611686018427826186"
    }, {
      "d" : "1756449077664451322",
      "t" : 1756449077664,
      "tn" : 1756449077664451322,
      "q" : "280",
      "p" : "0.003968",
      "s" : "buy",
      "i" : "VARA_USD",
      "m" : "4611686018427826186"
    }, {
      "d" : "1756449077664448373",
      "t" : 1756449077664,
      "tn" : 1756449077664448373,
      "q" : "2220",
      "p" : "0.003929",
      "s" : "buy",
      "i" : "VARA_USD",
      "m" : "4611686018427826185"
    }, {
      "d" : "1756449077664446843",
      "t" : 1756449077664,
      "tn" : 1756449077664446843,
      "q" : "6120",
      "p" : "0.003909",
      "s" : "buy",
      "i" : "VARA_USD",
      "m" : "4611686018427826184"
    }, {
      "d" : "1756449077608069983",
      "t" : 1756449077608,
      "tn" : 1756449077608069983,
      "q" : "27000",
      "p" : "0.003929",
      "s" : "buy",
      "i" : "VARA_USD",
      "m" : "4611686018427826183"
    }, {
      "d" : "1756449077607515930",
      "t" : 1756449077607,
      "tn" : 1756449077607515930,
      "q" : "30300",
      "p" : "0.003929",
      "s" : "buy",
      "i" : "VARA_USD",
      "m" : "4611686018427826182"
    }, {
      "d" : "1756449077600123617",
      "t" : 1756449077600,
      "tn" : 1756449077600123617,
      "q" : "1700",
      "p" : "0.003929",
      "s" : "buy",
      "i" : "VARA_USD",
      "m" : "4611686018427826181"
    }, {
      "d" : "1756449077590319070",
      "t" : 1756449077590,
      "tn" : 1756449077590319070,
      "q" : "16340",
      "p" : "0.003938",
      "s" : "buy",
      "i" : "VARA_USD",
      "m" : "4611686018427826180"
    }, {
      "d" : "1756449077528731139",
      "t" : 1756449077528,
      "tn" : 1756449077528731139,
      "q" : "10160",
      "p" : "0.003938",
      "s" : "buy",
      "i" : "VARA_USD",
      "m" : "4611686018427826179"
    }, {
      "d" : "1756449077514220986",
      "t" : 1756449077514,
      "tn" : 1756449077514220986,
      "q" : "10540",
      "p" : "0.003938",
      "s" : "buy",
      "i" : "VARA_USD",
      "m" : "4611686018427826178"
    }, {
      "d" : "1756449077514220493",
      "t" : 1756449077514,
      "tn" : 1756449077514220493,
      "q" : "6120",
      "p" : "0.003921",
      "s" : "buy",
      "i" : "VARA_USD",
      "m" : "4611686018427826177"
    }, {
      "d" : "1756449077503098121",
      "t" : 1756449077503,
      "tn" : 1756449077503098121,
      "q" : "24180",
      "p" : "0.003938",
      "s" : "buy",
      "i" : "VARA_USD",
      "m" : "4611686018427826176"
    }, {
      "d" : "1756449077503095596",
      "t" : 1756449077503,
      "tn" : 1756449077503095596,
      "q" : "6120",
      "p" : "0.003921",
      "s" : "buy",
      "i" : "VARA_USD",
      "m" : "4611686018427826175"
    }, {
      "d" : "1756449076626455154",
      "t" : 1756449076626,
      "tn" : 1756449076626455154,
      "q" : "5280",
      "p" : "0.003963",
      "s" : "buy",
      "i" : "VARA_USD",
      "m" : "4611686018427826174"
    }, {
      "d" : "1756449076626453412",
      "t" : 1756449076626,
      "tn" : 1756449076626453412,
      "q" : "280",
      "p" : "0.003960",
      "s" : "buy",
      "i" : "VARA_USD",
      "m" : "4611686018427826173"
    }, {
      "d" : "1756449076626451162",
      "t" : 1756449076626,
      "tn" : 1756449076626451162,
      "q" : "280",
      "p" : "0.003956",
      "s" : "buy",
      "i" : "VARA_USD",
      "m" : "4611686018427826172"
    }, {
      "d" : "1756449076626448616",
      "t" : 1756449076626,
      "tn" : 1756449076626448616,
      "q" : "280",
      "p" : "0.003952",
      "s" : "buy",
      "i" : "VARA_USD",
      "m" : "4611686018427826171"
    }, {
      "d" : "1756449076626446447",
      "t" : 1756449076626,
      "tn" : 1756449076626446447,
      "q" : "280",
      "p" : "0.003948",
      "s" : "buy",
      "i" : "VARA_USD",
      "m" : "4611686018427826170"
    }, {
      "d" : "1756449076626443945",
      "t" : 1756449076626,
      "tn" : 1756449076626443945,
      "q" : "280",
      "p" : "0.003944",
      "s" : "buy",
      "i" : "VARA_USD",
      "m" : "4611686018427826169"
    }, {
      "d" : "1756449076626441807",
      "t" : 1756449076626,
      "tn" : 1756449076626441807,
      "q" : "280",
      "p" : "0.003940",
      "s" : "buy",
      "i" : "VARA_USD",
      "m" : "4611686018427826168"
    }, {
      "d" : "1756449076626439471",
      "t" : 1756449076626,
      "tn" : 1756449076626439471,
      "q" : "280",
      "p" : "0.003936",
      "s" : "buy",
      "i" : "VARA_USD",
      "m" : "4611686018427826167"
    }, {
      "d" : "1756449076567294292",
      "t" : 1756449076567,
      "tn" : 1756449076567294292,
      "q" : "6120",
      "p" : "0.003933",
      "s" : "buy",
      "i" : "VARA_USD",
      "m" : "4611686018427826166"
    }, {
      "d" : "1756449076567291092",
      "t" : 1756449076567,
      "tn" : 1756449076567291092,
      "q" : "280",
      "p" : "0.003932",
      "s" : "buy",
      "i" : "VARA_USD",
      "m" : "4611686018427826165"
    }, {
      "d" : "1756449076567288699",
      "t" : 1756449076567,
      "tn" : 1756449076567288699,
      "q" : "290",
      "p" : "0.003928",
      "s" : "buy",
      "i" : "VARA_USD",
      "m" : "4611686018427826164"
    }, {
      "d" : "1756449076567286454",
      "t" : 1756449076567,
      "tn" : 1756449076567286454,
      "q" : "290",
      "p" : "0.003924",
      "s" : "buy",
      "i" : "VARA_USD",
      "m" : "4611686018427826163"
    }, {
      "d" : "1756449076567283713",
      "t" : 1756449076567,
      "tn" : 1756449076567283713,
      "q" : "290",
      "p" : "0.003920",
      "s" : "buy",
      "i" : "VARA_USD",
      "m" : "4611686018427826162"
    }, {
      "d" : "1756448065862647376",
      "t" : 1756448065862,
      "tn" : 1756448065862647376,
      "q" : "5110",
      "p" : "0.003912",
      "s" : "buy",
      "i" : "VARA_USD",
      "m" : "4611686018427826161"
    }, {
      "d" : "1756448062635621604",
      "t" : 1756448062635,
      "tn" : 1756448062635621604,
      "q" : "5120",
      "p" : "0.003910",
      "s" : "buy",
      "i" : "VARA_USD",
      "m" : "4611686018427826160"
    }, {
      "d" : "1756448062595581041",
      "t" : 1756448062595,
      "tn" : 1756448062595581041,
      "q" : "5120",
      "p" : "0.003909",
      "s" : "buy",
      "i" : "VARA_USD",
      "m" : "4611686018427826159"
    }, {
      "d" : "1756448062555265120",
      "t" : 1756448062555,
      "tn" : 1756448062555265120,
      "q" : "5110",
      "p" : "0.003912",
      "s" : "buy",
      "i" : "VARA_USD",
      "m" : "4611686018427826158"
    }, {
      "d" : "1756448062514155957",
      "t" : 1756448062514,
      "tn" : 1756448062514155957,
      "q" : "5120",
      "p" : "0.003907",
      "s" : "buy",
      "i" : "VARA_USD",
      "m" : "4611686018427826157"
    }, {
      "d" : "1756448062481497705",
      "t" : 1756448062481,
      "tn" : 1756448062481497705,
      "q" : "5110",
      "p" : "0.003912",
      "s" : "buy",
      "i" : "VARA_USD",
      "m" : "4611686018427826156"
    }, {
      "d" : "1756448062441253122",
      "t" : 1756448062441,
      "tn" : 1756448062441253122,
      "q" : "5120",
      "p" : "0.003908",
      "s" : "buy",
      "i" : "VARA_USD",
      "m" : "4611686018427826155"
    }, {
      "d" : "1756448062391142892",
      "t" : 1756448062391,
      "tn" : 1756448062391142892,
      "q" : "5120",
      "p" : "0.003910",
      "s" : "buy",
      "i" : "VARA_USD",
      "m" : "4611686018427826154"
    }, {
      "d" : "1756448062310940480",
      "t" : 1756448062310,
      "tn" : 1756448062310940480,
      "q" : "5120",
      "p" : "0.003908",
      "s" : "buy",
      "i" : "VARA_USD",
      "m" : "4611686018427826153"
    }, {
      "d" : "1756448059983008004",
      "t" : 1756448059983,
      "tn" : 1756448059983008003,
      "q" : "6100",
      "p" : "0.003912",
      "s" : "buy",
      "i" : "VARA_USD",
      "m" : "4611686018427826152"
    }, {
      "d" : "1756448059983008003",
      "t" : 1756448059983,
      "tn" : 1756448059983008003,
      "q" : "290",
      "p" : "0.003912",
      "s" : "buy",
      "i" : "VARA_USD",
      "m" : "4611686018427826152"
    }, {
      "d" : "1756445285677593236",
      "t" : 1756445285677,
      "tn" : 1756445285677593236,
      "q" : "290",
      "p" : "0.003896",
      "s" : "sell",
      "i" : "VARA_USD",
      "m" : "4611686018427826151"
    }, {
      "d" : "1756445285677589474",
      "t" : 1756445285677,
      "tn" : 1756445285677589474,
      "q" : "6140",
      "p" : "0.003899",
      "s" : "sell",
      "i" : "VARA_USD",
      "m" : "4611686018427826150"
    }, {
      "d" : "1756445285677588105",
      "t" : 1756445285677,
      "tn" : 1756445285677588105,
      "q" : "290",
      "p" : "0.003900",
      "s" : "sell",
      "i" : "VARA_USD",
      "m" : "4611686018427826149"
    }, {
      "d" : "1756445285677585978",
      "t" : 1756445285677,
      "tn" : 1756445285677585978,
      "q" : "290",
      "p" : "0.003904",
      "s" : "sell",
      "i" : "VARA_USD",
      "m" : "4611686018427826148"
    }, {
      "d" : "1756445285677583060",
      "t" : 1756445285677,
      "tn" : 1756445285677583060,
      "q" : "290",
      "p" : "0.003908",
      "s" : "sell",
      "i" : "VARA_USD",
      "m" : "4611686018427826147"
    }, {
      "d" : "1756445266662655537",
      "t" : 1756445266662,
      "tn" : 1756445266662655537,
      "q" : "5120",
      "p" : "0.003909",
      "s" : "sell",
      "i" : "VARA_USD",
      "m" : "4611686018427826146"
    }, {
      "d" : "1756445261095888731",
      "t" : 1756445261095,
      "tn" : 1756445261095888731,
      "q" : "5120",
      "p" : "0.003909",
      "s" : "sell",
      "i" : "VARA_USD",
      "m" : "4611686018427826145"
    }, {
      "d" : "1756445261065912579",
      "t" : 1756445261065,
      "tn" : 1756445261065912579,
      "q" : "5110",
      "p" : "0.003911",
      "s" : "sell",
      "i" : "VARA_USD",
      "m" : "4611686018427826144"
    }, {
      "d" : "1756445260985536464",
      "t" : 1756445260985,
      "tn" : 1756445260985536464,
      "q" : "5120",
      "p" : "0.003909",
      "s" : "sell",
      "i" : "VARA_USD",
      "m" : "4611686018427826143"
    }, {
      "d" : "1756445260902221230",
      "t" : 1756445260902,
      "tn" : 1756445260902221230,
      "q" : "5110",
      "p" : "0.003911",
      "s" : "sell",
      "i" : "VARA_USD",
      "m" : "4611686018427826142"
    }, {
      "d" : "1756445257954381331",
      "t" : 1756445257954,
      "tn" : 1756445257954381331,
      "q" : "5110",
      "p" : "0.003913",
      "s" : "sell",
      "i" : "VARA_USD",
      "m" : "4611686018427826141"
    }, {
      "d" : "1756445257569155595",
      "t" : 1756445257569,
      "tn" : 1756445257569155595,
      "q" : "5110",
      "p" : "0.003915",
      "s" : "sell",
      "i" : "VARA_USD",
      "m" : "4611686018427826140"
    }, {
      "d" : "1756445257498888732",
      "t" : 1756445257498,
      "tn" : 1756445257498888732,
      "q" : "5110",
      "p" : "0.003912",
      "s" : "sell",
      "i" : "VARA_USD",
      "m" : "4611686018427826139"
    }, {
      "d" : "1756445257458826335",
      "t" : 1756445257458,
      "tn" : 1756445257458826335,
      "q" : "5120",
      "p" : "0.003910",
      "s" : "sell",
      "i" : "VARA_USD",
      "m" : "4611686018427826138"
    }, {
      "d" : "1756445257428645511",
      "t" : 1756445257428,
      "tn" : 1756445257428645511,
      "q" : "5110",
      "p" : "0.003912",
      "s" : "sell",
      "i" : "VARA_USD",
      "m" : "4611686018427826137"
    }, {
      "d" : "1756445257398455674",
      "t" : 1756445257398,
      "tn" : 1756445257398455674,
      "q" : "5120",
      "p" : "0.003910",
      "s" : "sell",
      "i" : "VARA_USD",
      "m" : "4611686018427826136"
    }, {
      "d" : "1756445257338176657",
      "t" : 1756445257338,
      "tn" : 1756445257338176657,
      "q" : "5110",
      "p" : "0.003912",
      "s" : "sell",
      "i" : "VARA_USD",
      "m" : "4611686018427826135"
    }, {
      "d" : "1756445257302780576",
      "t" : 1756445257302,
      "tn" : 1756445257302780576,
      "q" : "5110",
      "p" : "0.003916",
      "s" : "sell",
      "i" : "VARA_USD",
      "m" : "4611686018427826134"
    }, {
      "d" : "1756445254563665983",
      "t" : 1756445254563,
      "tn" : 1756445254563665983,
      "q" : "5120",
      "p" : "0.003909",
      "s" : "sell",
      "i" : "VARA_USD",
      "m" : "4611686018427826133"
    }, {
      "d" : "1756445254478456225",
      "t" : 1756445254478,
      "tn" : 1756445254478456225,
      "q" : "5110",
      "p" : "0.003911",
      "s" : "sell",
      "i" : "VARA_USD",
      "m" : "4611686018427826132"
    }, {
      "d" : "1756445254408183537",
      "t" : 1756445254408,
      "tn" : 1756445254408183537,
      "q" : "5110",
      "p" : "0.003911",
      "s" : "sell",
      "i" : "VARA_USD",
      "m" : "4611686018427826131"
    }, {
      "d" : "1756445253785562661",
      "t" : 1756445253785,
      "tn" : 1756445253785562661,
      "q" : "5120",
      "p" : "0.003910",
      "s" : "sell",
      "i" : "VARA_USD",
      "m" : "4611686018427826130"
    }, {
      "d" : "1756445253742866835",
      "t" : 1756445253742,
      "tn" : 1756445253742866835,
      "q" : "5120",
      "p" : "0.003909",
      "s" : "sell",
      "i" : "VARA_USD",
      "m" : "4611686018427826129"
    }, {
      "d" : "1756445253705447142",
      "t" : 1756445253705,
      "tn" : 1756445253705447142,
      "q" : "5110",
      "p" : "0.003911",
      "s" : "sell",
      "i" : "VARA_USD",
      "m" : "4611686018427826128"
    }, {
      "d" : "1756445247111942224",
      "t" : 1756445247111,
      "tn" : 1756445247111942224,
      "q" : "5120",
      "p" : "0.003909",
      "s" : "sell",
      "i" : "VARA_USD",
      "m" : "4611686018427826127"
    }, {
      "d" : "1756445247031417113",
      "t" : 1756445247031,
      "tn" : 1756445247031417113,
      "q" : "5120",
      "p" : "0.003909",
      "s" : "sell",
      "i" : "VARA_USD",
      "m" : "4611686018427826126"
    }, {
      "d" : "1756445246891211719",
      "t" : 1756445246891,
      "tn" : 1756445246891211719,
      "q" : "5110",
      "p" : "0.003914",
      "s" : "sell",
      "i" : "VARA_USD",
      "m" : "4611686018427826125"
    }, {
      "d" : "1756445236301433674",
      "t" : 1756445236301,
      "tn" : 1756445236301433674,
      "q" : "5120",
      "p" : "0.003909",
      "s" : "sell",
      "i" : "VARA_USD",
      "m" : "4611686018427826124"
    }, {
      "d" : "1756445230879904076",
      "t" : 1756445230879,
      "tn" : 1756445230879904076,
      "q" : "5120",
      "p" : "0.003909",
      "s" : "sell",
      "i" : "VARA_USD",
      "m" : "4611686018427826123"
    }, {
      "d" : "1756445206998872909",
      "t" : 1756445206998,
      "tn" : 1756445206998872909,
      "q" : "5120",
      "p" : "0.003909",
      "s" : "sell",
      "i" : "VARA_USD",
      "m" : "4611686018427826122"
    }, {
      "d" : "1756445206918903744",
      "t" : 1756445206918,
      "tn" : 1756445206918903744,
      "q" : "5120",
      "p" : "0.003909",
      "s" : "sell",
      "i" : "VARA_USD",
      "m" : "4611686018427826121"
    }, {
      "d" : "1756445166636521624",
      "t" : 1756445166636,
      "tn" : 1756445166636521624,
      "q" : "5120",
      "p" : "0.003910",
      "s" : "sell",
      "i" : "VARA_USD",
      "m" : "4611686018427826120"
    }, {
      "d" : "1756445166322433476",
      "t" : 1756445166322,
      "tn" : 1756445166322433476,
      "q" : "5110",
      "p" : "0.003912",
      "s" : "sell",
      "i" : "VARA_USD",
      "m" : "4611686018427826119"
    }, {
      "d" : "1756445158902957789",
      "t" : 1756445158902,
      "tn" : 1756445158902957789,
      "q" : "5110",
      "p" : "0.003916",
      "s" : "sell",
      "i" : "VARA_USD",
      "m" : "4611686018427826118"
    }, {
      "d" : "1756445156909130830",
      "t" : 1756445156909,
      "tn" : 1756445156909130830,
      "q" : "5110",
      "p" : "0.003913",
      "s" : "sell",
      "i" : "VARA_USD",
      "m" : "4611686018427826117"
    }, {
      "d" : "1756445156869115997",
      "t" : 1756445156869,
      "tn" : 1756445156869115997,
      "q" : "5110",
      "p" : "0.003911",
      "s" : "sell",
      "i" : "VARA_USD",
      "m" : "4611686018427826116"
    }, {
      "d" : "1756445156126156573",
      "t" : 1756445156126,
      "tn" : 1756445156126156573,
      "q" : "5110",
      "p" : "0.003911",
      "s" : "sell",
      "i" : "VARA_USD",
      "m" : "4611686018427826115"
    }, {
      "d" : "1756445156096244011",
      "t" : 1756445156096,
      "tn" : 1756445156096244011,
      "q" : "5110",
      "p" : "0.003913",
      "s" : "sell",
      "i" : "VARA_USD",
      "m" : "4611686018427826114"
    }, {
      "d" : "1756445155523094775",
      "t" : 1756445155523,
      "tn" : 1756445155523094775,
      "q" : "5120",
      "p" : "0.003910",
      "s" : "sell",
      "i" : "VARA_USD",
      "m" : "4611686018427826113"
    }, {
      "d" : "1756445154078795925",
      "t" : 1756445154078,
      "tn" : 1756445154078795925,
      "q" : "5120",
      "p" : "0.003909",
      "s" : "sell",
      "i" : "VARA_USD",
      "m" : "4611686018427826112"
    }, {
      "d" : "1756445148588827037",
      "t" : 1756445148588,
      "tn" : 1756445148588827037,
      "q" : "5120",
      "p" : "0.003910",
      "s" : "sell",
      "i" : "VARA_USD",
      "m" : "4611686018427826111"
    }, {
      "d" : "1756445148447768332",
      "t" : 1756445148447,
      "tn" : 1756445148447768332,
      "q" : "5120",
      "p" : "0.003910",
      "s" : "sell",
      "i" : "VARA_USD",
      "m" : "4611686018427826110"
    }, {
      "d" : "1756445148287489969",
      "t" : 1756445148287,
      "tn" : 1756445148287489969,
      "q" : "5120",
      "p" : "0.003909",
      "s" : "sell",
      "i" : "VARA_USD",
      "m" : "4611686018427826109"
    }, {
      "d" : "1756445148227138101",
      "t" : 1756445148227,
      "tn" : 1756445148227138101,
      "q" : "5120",
      "p" : "0.003909",
      "s" : "sell",
      "i" : "VARA_USD",
      "m" : "4611686018427826108"
    }, {
      "d" : "1756445148166865654",
      "t" : 1756445148166,
      "tn" : 1756445148166865654,
      "q" : "5110",
      "p" : "0.003911",
      "s" : "sell",
      "i" : "VARA_USD",
      "m" : "4611686018427826107"
    }, {
      "d" : "1756445148086700953",
      "t" : 1756445148086,
      "tn" : 1756445148086700953,
      "q" : "5120",
      "p" : "0.003910",
      "s" : "sell",
      "i" : "VARA_USD",
      "m" : "4611686018427826106"
    }, {
      "d" : "1756445147966251512",
      "t" : 1756445147966,
      "tn" : 1756445147966251512,
      "q" : "5120",
      "p" : "0.003910",
      "s" : "sell",
      "i" : "VARA_USD",
      "m" : "4611686018427826105"
    }, {
      "d" : "1756445147875946101",
      "t" : 1756445147875,
      "tn" : 1756445147875946101,
      "q" : "5120",
      "p" : "0.003909",
      "s" : "sell",
      "i" : "VARA_USD",
      "m" : "4611686018427826104"
    }, {
      "d" : "1756445147855230524",
      "t" : 1756445147855,
      "tn" : 1756445147855230524,
      "q" : "5110",
      "p" : "0.003911",
      "s" : "sell",
      "i" : "VARA_USD",
      "m" : "4611686018427826103"
    }, {
      "d" : "1756445147715078056",
      "t" : 1756445147715,
      "tn" : 1756445147715078056,
      "q" : "5120",
      "p" : "0.003910",
      "s" : "sell",
      "i" : "VARA_USD",
      "m" : "4611686018427826102"
    }, {
      "d" : "1756445147655041388",
      "t" : 1756445147655,
      "tn" : 1756445147655041388,
      "q" : "5110",
      "p" : "0.003911",
      "s" : "sell",
      "i" : "VARA_USD",
      "m" : "4611686018427826101"
    }, {
      "d" : "1756445147542360966",
      "t" : 1756445147542,
      "tn" : 1756445147542360966,
      "q" : "5110",
      "p" : "0.003912",
      "s" : "sell",
      "i" : "VARA_USD",
      "m" : "4611686018427826100"
    }, {
      "d" : "1756445145325752791",
      "t" : 1756445145325,
      "tn" : 1756445145325752791,
      "q" : "5110",
      "p" : "0.003914",
      "s" : "sell",
      "i" : "VARA_USD",
      "m" : "4611686018427826099"
    }, {
      "d" : "1756445141542255104",
      "t" : 1756445141542,
      "tn" : 1756445141542255104,
      "q" : "5110",
      "p" : "0.003916",
      "s" : "sell",
      "i" : "VARA_USD",
      "m" : "4611686018427826098"
    }, {
      "d" : "1756445133459658838",
      "t" : 1756445133459,
      "tn" : 1756445133459658838,
      "q" : "5100",
      "p" : "0.003918",
      "s" : "sell",
      "i" : "VARA_USD",
      "m" : "4611686018427826097"
    }, {
      "d" : "1756445133352805545",
      "t" : 1756445133352,
      "tn" : 1756445133352805545,
      "q" : "5100",
      "p" : "0.003919",
      "s" : "sell",
      "i" : "VARA_USD",
      "m" : "4611686018427826096"
    }, {
      "d" : "1756445132062245934",
      "t" : 1756445132062,
      "tn" : 1756445132062245934,
      "q" : "5110",
      "p" : "0.003916",
      "s" : "sell",
      "i" : "VARA_USD",
      "m" : "4611686018427826095"
    }, {
      "d" : "1756445131963964889",
      "t" : 1756445131963,
      "tn" : 1756445131963964889,
      "q" : "5110",
      "p" : "0.003917",
      "s" : "sell",
      "i" : "VARA_USD",
      "m" : "4611686018427826094"
    }, {
      "d" : "1756445131943488166",
      "t" : 1756445131943,
      "tn" : 1756445131943488166,
      "q" : "5110",
      "p" : "0.003917",
      "s" : "sell",
      "i" : "VARA_USD",
      "m" : "4611686018427826093"
    }, {
      "d" : "1756445131923474865",
      "t" : 1756445131923,
      "tn" : 1756445131923474865,
      "q" : "5110",
      "p" : "0.003917",
      "s" : "sell",
      "i" : "VARA_USD",
      "m" : "4611686018427826092"
    }, {
      "d" : "1756445130365670811",
      "t" : 1756445130365,
      "tn" : 1756445130365670811,
      "q" : "5110",
      "p" : "0.003914",
      "s" : "sell",
      "i" : "VARA_USD",
      "m" : "4611686018427826091"
    }, {
      "d" : "1756445129002612650",
      "t" : 1756445129002,
      "tn" : 1756445129002612650,
      "q" : "5110",
      "p" : "0.003911",
      "s" : "sell",
      "i" : "VARA_USD",
      "m" : "4611686018427826090"
    }, {
      "d" : "1756445124862867088",
      "t" : 1756445124862,
      "tn" : 1756445124862867088,
      "q" : "1650",
      "p" : "0.003932",
      "s" : "buy",
      "i" : "VARA_USD",
      "m" : "4611686018427826089"
    }, {
      "d" : "1756445124862865336",
      "t" : 1756445124862,
      "tn" : 1756445124862865336,
      "q" : "6150",
      "p" : "0.003904",
      "s" : "buy",
      "i" : "VARA_USD",
      "m" : "4611686018427826088"
    }, {
      "d" : "1756445124381825967",
      "t" : 1756445124381,
      "tn" : 1756445124381825967,
      "q" : "290",
      "p" : "0.003892",
      "s" : "sell",
      "i" : "VARA_USD",
      "m" : "4611686018427826087"
    }, {
      "d" : "1756445124381823756",
      "t" : 1756445124381,
      "tn" : 1756445124381823756,
      "q" : "18700",
      "p" : "0.003893",
      "s" : "sell",
      "i" : "VARA_USD",
      "m" : "4611686018427826086"
    }, {
      "d" : "1756445124381821272",
      "t" : 1756445124381,
      "tn" : 1756445124381821272,
      "q" : "6150",
      "p" : "0.003894",
      "s" : "sell",
      "i" : "VARA_USD",
      "m" : "4611686018427826085"
    }, {
      "d" : "1756445124381819245",
      "t" : 1756445124381,
      "tn" : 1756445124381819245,
      "q" : "290",
      "p" : "0.003896",
      "s" : "sell",
      "i" : "VARA_USD",
      "m" : "4611686018427826084"
    }, {
      "d" : "1756445124381816653",
      "t" : 1756445124381,
      "tn" : 1756445124381816653,
      "q" : "290",
      "p" : "0.003900",
      "s" : "sell",
      "i" : "VARA_USD",
      "m" : "4611686018427826083"
    }, {
      "d" : "1756445124152047873",
      "t" : 1756445124152,
      "tn" : 1756445124152047873,
      "q" : "43850",
      "p" : "0.003923",
      "s" : "buy",
      "i" : "VARA_USD",
      "m" : "4611686018427826082"
    }, {
      "d" : "1756445124152046282",
      "t" : 1756445124152,
      "tn" : 1756445124152046282,
      "q" : "6150",
      "p" : "0.003903",
      "s" : "buy",
      "i" : "VARA_USD",
      "m" : "4611686018427826081"
    }, {
      "d" : "1756445124062105904",
      "t" : 1756445124062,
      "tn" : 1756445124062105904,
      "q" : "3050",
      "p" : "0.003923",
      "s" : "buy",
      "i" : "VARA_USD",
      "m" : "4611686018427826080"
    }, {
      "d" : "1756445124062104163",
      "t" : 1756445124062,
      "tn" : 1756445124062104163,
      "q" : "6150",
      "p" : "0.003903",
      "s" : "buy",
      "i" : "VARA_USD",
      "m" : "4611686018427826079"
    }, {
      "d" : "1756445123883644721",
      "t" : 1756445123883,
      "tn" : 1756445123883644721,
      "q" : "5250",
      "p" : "0.003938",
      "s" : "buy",
      "i" : "VARA_USD",
      "m" : "4611686018427826078"
    }, {
      "d" : "1756445123883642929",
      "t" : 1756445123883,
      "tn" : 1756445123883642929,
      "q" : "280",
      "p" : "0.003936",
      "s" : "buy",
      "i" : "VARA_USD",
      "m" : "4611686018427826077"
    }, {
      "d" : "1756445123883640746",
      "t" : 1756445123883,
      "tn" : 1756445123883640746,
      "q" : "280",
      "p" : "0.003932",
      "s" : "buy",
      "i" : "VARA_USD",
      "m" : "4611686018427826076"
    }, {
      "d" : "1756445123883637910",
      "t" : 1756445123883,
      "tn" : 1756445123883637910,
      "q" : "290",
      "p" : "0.003928",
      "s" : "buy",
      "i" : "VARA_USD",
      "m" : "4611686018427826075"
    }, {
      "d" : "1756445123883635210",
      "t" : 1756445123883,
      "tn" : 1756445123883635210,
      "q" : "33790",
      "p" : "0.003924",
      "s" : "buy",
      "i" : "VARA_USD",
      "m" : "4611686018427826074"
    }, {
      "d" : "1756445123883633508",
      "t" : 1756445123883,
      "tn" : 1756445123883633508,
      "q" : "6150",
      "p" : "0.003903",
      "s" : "buy",
      "i" : "VARA_USD",
      "m" : "4611686018427826073"
    }, {
      "d" : "1756445123862175469",
      "t" : 1756445123862,
      "tn" : 1756445123862175468,
      "q" : "27760",
      "p" : "0.003924",
      "s" : "buy",
      "i" : "VARA_USD",
      "m" : "4611686018427826072"
    }, {
      "d" : "1756445123862175468",
      "t" : 1756445123862,
      "tn" : 1756445123862175468,
      "q" : "290",
      "p" : "0.003924",
      "s" : "buy",
      "i" : "VARA_USD",
      "m" : "4611686018427826072"
    }, {
      "d" : "1756445123862172518",
      "t" : 1756445123862,
      "tn" : 1756445123862172518,
      "q" : "290",
      "p" : "0.003912",
      "s" : "buy",
      "i" : "VARA_USD",
      "m" : "4611686018427826071"
    }, {
      "d" : "1756445123819382821",
      "t" : 1756445123819,
      "tn" : 1756445123819382820,
      "q" : "23960",
      "p" : "0.003920",
      "s" : "buy",
      "i" : "VARA_USD",
      "m" : "4611686018427826070"
    }, {
      "d" : "1756445123819382820",
      "t" : 1756445123819,
      "tn" : 1756445123819382820,
      "q" : "290",
      "p" : "0.003920",
      "s" : "buy",
      "i" : "VARA_USD",
      "m" : "4611686018427826070"
    }, {
      "d" : "1756445123819379806",
      "t" : 1756445123819,
      "tn" : 1756445123819379806,
      "q" : "290",
      "p" : "0.003916",
      "s" : "buy",
      "i" : "VARA_USD",
      "m" : "4611686018427826069"
    }, {
      "d" : "1756445123819377037",
      "t" : 1756445123819,
      "tn" : 1756445123819377037,
      "q" : "290",
      "p" : "0.003912",
      "s" : "buy",
      "i" : "VARA_USD",
      "m" : "4611686018427826068"
    }, {
      "d" : "1756445123819373991",
      "t" : 1756445123819,
      "tn" : 1756445123819373991,
      "q" : "6150",
      "p" : "0.003901",
      "s" : "buy",
      "i" : "VARA_USD",
      "m" : "4611686018427826067"
    }, {
      "d" : "1756444052205600887",
      "t" : 1756444052205,
      "tn" : 1756444052205600887,
      "q" : "5120",
      "p" : "0.003908",
      "s" : "sell",
      "i" : "VARA_USD",
      "m" : "4611686018427826066"
    }, {
      "d" : "1756444049736237482",
      "t" : 1756444049736,
      "tn" : 1756444049736237482,
      "q" : "5120",
      "p" : "0.003909",
      "s" : "sell",
      "i" : "VARA_USD",
      "m" : "4611686018427826065"
    }, {
      "d" : "1756444049676065862",
      "t" : 1756444049676,
      "tn" : 1756444049676065862,
      "q" : "5120",
      "p" : "0.003908",
      "s" : "sell",
      "i" : "VARA_USD",
      "m" : "4611686018427826064"
    }, {
      "d" : "1756444049615978617",
      "t" : 1756444049615,
      "tn" : 1756444049615978617,
      "q" : "5120",
      "p" : "0.003908",
      "s" : "sell",
      "i" : "VARA_USD",
      "m" : "4611686018427826063"
    }, {
      "d" : "1756444049575865140",
      "t" : 1756444049575,
      "tn" : 1756444049575865140,
      "q" : "5120",
      "p" : "0.003910",
      "s" : "sell",
      "i" : "VARA_USD",
      "m" : "4611686018427826062"
    }, {
      "d" : "1756444049516062076",
      "t" : 1756444049516,
      "tn" : 1756444049516062076,
      "q" : "5120",
      "p" : "0.003910",
      "s" : "sell",
      "i" : "VARA_USD",
      "m" : "4611686018427826061"
    }, {
      "d" : "1756444047176413130",
      "t" : 1756444047176,
      "tn" : 1756444047176413130,
      "q" : "5120",
      "p" : "0.003908",
      "s" : "sell",
      "i" : "VARA_USD",
      "m" : "4611686018427826060"
    }, {
      "d" : "1756444025386708598",
      "t" : 1756444025386,
      "tn" : 1756444025386708598,
      "q" : "5120",
      "p" : "0.003908",
      "s" : "sell",
      "i" : "VARA_USD",
      "m" : "4611686018427826059"
    }, {
      "d" : "1756444025316284065",
      "t" : 1756444025316,
      "tn" : 1756444025316284065,
      "q" : "5120",
      "p" : "0.003909",
      "s" : "sell",
      "i" : "VARA_USD",
      "m" : "4611686018427826058"
    }, {
      "d" : "1756444008745742171",
      "t" : 1756444008745,
      "tn" : 1756444008745742171,
      "q" : "5120",
      "p" : "0.003908",
      "s" : "sell",
      "i" : "VARA_USD",
      "m" : "4611686018427826057"
    }, {
      "d" : "1756444008685675589",
      "t" : 1756444008685,
      "tn" : 1756444008685675589,
      "q" : "5120",
      "p" : "0.003908",
      "s" : "sell",
      "i" : "VARA_USD",
      "m" : "4611686018427826056"
    }, {
      "d" : "1756444008655578441",
      "t" : 1756444008655,
      "tn" : 1756444008655578441,
      "q" : "5120",
      "p" : "0.003910",
      "s" : "sell",
      "i" : "VARA_USD",
      "m" : "4611686018427826055"
    }, {
      "d" : "1756444008595498043",
      "t" : 1756444008595,
      "tn" : 1756444008595498043,
      "q" : "5120",
      "p" : "0.003909",
      "s" : "sell",
      "i" : "VARA_USD",
      "m" : "4611686018427826054"
    }, {
      "d" : "1756444008535223407",
      "t" : 1756444008535,
      "tn" : 1756444008535223407,
      "q" : "5120",
      "p" : "0.003910",
      "s" : "sell",
      "i" : "VARA_USD",
      "m" : "4611686018427826053"
    }, {
      "d" : "1756444003565443225",
      "t" : 1756444003565,
      "tn" : 1756444003565443225,
      "q" : "5120",
      "p" : "0.003909",
      "s" : "sell",
      "i" : "VARA_USD",
      "m" : "4611686018427826052"
    }, {
      "d" : "1756444003485289055",
      "t" : 1756444003485,
      "tn" : 1756444003485289055,
      "q" : "5120",
      "p" : "0.003909",
      "s" : "sell",
      "i" : "VARA_USD",
      "m" : "4611686018427826051"
    }, {
      "d" : "1756444003254357859",
      "t" : 1756444003254,
      "tn" : 1756444003254357859,
      "q" : "5120",
      "p" : "0.003910",
      "s" : "sell",
      "i" : "VARA_USD",
      "m" : "4611686018427826050"
    }, {
      "d" : "1756444003194221683",
      "t" : 1756444003194,
      "tn" : 1756444003194221683,
      "q" : "5120",
      "p" : "0.003908",
      "s" : "sell",
      "i" : "VARA_USD",
      "m" : "4611686018427826049"
    } ]
  }
}