{
  "id" : -1,
  "method" : "public/get-trades",
  "code" : 0,
  "result" : {
    "data" : [ {
      "d" : "1756462236678889533",
      "t" : 1756462236678,
      "tn" : 1756462236678889533,
      "q" : "4170",
      "p" : "0.0143728",
      "s" : "buy",
      "i" : "VELO_USD",
      "m" : "4611686018430966700"
    }, {
      "d" : "1756462236460311938",
      "t" : 1756462236460,
      "tn" : 1756462236460311938,
      "q" : "6260",
      "p" : "0.0143728",
      "s" : "buy",
      "i" : "VELO_USD",
      "m" : "4611686018430966699"
    }, {
      "d" : "1756462236391045286",
      "t" : 1756462236391,
      "tn" : 1756462236391045286,
      "q" : "1770",
      "p" : "0.0143728",
      "s" : "buy",
      "i" : "VELO_USD",
      "m" : "4611686018430966698"
    }, {
      "d" : "1756462236198134416",
      "t" : 1756462236198,
      "tn" : 1756462236198134416,
      "q" : "6260",
      "p" : "0.0143727",
      "s" : "buy",
      "i" : "VELO_USD",
      "m" : "4611686018430966697"
    }, {
      "d" : "1756462235838137663",
      "t" : 1756462235838,
      "tn" : 1756462235838137663,
      "q" : "6260",
      "p" : "0.0143727",
      "s" : "buy",
      "i" : "VELO_USD",
      "m" : "4611686018430966696"
    }, {
      "d" : "1756462235737876621",
      "t" : 1756462235737,
      "tn" : 1756462235737876621,
      "q" : "2930",
      "p" : "0.0143727",
      "s" : "buy",
      "i" : "VELO_USD",
      "m" : "4611686018430966695"
    }, {
      "d" : "1756462235613422781",
      "t" : 1756462235613,
      "tn" : 1756462235613422781,
      "q" : "2040",
      "p" : "0.0143727",
      "s" : "buy",
      "i" : "VELO_USD",
      "m" : "4611686018430966694"
    }, {
      "d" : "1756462235538208678",
      "t" : 1756462235538,
      "tn" : 1756462235538208678,
      "q" : "6260",
      "p" : "0.0143727",
      "s" : "buy",
      "i" : "VELO_USD",
      "m" : "4611686018430966693"
    }, {
      "d" : "1756462235368445648",
      "t" : 1756462235368,
      "tn" : 1756462235368445648,
      "q" : "6260",
      "p" : "0.0143727",
      "s" : "buy",
      "i" : "VELO_USD",
      "m" : "4611686018430966692"
    }, {
      "d" : "1756462235302212603",
      "t" : 1756462235302,
      "tn" : 1756462235302212603,
      "q" : "6260",
      "p" : "0.0143728",
      "s" : "buy",
      "i" : "VELO_USD",
      "m" : "4611686018430966691"
    }, {
      "d" : "1756462221028696898",
      "t" : 1756462221028,
      "tn" : 1756462221028696898,
      "q" : "2770",
      "p" : "0.0144483",
      "s" : "sell",
      "i" : "VELO_USD",
      "m" : "4611686018430966690"
    }, {
      "d" : "1756462220959353780",
      "t" : 1756462220959,
      "tn" : 1756462220959353780,
      "q" : "5540",
      "p" : "0.0144483",
      "s" : "sell",
      "i" : "VELO_USD",
      "m" : "4611686018430966689"
    }, {
      "d" : "1756460816917297664",
      "t" : 1756460816917,
      "tn" : 1756460816917297664,
      "q" : "6270",
      "p" : "0.0143463",
      "s" : "buy",
      "i" : "VELO_USD",
      "m" : "4611686018430966688"
    }, {
      "d" : "1756460795781916207",
      "t" : 1756460795781,
      "tn" : 1756460795781916207,
      "q" : "6300",
      "p" : "0.0142902",
      "s" : "buy",
      "i" : "VELO_USD",
      "m" : "4611686018430966687"
    }, {
      "d" : "1756460774166895978",
      "t" : 1756460774166,
      "tn" : 1756460774166895978,
      "q" : "6310",
      "p" : "0.0142611",
      "s" : "buy",
      "i" : "VELO_USD",
      "m" : "4611686018430966686"
    }, {
      "d" : "1756459996388078726",
      "t" : 1756459996388,
      "tn" : 1756459996388078726,
      "q" : "3050",
      "p" : "0.0141838",
      "s" : "sell",
      "i" : "VELO_USD",
      "m" : "4611686018430966685"
    }, {
      "d" : "1756459996246254695",
      "t" : 1756459996246,
      "tn" : 1756459996246254695,
      "q" : "2820",
      "p" : "0.0141838",
      "s" : "sell",
      "i" : "VELO_USD",
      "m" : "4611686018430966684"
    }, {
      "d" : "1756458888405177958",
      "t" : 1756458888405,
      "tn" : 1756458888405177958,
      "q" : "250",
      "p" : "0.0140500",
      "s" : "sell",
      "i" : "VELO_USD",
      "m" : "4611686018430966683"
    }, {
      "d" : "1756458888405175074",
      "t" : 1756458888405,
      "tn" : 1756458888405175074,
      "q" : "1670",
      "p" : "0.0140657",
      "s" : "sell",
      "i" : "VELO_USD",
      "m" : "4611686018430966682"
    }, {
      "d" : "1756458888405164534",
      "t" : 1756458888405,
      "tn" : 1756458888405164534,
      "q" : "1600",
      "p" : "0.0140657",
      "s" : "sell",
      "i" : "VELO_USD",
      "m" : "4611686018430966681"
    }, {
      "d" : "1756458888395221117",
      "t" : 1756458888395,
      "tn" : 1756458888395221117,
      "q" : "1400",
      "p" : "0.0140657",
      "s" : "sell",
      "i" : "VELO_USD",
      "m" : "4611686018430966680"
    }, {
      "d" : "1756458888362164285",
      "t" : 1756458888362,
      "tn" : 1756458888362164285,
      "q" : "4800",
      "p" : "0.0140657",
      "s" : "sell",
      "i" : "VELO_USD",
      "m" : "4611686018430966679"
    }, {
      "d" : "1756458888362154868",
      "t" : 1756458888362,
      "tn" : 1756458888362154868,
      "q" : "3600",
      "p" : "0.0140657",
      "s" : "sell",
      "i" : "VELO_USD",
      "m" : "4611686018430966678"
    }, {
      "d" : "1756458888355619108",
      "t" : 1756458888355,
      "tn" : 1756458888355619108,
      "q" : "3240",
      "p" : "0.0140657",
      "s" : "sell",
      "i" : "VELO_USD",
      "m" : "4611686018430966677"
    }, {
      "d" : "1756458888335530918",
      "t" : 1756458888335,
      "tn" : 1756458888335530918,
      "q" : "7630",
      "p" : "0.0140657",
      "s" : "sell",
      "i" : "VELO_USD",
      "m" : "4611686018430966676"
    }, {
      "d" : "1756458888327179012",
      "t" : 1756458888327,
      "tn" : 1756458888327179012,
      "q" : "1500",
      "p" : "0.0140657",
      "s" : "sell",
      "i" : "VELO_USD",
      "m" : "4611686018430966675"
    }, {
      "d" : "1756458888311569980",
      "t" : 1756458888311,
      "tn" : 1756458888311569980,
      "q" : "16000",
      "p" : "0.0140657",
      "s" : "sell",
      "i" : "VELO_USD",
      "m" : "4611686018430966674"
    }, {
      "d" : "1756458888305770541",
      "t" : 1756458888305,
      "tn" : 1756458888305770541,
      "q" : "3650",
      "p" : "0.0140657",
      "s" : "sell",
      "i" : "VELO_USD",
      "m" : "4611686018430966673"
    }, {
      "d" : "1756458678346906210",
      "t" : 1756458678346,
      "tn" : 1756458678346906210,
      "q" : "750",
      "p" : "0.0140500",
      "s" : "sell",
      "i" : "VELO_USD",
      "m" : "4611686018430966672"
    }, {
      "d" : "1756458678346904331",
      "t" : 1756458678346,
      "tn" : 1756458678346904331,
      "q" : "250",
      "p" : "0.0141205",
      "s" : "sell",
      "i" : "VELO_USD",
      "m" : "4611686018430966671"
    }, {
      "d" : "1756458658945559319",
      "t" : 1756458658945,
      "tn" : 1756458658945559319,
      "q" : "1000",
      "p" : "0.0141205",
      "s" : "sell",
      "i" : "VELO_USD",
      "m" : "4611686018430966670"
    }, {
      "d" : "1756458656356121297",
      "t" : 1756458656356,
      "tn" : 1756458656356121297,
      "q" : "200",
      "p" : "0.0141205",
      "s" : "sell",
      "i" : "VELO_USD",
      "m" : "4611686018430966669"
    }, {
      "d" : "1756458656356119055",
      "t" : 1756458656356,
      "tn" : 1756458656356119055,
      "q" : "800",
      "p" : "0.0143000",
      "s" : "sell",
      "i" : "VELO_USD",
      "m" : "4611686018430966668"
    }, {
      "d" : "1756457294562716426",
      "t" : 1756457294562,
      "tn" : 1756457294562716426,
      "q" : "1000",
      "p" : "0.0143000",
      "s" : "sell",
      "i" : "VELO_USD",
      "m" : "4611686018430966667"
    }, {
      "d" : "1756457294549190904",
      "t" : 1756457294549,
      "tn" : 1756457294549190904,
      "q" : "1400",
      "p" : "0.0143000",
      "s" : "sell",
      "i" : "VELO_USD",
      "m" : "4611686018430966666"
    }, {
      "d" : "1756457294547005332",
      "t" : 1756457294547,
      "tn" : 1756457294547005332,
      "q" : "2100",
      "p" : "0.0143000",
      "s" : "sell",
      "i" : "VELO_USD",
      "m" : "4611686018430966665"
    }, {
      "d" : "1756457294546609564",
      "t" : 1756457294546,
      "tn" : 1756457294546609564,
      "q" : "1700",
      "p" : "0.0143000",
      "s" : "sell",
      "i" : "VELO_USD",
      "m" : "4611686018430966664"
    }, {
      "d" : "1756456912056838304",
      "t" : 1756456912056,
      "tn" : 1756456912056838304,
      "q" : "1000",
      "p" : "0.0142938",
      "s" : "sell",
      "i" : "VELO_USD",
      "m" : "4611686018430966663"
    }, {
      "d" : "1756456912033907709",
      "t" : 1756456912033,
      "tn" : 1756456912033907709,
      "q" : "1060",
      "p" : "0.0142938",
      "s" : "sell",
      "i" : "VELO_USD",
      "m" : "4611686018430966662"
    }, {
      "d" : "1756456911995060001",
      "t" : 1756456911995,
      "tn" : 1756456911995060001,
      "q" : "1460",
      "p" : "0.0142938",
      "s" : "sell",
      "i" : "VELO_USD",
      "m" : "4611686018430966661"
    }, {
      "d" : "1756456911976165197",
      "t" : 1756456911976,
      "tn" : 1756456911976165197,
      "q" : "2060",
      "p" : "0.0142938",
      "s" : "sell",
      "i" : "VELO_USD",
      "m" : "4611686018430966660"
    }, {
      "d" : "1756456422882143466",
      "t" : 1756456422882,
      "tn" : 1756456422882143466,
      "q" : "22700",
      "p" : "0.0143414",
      "s" : "buy",
      "i" : "VELO_USD",
      "m" : "4611686018430966659"
    }, {
      "d" : "1756456386477193172",
      "t" : 1756456386477,
      "tn" : 1756456386477193172,
      "q" : "1110",
      "p" : "0.0143801",
      "s" : "sell",
      "i" : "VELO_USD",
      "m" : "4611686018430966658"
    }, {
      "d" : "1756456386458106903",
      "t" : 1756456386458,
      "tn" : 1756456386458106903,
      "q" : "2600",
      "p" : "0.0143801",
      "s" : "sell",
      "i" : "VELO_USD",
      "m" : "4611686018430966657"
    }, {
      "d" : "1756456386454508663",
      "t" : 1756456386454,
      "tn" : 1756456386454508663,
      "q" : "2690",
      "p" : "0.0143801",
      "s" : "sell",
      "i" : "VELO_USD",
      "m" : "4611686018430966656"
    }, {
      "d" : "1756456386433870794",
      "t" : 1756456386433,
      "tn" : 1756456386433870794,
      "q" : "3850",
      "p" : "0.0143801",
      "s" : "sell",
      "i" : "VELO_USD",
      "m" : "4611686018430966655"
    }, {
      "d" : "1756456367444162837",
      "t" : 1756456367444,
      "tn" : 1756456367444162837,
      "q" : "1710",
      "p" : "0.0143894",
      "s" : "sell",
      "i" : "VELO_USD",
      "m" : "4611686018430966654"
    }, {
      "d" : "1756456330958420830",
      "t" : 1756456330958,
      "tn" : 1756456330958420830,
      "q" : "47190",
      "p" : "0.0143755",
      "s" : "buy",
      "i" : "VELO_USD",
      "m" : "4611686018430966653"
    }, {
      "d" : "1756456330775180207",
      "t" : 1756456330775,
      "tn" : 1756456330775180207,
      "q" : "14160",
      "p" : "0.0143754",
      "s" : "buy",
      "i" : "VELO_USD",
      "m" : "4611686018430966652"
    }, {
      "d" : "1756456302748537392",
      "t" : 1756456302748,
      "tn" : 1756456302748537392,
      "q" : "1000",
      "p" : "0.0143642",
      "s" : "sell",
      "i" : "VELO_USD",
      "m" : "4611686018430966651"
    }, {
      "d" : "1756456302689464705",
      "t" : 1756456302689,
      "tn" : 1756456302689464705,
      "q" : "1000",
      "p" : "0.0143642",
      "s" : "sell",
      "i" : "VELO_USD",
      "m" : "4611686018430966650"
    }, {
      "d" : "1756456302628176500",
      "t" : 1756456302628,
      "tn" : 1756456302628176500,
      "q" : "1000",
      "p" : "0.0143642",
      "s" : "sell",
      "i" : "VELO_USD",
      "m" : "4611686018430966649"
    }, {
      "d" : "1756456302567236455",
      "t" : 1756456302567,
      "tn" : 1756456302567236455,
      "q" : "1200",
      "p" : "0.0143642",
      "s" : "sell",
      "i" : "VELO_USD",
      "m" : "4611686018430966648"
    }, {
      "d" : "1756456302526599098",
      "t" : 1756456302526,
      "tn" : 1756456302526599098,
      "q" : "1000",
      "p" : "0.0143642",
      "s" : "sell",
      "i" : "VELO_USD",
      "m" : "4611686018430966647"
    }, {
      "d" : "1756456302372186493",
      "t" : 1756456302372,
      "tn" : 1756456302372186493,
      "q" : "1000",
      "p" : "0.0143642",
      "s" : "sell",
      "i" : "VELO_USD",
      "m" : "4611686018430966646"
    }, {
      "d" : "1756455895245294421",
      "t" : 1756455895245,
      "tn" : 1756455895245294421,
      "q" : "4890",
      "p" : "0.0143265",
      "s" : "buy",
      "i" : "VELO_USD",
      "m" : "4611686018430966645"
    }, {
      "d" : "1756454472033465307",
      "t" : 1756454472033,
      "tn" : 1756454472033465307,
      "q" : "500",
      "p" : "0.0144189",
      "s" : "buy",
      "i" : "VELO_USD",
      "m" : "4611686018430966644"
    }, {
      "d" : "1756454472023272113",
      "t" : 1756454472023,
      "tn" : 1756454472023272113,
      "q" : "4850",
      "p" : "0.0144189",
      "s" : "buy",
      "i" : "VELO_USD",
      "m" : "4611686018430966643"
    }, {
      "d" : "1756454468014813441",
      "t" : 1756454468014,
      "tn" : 1756454468014813441,
      "q" : "3060",
      "p" : "0.0144264",
      "s" : "buy",
      "i" : "VELO_USD",
      "m" : "4611686018430966642"
    }, {
      "d" : "1756454467943922362",
      "t" : 1756454467943,
      "tn" : 1756454467943922362,
      "q" : "6240",
      "p" : "0.0144264",
      "s" : "buy",
      "i" : "VELO_USD",
      "m" : "4611686018430966641"
    }, {
      "d" : "1756454467942326086",
      "t" : 1756454467942,
      "tn" : 1756454467942326086,
      "q" : "15000",
      "p" : "0.0144264",
      "s" : "buy",
      "i" : "VELO_USD",
      "m" : "4611686018430966640"
    }, {
      "d" : "1756454467942314306",
      "t" : 1756454467942,
      "tn" : 1756454467942314306,
      "q" : "19000",
      "p" : "0.0144264",
      "s" : "buy",
      "i" : "VELO_USD",
      "m" : "4611686018430966639"
    }, {
      "d" : "1756454467942311892",
      "t" : 1756454467942,
      "tn" : 1756454467942311892,
      "q" : "13000",
      "p" : "0.0144264",
      "s" : "buy",
      "i" : "VELO_USD",
      "m" : "4611686018430966638"
    }, {
      "d" : "1756454467938123602",
      "t" : 1756454467938,
      "tn" : 1756454467938123602,
      "q" : "14050",
      "p" : "0.0144264",
      "s" : "buy",
      "i" : "VELO_USD",
      "m" : "4611686018430966637"
    }, {
      "d" : "1756454467935324883",
      "t" : 1756454467935,
      "tn" : 1756454467935324883,
      "q" : "17070",
      "p" : "0.0144264",
      "s" : "buy",
      "i" : "VELO_USD",
      "m" : "4611686018430966636"
    }, {
      "d" : "1756454467935237506",
      "t" : 1756454467935,
      "tn" : 1756454467935237506,
      "q" : "14000",
      "p" : "0.0144264",
      "s" : "buy",
      "i" : "VELO_USD",
      "m" : "4611686018430966635"
    }, {
      "d" : "1756454467932639342",
      "t" : 1756454467932,
      "tn" : 1756454467932639342,
      "q" : "13390",
      "p" : "0.0144264",
      "s" : "buy",
      "i" : "VELO_USD",
      "m" : "4611686018430966634"
    }, {
      "d" : "1756454467916960230",
      "t" : 1756454467916,
      "tn" : 1756454467916960230,
      "q" : "2200",
      "p" : "0.0144264",
      "s" : "buy",
      "i" : "VELO_USD",
      "m" : "4611686018430966633"
    }, {
      "d" : "1756454467915134274",
      "t" : 1756454467915,
      "tn" : 1756454467915134274,
      "q" : "2290",
      "p" : "0.0144265",
      "s" : "buy",
      "i" : "VELO_USD",
      "m" : "4611686018430966632"
    }, {
      "d" : "1756454467890304522",
      "t" : 1756454467890,
      "tn" : 1756454467890304522,
      "q" : "5700",
      "p" : "0.0144265",
      "s" : "buy",
      "i" : "VELO_USD",
      "m" : "4611686018430966631"
    }, {
      "d" : "1756454467890193037",
      "t" : 1756454467890,
      "tn" : 1756454467890193037,
      "q" : "5710",
      "p" : "0.0144265",
      "s" : "buy",
      "i" : "VELO_USD",
      "m" : "4611686018430966630"
    }, {
      "d" : "1756453296063913733",
      "t" : 1756453296063,
      "tn" : 1756453296063913733,
      "q" : "5570",
      "p" : "0.0143509",
      "s" : "sell",
      "i" : "VELO_USD",
      "m" : "4611686018430966629"
    }, {
      "d" : "1756453252246461063",
      "t" : 1756453252246,
      "tn" : 1756453252246461063,
      "q" : "5580",
      "p" : "0.0143375",
      "s" : "sell",
      "i" : "VELO_USD",
      "m" : "4611686018430966628"
    }, {
      "d" : "1756453252072030553",
      "t" : 1756453252072,
      "tn" : 1756453252072030553,
      "q" : "13950",
      "p" : "0.0143375",
      "s" : "sell",
      "i" : "VELO_USD",
      "m" : "4611686018430966627"
    }, {
      "d" : "1756452688070766383",
      "t" : 1756452688070,
      "tn" : 1756452688070766383,
      "q" : "47190",
      "p" : "0.0143519",
      "s" : "buy",
      "i" : "VELO_USD",
      "m" : "4611686018430966626"
    }, {
      "d" : "1756452687744659341",
      "t" : 1756452687744,
      "tn" : 1756452687744659341,
      "q" : "14160",
      "p" : "0.0143518",
      "s" : "buy",
      "i" : "VELO_USD",
      "m" : "4611686018430966625"
    }, {
      "d" : "1756452686329215219",
      "t" : 1756452686329,
      "tn" : 1756452686329215219,
      "q" : "47190",
      "p" : "0.0143418",
      "s" : "buy",
      "i" : "VELO_USD",
      "m" : "4611686018430966624"
    }, {
      "d" : "1756452685993007251",
      "t" : 1756452685993,
      "tn" : 1756452685993007251,
      "q" : "26780",
      "p" : "0.0143417",
      "s" : "buy",
      "i" : "VELO_USD",
      "m" : "4611686018430966623"
    }, {
      "d" : "1756451684859206085",
      "t" : 1756451684859,
      "tn" : 1756451684859206085,
      "q" : "530",
      "p" : "0.0144750",
      "s" : "sell",
      "i" : "VELO_USD",
      "m" : "4611686018430966622"
    }, {
      "d" : "1756451684854474045",
      "t" : 1756451684854,
      "tn" : 1756451684854474045,
      "q" : "2300",
      "p" : "0.0144750",
      "s" : "sell",
      "i" : "VELO_USD",
      "m" : "4611686018430966621"
    }, {
      "d" : "1756451684853802222",
      "t" : 1756451684853,
      "tn" : 1756451684853802221,
      "q" : "1880",
      "p" : "0.0144750",
      "s" : "sell",
      "i" : "VELO_USD",
      "m" : "4611686018430966620"
    }, {
      "d" : "1756451684853802221",
      "t" : 1756451684853,
      "tn" : 1756451684853802221,
      "q" : "420",
      "p" : "0.0144750",
      "s" : "sell",
      "i" : "VELO_USD",
      "m" : "4611686018430966620"
    }, {
      "d" : "1756451342320260263",
      "t" : 1756451342320,
      "tn" : 1756451342320260263,
      "q" : "1000",
      "p" : "0.0144750",
      "s" : "sell",
      "i" : "VELO_USD",
      "m" : "4611686018430966619"
    }, {
      "d" : "1756450884609346272",
      "t" : 1756450884609,
      "tn" : 1756450884609346272,
      "q" : "600",
      "p" : "0.0145520",
      "s" : "buy",
      "i" : "VELO_USD",
      "m" : "4611686018430966618"
    }, {
      "d" : "1756450884595016756",
      "t" : 1756450884595,
      "tn" : 1756450884595016756,
      "q" : "4510",
      "p" : "0.0145519",
      "s" : "buy",
      "i" : "VELO_USD",
      "m" : "4611686018430966617"
    }, {
      "d" : "1756450872705923475",
      "t" : 1756450872705,
      "tn" : 1756450872705923475,
      "q" : "6180",
      "p" : "0.0145519",
      "s" : "buy",
      "i" : "VELO_USD",
      "m" : "4611686018430966616"
    }, {
      "d" : "1756450872643254997",
      "t" : 1756450872643,
      "tn" : 1756450872643254997,
      "q" : "6180",
      "p" : "0.0145519",
      "s" : "buy",
      "i" : "VELO_USD",
      "m" : "4611686018430966615"
    }, {
      "d" : "1756450872419508880",
      "t" : 1756450872419,
      "tn" : 1756450872419508880,
      "q" : "2810",
      "p" : "0.0145519",
      "s" : "buy",
      "i" : "VELO_USD",
      "m" : "4611686018430966614"
    }, {
      "d" : "1756450872357455636",
      "t" : 1756450872357,
      "tn" : 1756450872357455636,
      "q" : "6180",
      "p" : "0.0145519",
      "s" : "buy",
      "i" : "VELO_USD",
      "m" : "4611686018430966613"
    }, {
      "d" : "1756450852755862970",
      "t" : 1756450852755,
      "tn" : 1756450852755862970,
      "q" : "5010",
      "p" : "0.0145519",
      "s" : "buy",
      "i" : "VELO_USD",
      "m" : "4611686018430966612"
    }, {
      "d" : "1756450852688439952",
      "t" : 1756450852688,
      "tn" : 1756450852688439952,
      "q" : "6180",
      "p" : "0.0145519",
      "s" : "buy",
      "i" : "VELO_USD",
      "m" : "4611686018430966611"
    }, {
      "d" : "1756450627134320018",
      "t" : 1756450627134,
      "tn" : 1756450627134320018,
      "q" : "5010",
      "p" : "0.0145519",
      "s" : "buy",
      "i" : "VELO_USD",
      "m" : "4611686018430966610"
    }, {
      "d" : "1756450626663865700",
      "t" : 1756450626663,
      "tn" : 1756450626663865700,
      "q" : "2240",
      "p" : "0.0145519",
      "s" : "buy",
      "i" : "VELO_USD",
      "m" : "4611686018430966609"
    }, {
      "d" : "1756450626523366624",
      "t" : 1756450626523,
      "tn" : 1756450626523366624,
      "q" : "3220",
      "p" : "0.0145519",
      "s" : "buy",
      "i" : "VELO_USD",
      "m" : "4611686018430966608"
    }, {
      "d" : "1756450626453122383",
      "t" : 1756450626453,
      "tn" : 1756450626453122383,
      "q" : "5010",
      "p" : "0.0145519",
      "s" : "buy",
      "i" : "VELO_USD",
      "m" : "4611686018430966607"
    }, {
      "d" : "1756450626343465347",
      "t" : 1756450626343,
      "tn" : 1756450626343465347,
      "q" : "2750",
      "p" : "0.0145519",
      "s" : "buy",
      "i" : "VELO_USD",
      "m" : "4611686018430966606"
    }, {
      "d" : "1756450626244087560",
      "t" : 1756450626244,
      "tn" : 1756450626244087560,
      "q" : "3440",
      "p" : "0.0145519",
      "s" : "buy",
      "i" : "VELO_USD",
      "m" : "4611686018430966605"
    }, {
      "d" : "1756450599135658014",
      "t" : 1756450599135,
      "tn" : 1756450599135658014,
      "q" : "3060",
      "p" : "0.0145519",
      "s" : "buy",
      "i" : "VELO_USD",
      "m" : "4611686018430966604"
    }, {
      "d" : "1756450585015154312",
      "t" : 1756450585015,
      "tn" : 1756450585015154312,
      "q" : "4810",
      "p" : "0.0145519",
      "s" : "buy",
      "i" : "VELO_USD",
      "m" : "4611686018430966603"
    }, {
      "d" : "1756450578465727447",
      "t" : 1756450578465,
      "tn" : 1756450578465727447,
      "q" : "3060",
      "p" : "0.0145519",
      "s" : "buy",
      "i" : "VELO_USD",
      "m" : "4611686018430966602"
    }, {
      "d" : "1756450571963225328",
      "t" : 1756450571963,
      "tn" : 1756450571963225328,
      "q" : "6180",
      "p" : "0.0145519",
      "s" : "buy",
      "i" : "VELO_USD",
      "m" : "4611686018430966601"
    }, {
      "d" : "1756450565790916359",
      "t" : 1756450565790,
      "tn" : 1756450565790916359,
      "q" : "6180",
      "p" : "0.0145519",
      "s" : "buy",
      "i" : "VELO_USD",
      "m" : "4611686018430966600"
    }, {
      "d" : "1756450559605092385",
      "t" : 1756450559605,
      "tn" : 1756450559605092385,
      "q" : "4090",
      "p" : "0.0145519",
      "s" : "buy",
      "i" : "VELO_USD",
      "m" : "4611686018430966599"
    }, {
      "d" : "1756450557699113159",
      "t" : 1756450557699,
      "tn" : 1756450557699113159,
      "q" : "3270",
      "p" : "0.0145519",
      "s" : "buy",
      "i" : "VELO_USD",
      "m" : "4611686018430966598"
    }, {
      "d" : "1756450552780794366",
      "t" : 1756450552780,
      "tn" : 1756450552780794366,
      "q" : "3690",
      "p" : "0.0145519",
      "s" : "buy",
      "i" : "VELO_USD",
      "m" : "4611686018430966597"
    }, {
      "d" : "1756450552730635563",
      "t" : 1756450552730,
      "tn" : 1756450552730635563,
      "q" : "3060",
      "p" : "0.0145519",
      "s" : "buy",
      "i" : "VELO_USD",
      "m" : "4611686018430966596"
    }, {
      "d" : "1756450552635223952",
      "t" : 1756450552635,
      "tn" : 1756450552635223952,
      "q" : "6180",
      "p" : "0.0145519",
      "s" : "buy",
      "i" : "VELO_USD",
      "m" : "4611686018430966595"
    }, {
      "d" : "1756449437643616782",
      "t" : 1756449437643,
      "tn" : 1756449437643616782,
      "q" : "2760",
      "p" : "0.0144776",
      "s" : "buy",
      "i" : "VELO_USD",
      "m" : "4611686018430966594"
    }, {
      "d" : "1756449437440940862",
      "t" : 1756449437440,
      "tn" : 1756449437440940862,
      "q" : "3450",
      "p" : "0.0144776",
      "s" : "buy",
      "i" : "VELO_USD",
      "m" : "4611686018430966593"
    }, {
      "d" : "1756448413122673629",
      "t" : 1756448413122,
      "tn" : 1756448413122673629,
      "q" : "430",
      "p" : "0.0145678",
      "s" : "sell",
      "i" : "VELO_USD",
      "m" : "4611686018430966592"
    }, {
      "d" : "1756447204350865042",
      "t" : 1756447204350,
      "tn" : 1756447204350865042,
      "q" : "4800",
      "p" : "0.0145705",
      "s" : "buy",
      "i" : "VELO_USD",
      "m" : "4611686018430966591"
    }, {
      "d" : "1756447195116107754",
      "t" : 1756447195116,
      "tn" : 1756447195116107754,
      "q" : "3250",
      "p" : "0.0145708",
      "s" : "buy",
      "i" : "VELO_USD",
      "m" : "4611686018430966590"
    }, {
      "d" : "1756447195019531487",
      "t" : 1756447195019,
      "tn" : 1756447195019531487,
      "q" : "6180",
      "p" : "0.0145708",
      "s" : "buy",
      "i" : "VELO_USD",
      "m" : "4611686018430966589"
    }, {
      "d" : "1756447194957814480",
      "t" : 1756447194957,
      "tn" : 1756447194957814480,
      "q" : "2780",
      "p" : "0.0145708",
      "s" : "buy",
      "i" : "VELO_USD",
      "m" : "4611686018430966588"
    }, {
      "d" : "1756447194891885770",
      "t" : 1756447194891,
      "tn" : 1756447194891885770,
      "q" : "6180",
      "p" : "0.0145708",
      "s" : "buy",
      "i" : "VELO_USD",
      "m" : "4611686018430966587"
    }, {
      "d" : "1756446926444862805",
      "t" : 1756446926444,
      "tn" : 1756446926444862805,
      "q" : "10260",
      "p" : "0.0146149",
      "s" : "sell",
      "i" : "VELO_USD",
      "m" : "4611686018430966586"
    }, {
      "d" : "1756445551149015272",
      "t" : 1756445551149,
      "tn" : 1756445551149015272,
      "q" : "4800",
      "p" : "0.0145770",
      "s" : "buy",
      "i" : "VELO_USD",
      "m" : "4611686018430966585"
    }, {
      "d" : "1756444257854467114",
      "t" : 1756444257854,
      "tn" : 1756444257854467114,
      "q" : "3950",
      "p" : "0.0146445",
      "s" : "buy",
      "i" : "VELO_USD",
      "m" : "4611686018430966584"
    }, {
      "d" : "1756441749992557744",
      "t" : 1756441749992,
      "tn" : 1756441749992557744,
      "q" : "1000",
      "p" : "0.0147968",
      "s" : "sell",
      "i" : "VELO_USD",
      "m" : "4611686018430966583"
    }, {
      "d" : "1756441749893718799",
      "t" : 1756441749893,
      "tn" : 1756441749893718799,
      "q" : "1020",
      "p" : "0.0147968",
      "s" : "sell",
      "i" : "VELO_USD",
      "m" : "4611686018430966582"
    }, {
      "d" : "1756441749889212693",
      "t" : 1756441749889,
      "tn" : 1756441749889212693,
      "q" : "1000",
      "p" : "0.0147968",
      "s" : "sell",
      "i" : "VELO_USD",
      "m" : "4611686018430966581"
    }, {
      "d" : "1756441749885479659",
      "t" : 1756441749885,
      "tn" : 1756441749885479659,
      "q" : "1020",
      "p" : "0.0147968",
      "s" : "sell",
      "i" : "VELO_USD",
      "m" : "4611686018430966580"
    }, {
      "d" : "1756440213610173935",
      "t" : 1756440213610,
      "tn" : 1756440213610173935,
      "q" : "5460",
      "p" : "0.0146511",
      "s" : "buy",
      "i" : "VELO_USD",
      "m" : "4611686018430966579"
    }, {
      "d" : "1756437597988752559",
      "t" : 1756437597988,
      "tn" : 1756437597988752559,
      "q" : "27000",
      "p" : "0.0147440",
      "s" : "sell",
      "i" : "VELO_USD",
      "m" : "4611686018430966578"
    }, {
      "d" : "1756432031307602421",
      "t" : 1756432031307,
      "tn" : 1756432031307602421,
      "q" : "5450",
      "p" : "0.0146819",
      "s" : "buy",
      "i" : "VELO_USD",
      "m" : "4611686018430966577"
    }, {
      "d" : "1756432031238480310",
      "t" : 1756432031238,
      "tn" : 1756432031238480310,
      "q" : "6130",
      "p" : "0.0146819",
      "s" : "buy",
      "i" : "VELO_USD",
      "m" : "4611686018430966576"
    }, {
      "d" : "1756429634601960404",
      "t" : 1756429634601,
      "tn" : 1756429634601960404,
      "q" : "3050",
      "p" : "0.0148962",
      "s" : "sell",
      "i" : "VELO_USD",
      "m" : "4611686018430966575"
    }, {
      "d" : "1756429634538430326",
      "t" : 1756429634538,
      "tn" : 1756429634538430326,
      "q" : "5370",
      "p" : "0.0148962",
      "s" : "sell",
      "i" : "VELO_USD",
      "m" : "4611686018430966574"
    }, {
      "d" : "1756429633758931605",
      "t" : 1756429633758,
      "tn" : 1756429633758931605,
      "q" : "1000",
      "p" : "0.0148962",
      "s" : "sell",
      "i" : "VELO_USD",
      "m" : "4611686018430966573"
    }, {
      "d" : "1756429633696438830",
      "t" : 1756429633696,
      "tn" : 1756429633696438830,
      "q" : "1000",
      "p" : "0.0148962",
      "s" : "sell",
      "i" : "VELO_USD",
      "m" : "4611686018430966572"
    }, {
      "d" : "1756429633539178194",
      "t" : 1756429633539,
      "tn" : 1756429633539178194,
      "q" : "1000",
      "p" : "0.0148962",
      "s" : "sell",
      "i" : "VELO_USD",
      "m" : "4611686018430966571"
    }, {
      "d" : "1756429633472546026",
      "t" : 1756429633472,
      "tn" : 1756429633472546026,
      "q" : "1000",
      "p" : "0.0148962",
      "s" : "sell",
      "i" : "VELO_USD",
      "m" : "4611686018430966570"
    }, {
      "d" : "1756429633429970040",
      "t" : 1756429633429,
      "tn" : 1756429633429970040,
      "q" : "1000",
      "p" : "0.0148962",
      "s" : "sell",
      "i" : "VELO_USD",
      "m" : "4611686018430966569"
    }, {
      "d" : "1756429633280585436",
      "t" : 1756429633280,
      "tn" : 1756429633280585436,
      "q" : "1000",
      "p" : "0.0148962",
      "s" : "sell",
      "i" : "VELO_USD",
      "m" : "4611686018430966568"
    }, {
      "d" : "1756429633217424478",
      "t" : 1756429633217,
      "tn" : 1756429633217424478,
      "q" : "1000",
      "p" : "0.0148962",
      "s" : "sell",
      "i" : "VELO_USD",
      "m" : "4611686018430966567"
    }, {
      "d" : "1756429633173524144",
      "t" : 1756429633173,
      "tn" : 1756429633173524144,
      "q" : "1000",
      "p" : "0.0148962",
      "s" : "sell",
      "i" : "VELO_USD",
      "m" : "4611686018430966566"
    }, {
      "d" : "1756429633065491131",
      "t" : 1756429633065,
      "tn" : 1756429633065491131,
      "q" : "1000",
      "p" : "0.0148962",
      "s" : "sell",
      "i" : "VELO_USD",
      "m" : "4611686018430966565"
    }, {
      "d" : "1756429633024018447",
      "t" : 1756429633024,
      "tn" : 1756429633024018447,
      "q" : "1000",
      "p" : "0.0148962",
      "s" : "sell",
      "i" : "VELO_USD",
      "m" : "4611686018430966564"
    }, {
      "d" : "1756429632966910569",
      "t" : 1756429632966,
      "tn" : 1756429632966910569,
      "q" : "1000",
      "p" : "0.0148962",
      "s" : "sell",
      "i" : "VELO_USD",
      "m" : "4611686018430966563"
    }, {
      "d" : "1756429632914694119",
      "t" : 1756429632914,
      "tn" : 1756429632914694119,
      "q" : "1000",
      "p" : "0.0148962",
      "s" : "sell",
      "i" : "VELO_USD",
      "m" : "4611686018430966562"
    }, {
      "d" : "1756429632710192195",
      "t" : 1756429632710,
      "tn" : 1756429632710192195,
      "q" : "1000",
      "p" : "0.0148962",
      "s" : "sell",
      "i" : "VELO_USD",
      "m" : "4611686018430966561"
    }, {
      "d" : "1756429632663248290",
      "t" : 1756429632663,
      "tn" : 1756429632663248290,
      "q" : "1000",
      "p" : "0.0148962",
      "s" : "sell",
      "i" : "VELO_USD",
      "m" : "4611686018430966560"
    }, {
      "d" : "1756429632554106946",
      "t" : 1756429632554,
      "tn" : 1756429632554106946,
      "q" : "1000",
      "p" : "0.0148962",
      "s" : "sell",
      "i" : "VELO_USD",
      "m" : "4611686018430966559"
    }, {
      "d" : "1756429632495308664",
      "t" : 1756429632495,
      "tn" : 1756429632495308664,
      "q" : "1100",
      "p" : "0.0148962",
      "s" : "sell",
      "i" : "VELO_USD",
      "m" : "4611686018430966558"
    }, {
      "d" : "1756429632474448026",
      "t" : 1756429632474,
      "tn" : 1756429632474448026,
      "q" : "1650",
      "p" : "0.0148962",
      "s" : "sell",
      "i" : "VELO_USD",
      "m" : "4611686018430966557"
    }, {
      "d" : "1756429632453166794",
      "t" : 1756429632453,
      "tn" : 1756429632453166794,
      "q" : "1600",
      "p" : "0.0148962",
      "s" : "sell",
      "i" : "VELO_USD",
      "m" : "4611686018430966556"
    }, {
      "d" : "1756429632449794637",
      "t" : 1756429632449,
      "tn" : 1756429632449794637,
      "q" : "1650",
      "p" : "0.0148962",
      "s" : "sell",
      "i" : "VELO_USD",
      "m" : "4611686018430966555"
    }, {
      "d" : "1756429627568309384",
      "t" : 1756429627568,
      "tn" : 1756429627568309384,
      "q" : "3050",
      "p" : "0.0148903",
      "s" : "sell",
      "i" : "VELO_USD",
      "m" : "4611686018430966554"
    }, {
      "d" : "1756429627559270407",
      "t" : 1756429627559,
      "tn" : 1756429627559270407,
      "q" : "1000",
      "p" : "0.0148903",
      "s" : "sell",
      "i" : "VELO_USD",
      "m" : "4611686018430966553"
    }, {
      "d" : "1756429627543505613",
      "t" : 1756429627543,
      "tn" : 1756429627543505613,
      "q" : "1100",
      "p" : "0.0148903",
      "s" : "sell",
      "i" : "VELO_USD",
      "m" : "4611686018430966552"
    } ]
  }
}