{
  "id" : -1,
  "method" : "public/get-trades",
  "code" : 0,
  "result" : {
    "data" : [ {
      "d" : "1756461650159901058",
      "t" : 1756461650159,
      "tn" : 1756461650159901058,
      "q" : "50",
      "p" : "0.0000002228",
      "s" : "buy",
      "i" : "VET_BTC",
      "m" : "4611686018429858974"
    }, {
      "d" : "1756461650159898487",
      "t" : 1756461650159,
      "tn" : 1756461650159898487,
      "q" : "6110",
      "p" : "0.0000002227",
      "s" : "buy",
      "i" : "VET_BTC",
      "m" : "4611686018429858973"
    }, {
      "d" : "1756461650135004734",
      "t" : 1756461650135,
      "tn" : 1756461650135004733,
      "q" : "1510",
      "p" : "0.0000002227",
      "s" : "buy",
      "i" : "VET_BTC",
      "m" : "4611686018429858972"
    }, {
      "d" : "1756461650135004733",
      "t" : 1756461650135,
      "tn" : 1756461650135004733,
      "q" : "50",
      "p" : "0.0000002227",
      "s" : "buy",
      "i" : "VET_BTC",
      "m" : "4611686018429858972"
    }, {
      "d" : "1756459427152722548",
      "t" : 1756459427152,
      "tn" : 1756459427152722547,
      "q" : "1820",
      "p" : "0.0000002228",
      "s" : "sell",
      "i" : "VET_BTC",
      "m" : "4611686018429858971"
    }, {
      "d" : "1756459427152722547",
      "t" : 1756459427152,
      "tn" : 1756459427152722547,
      "q" : "50",
      "p" : "0.0000002228",
      "s" : "sell",
      "i" : "VET_BTC",
      "m" : "4611686018429858971"
    }, {
      "d" : "1756459117496325584",
      "t" : 1756459117496,
      "tn" : 1756459117496325584,
      "q" : "1440",
      "p" : "0.0000002220",
      "s" : "buy",
      "i" : "VET_BTC",
      "m" : "4611686018429858970"
    }, {
      "d" : "1756458177518240649",
      "t" : 1756458177518,
      "tn" : 1756458177518240649,
      "q" : "470",
      "p" : "0.0000002212",
      "s" : "sell",
      "i" : "VET_BTC",
      "m" : "4611686018429858969"
    }, {
      "d" : "1756458177484094450",
      "t" : 1756458177484,
      "tn" : 1756458177484094450,
      "q" : "470",
      "p" : "0.0000002212",
      "s" : "sell",
      "i" : "VET_BTC",
      "m" : "4611686018429858968"
    }, {
      "d" : "1756458177479146636",
      "t" : 1756458177479,
      "tn" : 1756458177479146636,
      "q" : "470",
      "p" : "0.0000002212",
      "s" : "sell",
      "i" : "VET_BTC",
      "m" : "4611686018429858967"
    }, {
      "d" : "1756455203482612273",
      "t" : 1756455203482,
      "tn" : 1756455203482612273,
      "q" : "50",
      "p" : "0.0000002228",
      "s" : "sell",
      "i" : "VET_BTC",
      "m" : "4611686018429858966"
    }, {
      "d" : "1756452751747398132",
      "t" : 1756452751747,
      "tn" : 1756452751747398131,
      "q" : "380",
      "p" : "0.0000002244",
      "s" : "buy",
      "i" : "VET_BTC",
      "m" : "4611686018429858965"
    }, {
      "d" : "1756452751747398131",
      "t" : 1756452751747,
      "tn" : 1756452751747398131,
      "q" : "50",
      "p" : "0.0000002244",
      "s" : "buy",
      "i" : "VET_BTC",
      "m" : "4611686018429858965"
    }, {
      "d" : "1756452743695963383",
      "t" : 1756452743695,
      "tn" : 1756452743695963383,
      "q" : "50",
      "p" : "0.0000002242",
      "s" : "buy",
      "i" : "VET_BTC",
      "m" : "4611686018429858964"
    }, {
      "d" : "1756452743691255781",
      "t" : 1756452743691,
      "tn" : 1756452743691255781,
      "q" : "50",
      "p" : "0.0000002242",
      "s" : "buy",
      "i" : "VET_BTC",
      "m" : "4611686018429858963"
    }, {
      "d" : "1756452743520409494",
      "t" : 1756452743520,
      "tn" : 1756452743520409494,
      "q" : "50",
      "p" : "0.0000002242",
      "s" : "buy",
      "i" : "VET_BTC",
      "m" : "4611686018429858962"
    }, {
      "d" : "1756452743400206195",
      "t" : 1756452743400,
      "tn" : 1756452743400206195,
      "q" : "50",
      "p" : "0.0000002242",
      "s" : "buy",
      "i" : "VET_BTC",
      "m" : "4611686018429858961"
    }, {
      "d" : "1756452743320067983",
      "t" : 1756452743320,
      "tn" : 1756452743320067983,
      "q" : "50",
      "p" : "0.0000002242",
      "s" : "buy",
      "i" : "VET_BTC",
      "m" : "4611686018429858960"
    }, {
      "d" : "1756452743304923687",
      "t" : 1756452743304,
      "tn" : 1756452743304923687,
      "q" : "50",
      "p" : "0.0000002242",
      "s" : "buy",
      "i" : "VET_BTC",
      "m" : "4611686018429858959"
    }, {
      "d" : "1756452743294904198",
      "t" : 1756452743294,
      "tn" : 1756452743294904198,
      "q" : "50",
      "p" : "0.0000002242",
      "s" : "buy",
      "i" : "VET_BTC",
      "m" : "4611686018429858958"
    }, {
      "d" : "1756452743275091963",
      "t" : 1756452743275,
      "tn" : 1756452743275091963,
      "q" : "50",
      "p" : "0.0000002242",
      "s" : "buy",
      "i" : "VET_BTC",
      "m" : "4611686018429858957"
    }, {
      "d" : "1756452743199790550",
      "t" : 1756452743199,
      "tn" : 1756452743199790550,
      "q" : "50",
      "p" : "0.0000002242",
      "s" : "buy",
      "i" : "VET_BTC",
      "m" : "4611686018429858956"
    }, {
      "d" : "1756452743099771585",
      "t" : 1756452743099,
      "tn" : 1756452743099771585,
      "q" : "50",
      "p" : "0.0000002242",
      "s" : "buy",
      "i" : "VET_BTC",
      "m" : "4611686018429858955"
    }, {
      "d" : "1756452743029709705",
      "t" : 1756452743029,
      "tn" : 1756452743029709705,
      "q" : "50",
      "p" : "0.0000002242",
      "s" : "buy",
      "i" : "VET_BTC",
      "m" : "4611686018429858954"
    }, {
      "d" : "1756452742999641462",
      "t" : 1756452742999,
      "tn" : 1756452742999641462,
      "q" : "50",
      "p" : "0.0000002242",
      "s" : "buy",
      "i" : "VET_BTC",
      "m" : "4611686018429858953"
    }, {
      "d" : "1756452742899538647",
      "t" : 1756452742899,
      "tn" : 1756452742899538647,
      "q" : "50",
      "p" : "0.0000002242",
      "s" : "buy",
      "i" : "VET_BTC",
      "m" : "4611686018429858952"
    }, {
      "d" : "1756452742799381885",
      "t" : 1756452742799,
      "tn" : 1756452742799381885,
      "q" : "50",
      "p" : "0.0000002242",
      "s" : "buy",
      "i" : "VET_BTC",
      "m" : "4611686018429858951"
    }, {
      "d" : "1756452742698948470",
      "t" : 1756452742698,
      "tn" : 1756452742698948470,
      "q" : "50",
      "p" : "0.0000002242",
      "s" : "buy",
      "i" : "VET_BTC",
      "m" : "4611686018429858950"
    }, {
      "d" : "1756452742688995201",
      "t" : 1756452742688,
      "tn" : 1756452742688995201,
      "q" : "50",
      "p" : "0.0000002242",
      "s" : "buy",
      "i" : "VET_BTC",
      "m" : "4611686018429858949"
    }, {
      "d" : "1756452742638167580",
      "t" : 1756452742638,
      "tn" : 1756452742638167580,
      "q" : "50",
      "p" : "0.0000002242",
      "s" : "buy",
      "i" : "VET_BTC",
      "m" : "4611686018429858948"
    }, {
      "d" : "1756452742592602199",
      "t" : 1756452742592,
      "tn" : 1756452742592602199,
      "q" : "50",
      "p" : "0.0000002242",
      "s" : "buy",
      "i" : "VET_BTC",
      "m" : "4611686018429858947"
    }, {
      "d" : "1756452742537425232",
      "t" : 1756452742537,
      "tn" : 1756452742537425232,
      "q" : "50",
      "p" : "0.0000002242",
      "s" : "buy",
      "i" : "VET_BTC",
      "m" : "4611686018429858946"
    }, {
      "d" : "1756452742522694808",
      "t" : 1756452742522,
      "tn" : 1756452742522694808,
      "q" : "50",
      "p" : "0.0000002242",
      "s" : "buy",
      "i" : "VET_BTC",
      "m" : "4611686018429858945"
    }, {
      "d" : "1756452738559883512",
      "t" : 1756452738559,
      "tn" : 1756452738559883512,
      "q" : "50",
      "p" : "0.0000002242",
      "s" : "buy",
      "i" : "VET_BTC",
      "m" : "4611686018429858944"
    }, {
      "d" : "1756452738525153762",
      "t" : 1756452738525,
      "tn" : 1756452738525153762,
      "q" : "50",
      "p" : "0.0000002242",
      "s" : "buy",
      "i" : "VET_BTC",
      "m" : "4611686018429858943"
    }, {
      "d" : "1756451864997730682",
      "t" : 1756451864997,
      "tn" : 1756451864997730682,
      "q" : "1120",
      "p" : "0.0000002233",
      "s" : "sell",
      "i" : "VET_BTC",
      "m" : "4611686018429858942"
    }, {
      "d" : "1756451831005608602",
      "t" : 1756451831005,
      "tn" : 1756451831005608602,
      "q" : "50",
      "p" : "0.0000002233",
      "s" : "sell",
      "i" : "VET_BTC",
      "m" : "4611686018429858941"
    }, {
      "d" : "1756451673998242760",
      "t" : 1756451673998,
      "tn" : 1756451673998242760,
      "q" : "50",
      "p" : "0.0000002233",
      "s" : "sell",
      "i" : "VET_BTC",
      "m" : "4611686018429858940"
    }, {
      "d" : "1756451673978128164",
      "t" : 1756451673978,
      "tn" : 1756451673978128164,
      "q" : "50",
      "p" : "0.0000002233",
      "s" : "sell",
      "i" : "VET_BTC",
      "m" : "4611686018429858939"
    }, {
      "d" : "1756451673968132268",
      "t" : 1756451673968,
      "tn" : 1756451673968132268,
      "q" : "50",
      "p" : "0.0000002233",
      "s" : "sell",
      "i" : "VET_BTC",
      "m" : "4611686018429858938"
    }, {
      "d" : "1756451673958198025",
      "t" : 1756451673958,
      "tn" : 1756451673958198025,
      "q" : "50",
      "p" : "0.0000002233",
      "s" : "sell",
      "i" : "VET_BTC",
      "m" : "4611686018429858937"
    }, {
      "d" : "1756451673937074652",
      "t" : 1756451673937,
      "tn" : 1756451673937074652,
      "q" : "50",
      "p" : "0.0000002233",
      "s" : "sell",
      "i" : "VET_BTC",
      "m" : "4611686018429858936"
    }, {
      "d" : "1756451546374815798",
      "t" : 1756451546374,
      "tn" : 1756451546374815798,
      "q" : "40",
      "p" : "0.0000002248",
      "s" : "sell",
      "i" : "VET_BTC",
      "m" : "4611686018429858935"
    }, {
      "d" : "1756449600594893740",
      "t" : 1756449600594,
      "tn" : 1756449600594893740,
      "q" : "50",
      "p" : "0.0000002248",
      "s" : "sell",
      "i" : "VET_BTC",
      "m" : "4611686018429858934"
    }, {
      "d" : "1756449600520831563",
      "t" : 1756449600520,
      "tn" : 1756449600520831563,
      "q" : "50",
      "p" : "0.0000002248",
      "s" : "sell",
      "i" : "VET_BTC",
      "m" : "4611686018429858933"
    }, {
      "d" : "1756449600519854658",
      "t" : 1756449600519,
      "tn" : 1756449600519854658,
      "q" : "50",
      "p" : "0.0000002248",
      "s" : "sell",
      "i" : "VET_BTC",
      "m" : "4611686018429858932"
    }, {
      "d" : "1756449600301063039",
      "t" : 1756449600301,
      "tn" : 1756449600301063039,
      "q" : "50",
      "p" : "0.0000002248",
      "s" : "sell",
      "i" : "VET_BTC",
      "m" : "4611686018429858931"
    }, {
      "d" : "1756449600299243498",
      "t" : 1756449600299,
      "tn" : 1756449600299243498,
      "q" : "50",
      "p" : "0.0000002248",
      "s" : "sell",
      "i" : "VET_BTC",
      "m" : "4611686018429858930"
    }, {
      "d" : "1756449600234109707",
      "t" : 1756449600234,
      "tn" : 1756449600234109707,
      "q" : "50",
      "p" : "0.0000002248",
      "s" : "sell",
      "i" : "VET_BTC",
      "m" : "4611686018429858929"
    }, {
      "d" : "1756449600229237824",
      "t" : 1756449600229,
      "tn" : 1756449600229237824,
      "q" : "50",
      "p" : "0.0000002248",
      "s" : "sell",
      "i" : "VET_BTC",
      "m" : "4611686018429858928"
    }, {
      "d" : "1756449600224135385",
      "t" : 1756449600224,
      "tn" : 1756449600224135385,
      "q" : "50",
      "p" : "0.0000002248",
      "s" : "sell",
      "i" : "VET_BTC",
      "m" : "4611686018429858927"
    }, {
      "d" : "1756449600200941451",
      "t" : 1756449600200,
      "tn" : 1756449600200941451,
      "q" : "50",
      "p" : "0.0000002248",
      "s" : "sell",
      "i" : "VET_BTC",
      "m" : "4611686018429858926"
    }, {
      "d" : "1756449600199087489",
      "t" : 1756449600199,
      "tn" : 1756449600199087489,
      "q" : "50",
      "p" : "0.0000002248",
      "s" : "sell",
      "i" : "VET_BTC",
      "m" : "4611686018429858925"
    }, {
      "d" : "1756449600168223500",
      "t" : 1756449600168,
      "tn" : 1756449600168223500,
      "q" : "50",
      "p" : "0.0000002248",
      "s" : "sell",
      "i" : "VET_BTC",
      "m" : "4611686018429858924"
    }, {
      "d" : "1756449599982755560",
      "t" : 1756449599982,
      "tn" : 1756449599982755560,
      "q" : "50",
      "p" : "0.0000002248",
      "s" : "sell",
      "i" : "VET_BTC",
      "m" : "4611686018429858923"
    }, {
      "d" : "1756449599947707908",
      "t" : 1756449599947,
      "tn" : 1756449599947707908,
      "q" : "50",
      "p" : "0.0000002248",
      "s" : "sell",
      "i" : "VET_BTC",
      "m" : "4611686018429858922"
    }, {
      "d" : "1756449599897673985",
      "t" : 1756449599897,
      "tn" : 1756449599897673985,
      "q" : "50",
      "p" : "0.0000002248",
      "s" : "sell",
      "i" : "VET_BTC",
      "m" : "4611686018429858921"
    }, {
      "d" : "1756449599797355134",
      "t" : 1756449599797,
      "tn" : 1756449599797355134,
      "q" : "50",
      "p" : "0.0000002248",
      "s" : "sell",
      "i" : "VET_BTC",
      "m" : "4611686018429858920"
    }, {
      "d" : "1756449599762071953",
      "t" : 1756449599762,
      "tn" : 1756449599762071953,
      "q" : "50",
      "p" : "0.0000002248",
      "s" : "sell",
      "i" : "VET_BTC",
      "m" : "4611686018429858919"
    }, {
      "d" : "1756449599737076217",
      "t" : 1756449599737,
      "tn" : 1756449599737076217,
      "q" : "50",
      "p" : "0.0000002248",
      "s" : "sell",
      "i" : "VET_BTC",
      "m" : "4611686018429858918"
    }, {
      "d" : "1756449599717035266",
      "t" : 1756449599717,
      "tn" : 1756449599717035266,
      "q" : "50",
      "p" : "0.0000002248",
      "s" : "sell",
      "i" : "VET_BTC",
      "m" : "4611686018429858917"
    }, {
      "d" : "1756449599696735844",
      "t" : 1756449599696,
      "tn" : 1756449599696735844,
      "q" : "50",
      "p" : "0.0000002248",
      "s" : "sell",
      "i" : "VET_BTC",
      "m" : "4611686018429858916"
    }, {
      "d" : "1756449599688872158",
      "t" : 1756449599688,
      "tn" : 1756449599688872158,
      "q" : "50",
      "p" : "0.0000002248",
      "s" : "sell",
      "i" : "VET_BTC",
      "m" : "4611686018429858915"
    }, {
      "d" : "1756449599686757234",
      "t" : 1756449599686,
      "tn" : 1756449599686757234,
      "q" : "50",
      "p" : "0.0000002248",
      "s" : "sell",
      "i" : "VET_BTC",
      "m" : "4611686018429858914"
    }, {
      "d" : "1756449599598328288",
      "t" : 1756449599598,
      "tn" : 1756449599598328288,
      "q" : "50",
      "p" : "0.0000002248",
      "s" : "sell",
      "i" : "VET_BTC",
      "m" : "4611686018429858913"
    }, {
      "d" : "1756449599596620300",
      "t" : 1756449599596,
      "tn" : 1756449599596620300,
      "q" : "50",
      "p" : "0.0000002248",
      "s" : "sell",
      "i" : "VET_BTC",
      "m" : "4611686018429858912"
    }, {
      "d" : "1756449599523738322",
      "t" : 1756449599523,
      "tn" : 1756449599523738322,
      "q" : "50",
      "p" : "0.0000002248",
      "s" : "sell",
      "i" : "VET_BTC",
      "m" : "4611686018429858911"
    }, {
      "d" : "1756449599521665113",
      "t" : 1756449599521,
      "tn" : 1756449599521665113,
      "q" : "50",
      "p" : "0.0000002248",
      "s" : "sell",
      "i" : "VET_BTC",
      "m" : "4611686018429858910"
    }, {
      "d" : "1756449598036741342",
      "t" : 1756449598036,
      "tn" : 1756449598036741342,
      "q" : "50",
      "p" : "0.0000002248",
      "s" : "sell",
      "i" : "VET_BTC",
      "m" : "4611686018429858909"
    }, {
      "d" : "1756449598034276436",
      "t" : 1756449598034,
      "tn" : 1756449598034276436,
      "q" : "50",
      "p" : "0.0000002248",
      "s" : "sell",
      "i" : "VET_BTC",
      "m" : "4611686018429858908"
    }, {
      "d" : "1756442839283893441",
      "t" : 1756442839283,
      "tn" : 1756442839283893441,
      "q" : "40800",
      "p" : "0.0000002258",
      "s" : "sell",
      "i" : "VET_BTC",
      "m" : "4611686018429858907"
    }, {
      "d" : "1756442017401317229",
      "t" : 1756442017401,
      "tn" : 1756442017401317228,
      "q" : "7890",
      "p" : "0.0000002258",
      "s" : "sell",
      "i" : "VET_BTC",
      "m" : "4611686018429858906"
    }, {
      "d" : "1756442017401317228",
      "t" : 1756442017401,
      "tn" : 1756442017401317228,
      "q" : "1370",
      "p" : "0.0000002258",
      "s" : "sell",
      "i" : "VET_BTC",
      "m" : "4611686018429858906"
    }, {
      "d" : "1756441231248086873",
      "t" : 1756441231248,
      "tn" : 1756441231248086873,
      "q" : "1350",
      "p" : "0.0000002261",
      "s" : "sell",
      "i" : "VET_BTC",
      "m" : "4611686018429858905"
    }, {
      "d" : "1756441073522597616",
      "t" : 1756441073522,
      "tn" : 1756441073522597616,
      "q" : "30",
      "p" : "0.0000002266",
      "s" : "sell",
      "i" : "VET_BTC",
      "m" : "4611686018429858904"
    }, {
      "d" : "1756440307030235309",
      "t" : 1756440307030,
      "tn" : 1756440307030235309,
      "q" : "50",
      "p" : "0.0000002266",
      "s" : "sell",
      "i" : "VET_BTC",
      "m" : "4611686018429858903"
    }, {
      "d" : "1756440274519577497",
      "t" : 1756440274519,
      "tn" : 1756440274519577497,
      "q" : "50",
      "p" : "0.0000002266",
      "s" : "sell",
      "i" : "VET_BTC",
      "m" : "4611686018429858902"
    }, {
      "d" : "1756440274196659253",
      "t" : 1756440274196,
      "tn" : 1756440274196659253,
      "q" : "50",
      "p" : "0.0000002266",
      "s" : "sell",
      "i" : "VET_BTC",
      "m" : "4611686018429858901"
    }, {
      "d" : "1756440274095834882",
      "t" : 1756440274095,
      "tn" : 1756440274095834882,
      "q" : "50",
      "p" : "0.0000002266",
      "s" : "sell",
      "i" : "VET_BTC",
      "m" : "4611686018429858900"
    }, {
      "d" : "1756440273995639693",
      "t" : 1756440273995,
      "tn" : 1756440273995639693,
      "q" : "50",
      "p" : "0.0000002266",
      "s" : "sell",
      "i" : "VET_BTC",
      "m" : "4611686018429858899"
    }, {
      "d" : "1756440273920557515",
      "t" : 1756440273920,
      "tn" : 1756440273920557515,
      "q" : "50",
      "p" : "0.0000002266",
      "s" : "sell",
      "i" : "VET_BTC",
      "m" : "4611686018429858898"
    }, {
      "d" : "1756440273895522915",
      "t" : 1756440273895,
      "tn" : 1756440273895522915,
      "q" : "50",
      "p" : "0.0000002266",
      "s" : "sell",
      "i" : "VET_BTC",
      "m" : "4611686018429858897"
    }, {
      "d" : "1756440273825332563",
      "t" : 1756440273825,
      "tn" : 1756440273825332563,
      "q" : "50",
      "p" : "0.0000002266",
      "s" : "sell",
      "i" : "VET_BTC",
      "m" : "4611686018429858896"
    }, {
      "d" : "1756440273800290859",
      "t" : 1756440273800,
      "tn" : 1756440273800290859,
      "q" : "50",
      "p" : "0.0000002266",
      "s" : "sell",
      "i" : "VET_BTC",
      "m" : "4611686018429858895"
    }, {
      "d" : "1756440273798761279",
      "t" : 1756440273798,
      "tn" : 1756440273798761279,
      "q" : "50",
      "p" : "0.0000002266",
      "s" : "sell",
      "i" : "VET_BTC",
      "m" : "4611686018429858894"
    }, {
      "d" : "1756440273524634453",
      "t" : 1756440273524,
      "tn" : 1756440273524634453,
      "q" : "50",
      "p" : "0.0000002266",
      "s" : "sell",
      "i" : "VET_BTC",
      "m" : "4611686018429858893"
    }, {
      "d" : "1756440273522647115",
      "t" : 1756440273522,
      "tn" : 1756440273522647115,
      "q" : "50",
      "p" : "0.0000002266",
      "s" : "sell",
      "i" : "VET_BTC",
      "m" : "4611686018429858892"
    }, {
      "d" : "1756440273499596412",
      "t" : 1756440273499,
      "tn" : 1756440273499596412,
      "q" : "50",
      "p" : "0.0000002266",
      "s" : "sell",
      "i" : "VET_BTC",
      "m" : "4611686018429858891"
    }, {
      "d" : "1756440273497751310",
      "t" : 1756440273497,
      "tn" : 1756440273497751310,
      "q" : "50",
      "p" : "0.0000002266",
      "s" : "sell",
      "i" : "VET_BTC",
      "m" : "4611686018429858890"
    }, {
      "d" : "1756440272697463950",
      "t" : 1756440272697,
      "tn" : 1756440272697463950,
      "q" : "50",
      "p" : "0.0000002266",
      "s" : "sell",
      "i" : "VET_BTC",
      "m" : "4611686018429858889"
    }, {
      "d" : "1756440272696413746",
      "t" : 1756440272696,
      "tn" : 1756440272696413746,
      "q" : "50",
      "p" : "0.0000002266",
      "s" : "sell",
      "i" : "VET_BTC",
      "m" : "4611686018429858888"
    }, {
      "d" : "1756440272597992053",
      "t" : 1756440272597,
      "tn" : 1756440272597992053,
      "q" : "50",
      "p" : "0.0000002266",
      "s" : "sell",
      "i" : "VET_BTC",
      "m" : "4611686018429858887"
    }, {
      "d" : "1756440272596260036",
      "t" : 1756440272596,
      "tn" : 1756440272596260036,
      "q" : "50",
      "p" : "0.0000002266",
      "s" : "sell",
      "i" : "VET_BTC",
      "m" : "4611686018429858886"
    }, {
      "d" : "1756440272522433149",
      "t" : 1756440272522,
      "tn" : 1756440272522433149,
      "q" : "50",
      "p" : "0.0000002266",
      "s" : "sell",
      "i" : "VET_BTC",
      "m" : "4611686018429858885"
    }, {
      "d" : "1756440272520531037",
      "t" : 1756440272520,
      "tn" : 1756440272520531037,
      "q" : "50",
      "p" : "0.0000002266",
      "s" : "sell",
      "i" : "VET_BTC",
      "m" : "4611686018429858884"
    }, {
      "d" : "1756440272397185804",
      "t" : 1756440272397,
      "tn" : 1756440272397185804,
      "q" : "50",
      "p" : "0.0000002266",
      "s" : "sell",
      "i" : "VET_BTC",
      "m" : "4611686018429858883"
    }, {
      "d" : "1756440272395434430",
      "t" : 1756440272395,
      "tn" : 1756440272395434430,
      "q" : "50",
      "p" : "0.0000002266",
      "s" : "sell",
      "i" : "VET_BTC",
      "m" : "4611686018429858882"
    }, {
      "d" : "1756440272297246968",
      "t" : 1756440272297,
      "tn" : 1756440272297246968,
      "q" : "50",
      "p" : "0.0000002266",
      "s" : "sell",
      "i" : "VET_BTC",
      "m" : "4611686018429858881"
    }, {
      "d" : "1756440272295371673",
      "t" : 1756440272295,
      "tn" : 1756440272295371673,
      "q" : "50",
      "p" : "0.0000002266",
      "s" : "sell",
      "i" : "VET_BTC",
      "m" : "4611686018429858880"
    }, {
      "d" : "1756440272059502979",
      "t" : 1756440272059,
      "tn" : 1756440272059502979,
      "q" : "50",
      "p" : "0.0000002266",
      "s" : "sell",
      "i" : "VET_BTC",
      "m" : "4611686018429858879"
    }, {
      "d" : "1756440272056879197",
      "t" : 1756440272056,
      "tn" : 1756440272056879197,
      "q" : "50",
      "p" : "0.0000002266",
      "s" : "sell",
      "i" : "VET_BTC",
      "m" : "4611686018429858878"
    }, {
      "d" : "1756440235107225759",
      "t" : 1756440235107,
      "tn" : 1756440235107225759,
      "q" : "1310",
      "p" : "0.0000002266",
      "s" : "sell",
      "i" : "VET_BTC",
      "m" : "4611686018429858877"
    }, {
      "d" : "1756440229719985348",
      "t" : 1756440229719,
      "tn" : 1756440229719985348,
      "q" : "1290",
      "p" : "0.0000002267",
      "s" : "sell",
      "i" : "VET_BTC",
      "m" : "4611686018429858876"
    }, {
      "d" : "1756440224197739392",
      "t" : 1756440224197,
      "tn" : 1756440224197739392,
      "q" : "1280",
      "p" : "0.0000002266",
      "s" : "sell",
      "i" : "VET_BTC",
      "m" : "4611686018429858875"
    }, {
      "d" : "1756440028421028250",
      "t" : 1756440028421,
      "tn" : 1756440028421028250,
      "q" : "1530",
      "p" : "0.0000002275",
      "s" : "buy",
      "i" : "VET_BTC",
      "m" : "4611686018429858874"
    }, {
      "d" : "1756439760218015453",
      "t" : 1756439760218,
      "tn" : 1756439760218015452,
      "q" : "3730",
      "p" : "0.0000002269",
      "s" : "sell",
      "i" : "VET_BTC",
      "m" : "4611686018429858873"
    }, {
      "d" : "1756439760218015452",
      "t" : 1756439760218,
      "tn" : 1756439760218015452,
      "q" : "34090",
      "p" : "0.0000002269",
      "s" : "sell",
      "i" : "VET_BTC",
      "m" : "4611686018429858873"
    }, {
      "d" : "1756439760218010981",
      "t" : 1756439760218,
      "tn" : 1756439760218010981,
      "q" : "7620",
      "p" : "0.0000002270",
      "s" : "sell",
      "i" : "VET_BTC",
      "m" : "4611686018429858872"
    }, {
      "d" : "1756437290461001237",
      "t" : 1756437290461,
      "tn" : 1756437290461001236,
      "q" : "4380",
      "p" : "0.0000002288",
      "s" : "buy",
      "i" : "VET_BTC",
      "m" : "4611686018429858871"
    }, {
      "d" : "1756437290461001236",
      "t" : 1756437290461,
      "tn" : 1756437290461001236,
      "q" : "7620",
      "p" : "0.0000002288",
      "s" : "buy",
      "i" : "VET_BTC",
      "m" : "4611686018429858871"
    }, {
      "d" : "1756437237893050526",
      "t" : 1756437237893,
      "tn" : 1756437237893050526,
      "q" : "1250",
      "p" : "0.0000002288",
      "s" : "sell",
      "i" : "VET_BTC",
      "m" : "4611686018429858870"
    }, {
      "d" : "1756436970157320559",
      "t" : 1756436970157,
      "tn" : 1756436970157320559,
      "q" : "7620",
      "p" : "0.0000002289",
      "s" : "sell",
      "i" : "VET_BTC",
      "m" : "4611686018429858869"
    }, {
      "d" : "1756436954712004255",
      "t" : 1756436954712,
      "tn" : 1756436954712004255,
      "q" : "1880",
      "p" : "0.0000002287",
      "s" : "buy",
      "i" : "VET_BTC",
      "m" : "4611686018429858868"
    }, {
      "d" : "1756436954712001953",
      "t" : 1756436954712,
      "tn" : 1756436954712001953,
      "q" : "1880",
      "p" : "0.0000002286",
      "s" : "buy",
      "i" : "VET_BTC",
      "m" : "4611686018429858867"
    }, {
      "d" : "1756436951291871208",
      "t" : 1756436951291,
      "tn" : 1756436951291871207,
      "q" : "29720",
      "p" : "0.0000002283",
      "s" : "buy",
      "i" : "VET_BTC",
      "m" : "4611686018429858866"
    }, {
      "d" : "1756436951291871207",
      "t" : 1756436951291,
      "tn" : 1756436951291871207,
      "q" : "29720",
      "p" : "0.0000002283",
      "s" : "buy",
      "i" : "VET_BTC",
      "m" : "4611686018429858866"
    }, {
      "d" : "1756435272551439289",
      "t" : 1756435272551,
      "tn" : 1756435272551439289,
      "q" : "50",
      "p" : "0.0000002270",
      "s" : "sell",
      "i" : "VET_BTC",
      "m" : "4611686018429858865"
    }, {
      "d" : "1756433582559263435",
      "t" : 1756433582559,
      "tn" : 1756433582559263435,
      "q" : "50",
      "p" : "0.0000002270",
      "s" : "buy",
      "i" : "VET_BTC",
      "m" : "4611686018429858864"
    }, {
      "d" : "1756433080260988416",
      "t" : 1756433080260,
      "tn" : 1756433080260988416,
      "q" : "7620",
      "p" : "0.0000002266",
      "s" : "buy",
      "i" : "VET_BTC",
      "m" : "4611686018429858863"
    }, {
      "d" : "1756430722696887813",
      "t" : 1756430722696,
      "tn" : 1756430722696887813,
      "q" : "7620",
      "p" : "0.0000002249",
      "s" : "sell",
      "i" : "VET_BTC",
      "m" : "4611686018429858862"
    }, {
      "d" : "1756430129450359762",
      "t" : 1756430129450,
      "tn" : 1756430129450359762,
      "q" : "9910",
      "p" : "0.0000002265",
      "s" : "buy",
      "i" : "VET_BTC",
      "m" : "4611686018429858861"
    }, {
      "d" : "1756424453571941456",
      "t" : 1756424453571,
      "tn" : 1756424453571941456,
      "q" : "9900",
      "p" : "0.0000002284",
      "s" : "buy",
      "i" : "VET_BTC",
      "m" : "4611686018429858860"
    }, {
      "d" : "1756424312568270473",
      "t" : 1756424312568,
      "tn" : 1756424312568270473,
      "q" : "7620",
      "p" : "0.0000002281",
      "s" : "buy",
      "i" : "VET_BTC",
      "m" : "4611686018429858859"
    }, {
      "d" : "1756422715598076587",
      "t" : 1756422715598,
      "tn" : 1756422715598076587,
      "q" : "4290",
      "p" : "0.0000002271",
      "s" : "sell",
      "i" : "VET_BTC",
      "m" : "4611686018429858858"
    }, {
      "d" : "1756422715598073843",
      "t" : 1756422715598,
      "tn" : 1756422715598073843,
      "q" : "7620",
      "p" : "0.0000002272",
      "s" : "sell",
      "i" : "VET_BTC",
      "m" : "4611686018429858857"
    }, {
      "d" : "1756418499569543046",
      "t" : 1756418499569,
      "tn" : 1756418499569543046,
      "q" : "4310",
      "p" : "0.0000002262",
      "s" : "buy",
      "i" : "VET_BTC",
      "m" : "4611686018429858856"
    }, {
      "d" : "1756418499569541177",
      "t" : 1756418499569,
      "tn" : 1756418499569541177,
      "q" : "7620",
      "p" : "0.0000002261",
      "s" : "buy",
      "i" : "VET_BTC",
      "m" : "4611686018429858855"
    }, {
      "d" : "1756405371219061517",
      "t" : 1756405371219,
      "tn" : 1756405371219061517,
      "q" : "4870",
      "p" : "0.0000002233",
      "s" : "sell",
      "i" : "VET_BTC",
      "m" : "4611686018429858854"
    }, {
      "d" : "1756405310281165449",
      "t" : 1756405310281,
      "tn" : 1756405310281165449,
      "q" : "7620",
      "p" : "0.0000002238",
      "s" : "sell",
      "i" : "VET_BTC",
      "m" : "4611686018429858853"
    }, {
      "d" : "1756404912592438942",
      "t" : 1756404912592,
      "tn" : 1756404912592438942,
      "q" : "1280",
      "p" : "0.0000002235",
      "s" : "sell",
      "i" : "VET_BTC",
      "m" : "4611686018429858852"
    }, {
      "d" : "1756404885713851284",
      "t" : 1756404885713,
      "tn" : 1756404885713851284,
      "q" : "4870",
      "p" : "0.0000002242",
      "s" : "buy",
      "i" : "VET_BTC",
      "m" : "4611686018429858851"
    }, {
      "d" : "1756404885713848792",
      "t" : 1756404885713,
      "tn" : 1756404885713848792,
      "q" : "7620",
      "p" : "0.0000002241",
      "s" : "buy",
      "i" : "VET_BTC",
      "m" : "4611686018429858850"
    }, {
      "d" : "1756395951496954589",
      "t" : 1756395951496,
      "tn" : 1756395951496954589,
      "q" : "15950",
      "p" : "0.0000002268",
      "s" : "sell",
      "i" : "VET_BTC",
      "m" : "4611686018429858849"
    }, {
      "d" : "1756395951496952488",
      "t" : 1756395951496,
      "tn" : 1756395951496952488,
      "q" : "24420",
      "p" : "0.0000002269",
      "s" : "sell",
      "i" : "VET_BTC",
      "m" : "4611686018429858848"
    }, {
      "d" : "1756395001117272432",
      "t" : 1756395001117,
      "tn" : 1756395001117272432,
      "q" : "9180",
      "p" : "0.0000002273",
      "s" : "sell",
      "i" : "VET_BTC",
      "m" : "4611686018429858847"
    }, {
      "d" : "1756395001117269306",
      "t" : 1756395001117,
      "tn" : 1756395001117269306,
      "q" : "7620",
      "p" : "0.0000002274",
      "s" : "sell",
      "i" : "VET_BTC",
      "m" : "4611686018429858846"
    }, {
      "d" : "1756393083994158674",
      "t" : 1756393083994,
      "tn" : 1756393083994158674,
      "q" : "1290",
      "p" : "0.0000002280",
      "s" : "buy",
      "i" : "VET_BTC",
      "m" : "4611686018429858845"
    }, {
      "d" : "1756393083923517145",
      "t" : 1756393083923,
      "tn" : 1756393083923517145,
      "q" : "9800",
      "p" : "0.0000002280",
      "s" : "buy",
      "i" : "VET_BTC",
      "m" : "4611686018429858844"
    }, {
      "d" : "1756393083922525954",
      "t" : 1756393083922,
      "tn" : 1756393083922525953,
      "q" : "680",
      "p" : "0.0000002280",
      "s" : "buy",
      "i" : "VET_BTC",
      "m" : "4611686018429858843"
    }, {
      "d" : "1756393083922525953",
      "t" : 1756393083922,
      "tn" : 1756393083922525953,
      "q" : "9130",
      "p" : "0.0000002280",
      "s" : "buy",
      "i" : "VET_BTC",
      "m" : "4611686018429858843"
    }, {
      "d" : "1756387990470213863",
      "t" : 1756387990470,
      "tn" : 1756387990470213863,
      "q" : "1880",
      "p" : "0.0000002285",
      "s" : "buy",
      "i" : "VET_BTC",
      "m" : "4611686018429858842"
    }, {
      "d" : "1756387990470211226",
      "t" : 1756387990470,
      "tn" : 1756387990470211226,
      "q" : "1880",
      "p" : "0.0000002284",
      "s" : "buy",
      "i" : "VET_BTC",
      "m" : "4611686018429858841"
    }, {
      "d" : "1756384452442917484",
      "t" : 1756384452442,
      "tn" : 1756384452442917484,
      "q" : "30020",
      "p" : "0.0000002273",
      "s" : "buy",
      "i" : "VET_BTC",
      "m" : "4611686018429858840"
    }, {
      "d" : "1756384452442915023",
      "t" : 1756384452442,
      "tn" : 1756384452442915023,
      "q" : "7620",
      "p" : "0.0000002272",
      "s" : "buy",
      "i" : "VET_BTC",
      "m" : "4611686018429858839"
    }, {
      "d" : "1756380725494973439",
      "t" : 1756380725494,
      "tn" : 1756380725494973439,
      "q" : "19750",
      "p" : "0.0000002266",
      "s" : "sell",
      "i" : "VET_BTC",
      "m" : "4611686018429858838"
    }, {
      "d" : "1756380610589881016",
      "t" : 1756380610589,
      "tn" : 1756380610589881015,
      "q" : "15320",
      "p" : "0.0000002270",
      "s" : "sell",
      "i" : "VET_BTC",
      "m" : "4611686018429858837"
    }, {
      "d" : "1756380610589881015",
      "t" : 1756380610589,
      "tn" : 1756380610589881015,
      "q" : "7620",
      "p" : "0.0000002270",
      "s" : "sell",
      "i" : "VET_BTC",
      "m" : "4611686018429858837"
    }, {
      "d" : "1756379518585191073",
      "t" : 1756379518585,
      "tn" : 1756379518585191073,
      "q" : "9240",
      "p" : "0.0000002276",
      "s" : "buy",
      "i" : "VET_BTC",
      "m" : "4611686018429858836"
    }, {
      "d" : "1756379518585188856",
      "t" : 1756379518585,
      "tn" : 1756379518585188856,
      "q" : "9240",
      "p" : "0.0000002275",
      "s" : "buy",
      "i" : "VET_BTC",
      "m" : "4611686018429858835"
    }, {
      "d" : "1756379462706826681",
      "t" : 1756379462706,
      "tn" : 1756379462706826680,
      "q" : "29930",
      "p" : "0.0000002273",
      "s" : "buy",
      "i" : "VET_BTC",
      "m" : "4611686018429858834"
    } ]
  }
}