{
  "id" : -1,
  "method" : "public/get-trades",
  "code" : 0,
  "result" : {
    "data" : [ {
      "d" : "1756462045672604797",
      "t" : 1756462045672,
      "tn" : 1756462045672604797,
      "q" : "50",
      "p" : "0.024566",
      "s" : "buy",
      "i" : "VET_USDT",
      "m" : "4611686018431505083"
    }, {
      "d" : "1756461893908878391",
      "t" : 1756461893908,
      "tn" : 1756461893908878391,
      "q" : "10000",
      "p" : "0.024584",
      "s" : "buy",
      "i" : "VET_USDT",
      "m" : "4611686018431505082"
    }, {
      "d" : "1756461893908876454",
      "t" : 1756461893908,
      "tn" : 1756461893908876454,
      "q" : "10000",
      "p" : "0.024566",
      "s" : "buy",
      "i" : "VET_USDT",
      "m" : "4611686018431505081"
    }, {
      "d" : "1756461893908873047",
      "t" : 1756461893908,
      "tn" : 1756461893908873047,
      "q" : "50",
      "p" : "0.024556",
      "s" : "buy",
      "i" : "VET_USDT",
      "m" : "4611686018431505080"
    }, {
      "d" : "1756461721352835638",
      "t" : 1756461721352,
      "tn" : 1756461721352835638,
      "q" : "2750",
      "p" : "0.024490",
      "s" : "buy",
      "i" : "VET_USDT",
      "m" : "4611686018431505079"
    }, {
      "d" : "1756459427153709216",
      "t" : 1756459427153,
      "tn" : 1756459427153709216,
      "q" : "1410",
      "p" : "0.024410",
      "s" : "buy",
      "i" : "VET_USDT",
      "m" : "4611686018431505078"
    }, {
      "d" : "1756459427153707531",
      "t" : 1756459427153,
      "tn" : 1756459427153707531,
      "q" : "410",
      "p" : "0.024409",
      "s" : "buy",
      "i" : "VET_USDT",
      "m" : "4611686018431505077"
    }, {
      "d" : "1756459427153705524",
      "t" : 1756459427153,
      "tn" : 1756459427153705524,
      "q" : "50",
      "p" : "0.024406",
      "s" : "buy",
      "i" : "VET_USDT",
      "m" : "4611686018431505076"
    }, {
      "d" : "1756459192535831639",
      "t" : 1756459192535,
      "tn" : 1756459192535831639,
      "q" : "9990",
      "p" : "0.024430",
      "s" : "buy",
      "i" : "VET_USDT",
      "m" : "4611686018431505075"
    }, {
      "d" : "1756458735577176746",
      "t" : 1756458735577,
      "tn" : 1756458735577176746,
      "q" : "25330",
      "p" : "0.024290",
      "s" : "buy",
      "i" : "VET_USDT",
      "m" : "4611686018431505074"
    }, {
      "d" : "1756458735577174786",
      "t" : 1756458735577,
      "tn" : 1756458735577174786,
      "q" : "420",
      "p" : "0.024289",
      "s" : "buy",
      "i" : "VET_USDT",
      "m" : "4611686018431505073"
    }, {
      "d" : "1756458735577172753",
      "t" : 1756458735577,
      "tn" : 1756458735577172753,
      "q" : "50",
      "p" : "0.024286",
      "s" : "buy",
      "i" : "VET_USDT",
      "m" : "4611686018431505072"
    }, {
      "d" : "1756458394575094857",
      "t" : 1756458394575,
      "tn" : 1756458394575094857,
      "q" : "50",
      "p" : "0.024244",
      "s" : "sell",
      "i" : "VET_USDT",
      "m" : "4611686018431505071"
    }, {
      "d" : "1756458364713512520",
      "t" : 1756458364713,
      "tn" : 1756458364713512520,
      "q" : "50",
      "p" : "0.024264",
      "s" : "sell",
      "i" : "VET_USDT",
      "m" : "4611686018431505070"
    }, {
      "d" : "1756458317349309305",
      "t" : 1756458317349,
      "tn" : 1756458317349309305,
      "q" : "9990",
      "p" : "0.024249",
      "s" : "buy",
      "i" : "VET_USDT",
      "m" : "4611686018431505069"
    }, {
      "d" : "1756458232579720773",
      "t" : 1756458232579,
      "tn" : 1756458232579720773,
      "q" : "50",
      "p" : "0.024214",
      "s" : "sell",
      "i" : "VET_USDT",
      "m" : "4611686018431505068"
    }, {
      "d" : "1756458224760325811",
      "t" : 1756458224760,
      "tn" : 1756458224760325811,
      "q" : "50",
      "p" : "0.024214",
      "s" : "sell",
      "i" : "VET_USDT",
      "m" : "4611686018431505067"
    }, {
      "d" : "1756458220823089586",
      "t" : 1756458220823,
      "tn" : 1756458220823089586,
      "q" : "50",
      "p" : "0.024224",
      "s" : "sell",
      "i" : "VET_USDT",
      "m" : "4611686018431505066"
    }, {
      "d" : "1756458220347957873",
      "t" : 1756458220347,
      "tn" : 1756458220347957873,
      "q" : "50",
      "p" : "0.024224",
      "s" : "sell",
      "i" : "VET_USDT",
      "m" : "4611686018431505065"
    }, {
      "d" : "1756458214292197279",
      "t" : 1756458214292,
      "tn" : 1756458214292197279,
      "q" : "50",
      "p" : "0.024224",
      "s" : "sell",
      "i" : "VET_USDT",
      "m" : "4611686018431505064"
    }, {
      "d" : "1756458214041465277",
      "t" : 1756458214041,
      "tn" : 1756458214041465277,
      "q" : "50",
      "p" : "0.024224",
      "s" : "sell",
      "i" : "VET_USDT",
      "m" : "4611686018431505063"
    }, {
      "d" : "1756458213790703395",
      "t" : 1756458213790,
      "tn" : 1756458213790703395,
      "q" : "50",
      "p" : "0.024224",
      "s" : "sell",
      "i" : "VET_USDT",
      "m" : "4611686018431505062"
    }, {
      "d" : "1756458212727376310",
      "t" : 1756458212727,
      "tn" : 1756458212727376310,
      "q" : "50",
      "p" : "0.024224",
      "s" : "sell",
      "i" : "VET_USDT",
      "m" : "4611686018431505061"
    }, {
      "d" : "1756458211273526015",
      "t" : 1756458211273,
      "tn" : 1756458211273526015,
      "q" : "50",
      "p" : "0.024224",
      "s" : "sell",
      "i" : "VET_USDT",
      "m" : "4611686018431505060"
    }, {
      "d" : "1756458211022852729",
      "t" : 1756458211022,
      "tn" : 1756458211022852729,
      "q" : "50",
      "p" : "0.024224",
      "s" : "sell",
      "i" : "VET_USDT",
      "m" : "4611686018431505059"
    }, {
      "d" : "1756458210771997589",
      "t" : 1756458210771,
      "tn" : 1756458210771997589,
      "q" : "50",
      "p" : "0.024224",
      "s" : "sell",
      "i" : "VET_USDT",
      "m" : "4611686018431505058"
    }, {
      "d" : "1756458210521188376",
      "t" : 1756458210521,
      "tn" : 1756458210521188376,
      "q" : "50",
      "p" : "0.024224",
      "s" : "sell",
      "i" : "VET_USDT",
      "m" : "4611686018431505057"
    }, {
      "d" : "1756458198976006751",
      "t" : 1756458198976,
      "tn" : 1756458198976006751,
      "q" : "50",
      "p" : "0.024214",
      "s" : "sell",
      "i" : "VET_USDT",
      "m" : "4611686018431505056"
    }, {
      "d" : "1756458193461657314",
      "t" : 1756458193461,
      "tn" : 1756458193461657314,
      "q" : "50",
      "p" : "0.024204",
      "s" : "sell",
      "i" : "VET_USDT",
      "m" : "4611686018431505055"
    }, {
      "d" : "1756458191122838942",
      "t" : 1756458191122,
      "tn" : 1756458191122838942,
      "q" : "50",
      "p" : "0.024204",
      "s" : "sell",
      "i" : "VET_USDT",
      "m" : "4611686018431505054"
    }, {
      "d" : "1756458181543947824",
      "t" : 1756458181543,
      "tn" : 1756458181543947824,
      "q" : "50",
      "p" : "0.024174",
      "s" : "sell",
      "i" : "VET_USDT",
      "m" : "4611686018431505053"
    }, {
      "d" : "1756458180535744168",
      "t" : 1756458180535,
      "tn" : 1756458180535744168,
      "q" : "50",
      "p" : "0.024174",
      "s" : "sell",
      "i" : "VET_USDT",
      "m" : "4611686018431505052"
    }, {
      "d" : "1756458180145769856",
      "t" : 1756458180145,
      "tn" : 1756458180145769856,
      "q" : "24810",
      "p" : "0.024170",
      "s" : "sell",
      "i" : "VET_USDT",
      "m" : "4611686018431505051"
    }, {
      "d" : "1756458180145767805",
      "t" : 1756458180145,
      "tn" : 1756458180145767805,
      "q" : "50",
      "p" : "0.024174",
      "s" : "sell",
      "i" : "VET_USDT",
      "m" : "4611686018431505050"
    }, {
      "d" : "1756458177519017757",
      "t" : 1756458177519,
      "tn" : 1756458177519017757,
      "q" : "420",
      "p" : "0.024189",
      "s" : "buy",
      "i" : "VET_USDT",
      "m" : "4611686018431505049"
    }, {
      "d" : "1756458177519016096",
      "t" : 1756458177519,
      "tn" : 1756458177519016096,
      "q" : "50",
      "p" : "0.024186",
      "s" : "buy",
      "i" : "VET_USDT",
      "m" : "4611686018431505048"
    }, {
      "d" : "1756458177484907170",
      "t" : 1756458177484,
      "tn" : 1756458177484907170,
      "q" : "420",
      "p" : "0.024189",
      "s" : "buy",
      "i" : "VET_USDT",
      "m" : "4611686018431505047"
    }, {
      "d" : "1756458177484904466",
      "t" : 1756458177484,
      "tn" : 1756458177484904466,
      "q" : "50",
      "p" : "0.024186",
      "s" : "buy",
      "i" : "VET_USDT",
      "m" : "4611686018431505046"
    }, {
      "d" : "1756458177480205382",
      "t" : 1756458177480,
      "tn" : 1756458177480205382,
      "q" : "420",
      "p" : "0.024189",
      "s" : "buy",
      "i" : "VET_USDT",
      "m" : "4611686018431505045"
    }, {
      "d" : "1756458177480203830",
      "t" : 1756458177480,
      "tn" : 1756458177480203830,
      "q" : "50",
      "p" : "0.024186",
      "s" : "buy",
      "i" : "VET_USDT",
      "m" : "4611686018431505044"
    }, {
      "d" : "1756458150051097418",
      "t" : 1756458150051,
      "tn" : 1756458150051097417,
      "q" : "120",
      "p" : "0.024240",
      "s" : "sell",
      "i" : "VET_USDT",
      "m" : "4611686018431505043"
    }, {
      "d" : "1756458150051097417",
      "t" : 1756458150051,
      "tn" : 1756458150051097417,
      "q" : "2750",
      "p" : "0.024240",
      "s" : "sell",
      "i" : "VET_USDT",
      "m" : "4611686018431505043"
    }, {
      "d" : "1756458033520054303",
      "t" : 1756458033520,
      "tn" : 1756458033520054303,
      "q" : "50",
      "p" : "0.024284",
      "s" : "sell",
      "i" : "VET_USDT",
      "m" : "4611686018431505042"
    }, {
      "d" : "1756458033261858883",
      "t" : 1756458033261,
      "tn" : 1756458033261858883,
      "q" : "50",
      "p" : "0.024284",
      "s" : "sell",
      "i" : "VET_USDT",
      "m" : "4611686018431505041"
    }, {
      "d" : "1756458033011078886",
      "t" : 1756458033011,
      "tn" : 1756458033011078886,
      "q" : "50",
      "p" : "0.024284",
      "s" : "sell",
      "i" : "VET_USDT",
      "m" : "4611686018431505040"
    }, {
      "d" : "1756458032760310204",
      "t" : 1756458032760,
      "tn" : 1756458032760310204,
      "q" : "50",
      "p" : "0.024284",
      "s" : "sell",
      "i" : "VET_USDT",
      "m" : "4611686018431505039"
    }, {
      "d" : "1756458010715301771",
      "t" : 1756458010715,
      "tn" : 1756458010715301771,
      "q" : "50",
      "p" : "0.024284",
      "s" : "sell",
      "i" : "VET_USDT",
      "m" : "4611686018431505038"
    }, {
      "d" : "1756458010641394861",
      "t" : 1756458010641,
      "tn" : 1756458010641394861,
      "q" : "50",
      "p" : "0.024284",
      "s" : "sell",
      "i" : "VET_USDT",
      "m" : "4611686018431505037"
    }, {
      "d" : "1756458010173386492",
      "t" : 1756458010173,
      "tn" : 1756458010173386492,
      "q" : "50",
      "p" : "0.024284",
      "s" : "sell",
      "i" : "VET_USDT",
      "m" : "4611686018431505036"
    }, {
      "d" : "1756458008908406009",
      "t" : 1756458008908,
      "tn" : 1756458008908406009,
      "q" : "50",
      "p" : "0.024284",
      "s" : "sell",
      "i" : "VET_USDT",
      "m" : "4611686018431505035"
    }, {
      "d" : "1756458008657661580",
      "t" : 1756458008657,
      "tn" : 1756458008657661580,
      "q" : "50",
      "p" : "0.024284",
      "s" : "sell",
      "i" : "VET_USDT",
      "m" : "4611686018431505034"
    }, {
      "d" : "1756458008406789909",
      "t" : 1756458008406,
      "tn" : 1756458008406789909,
      "q" : "50",
      "p" : "0.024284",
      "s" : "sell",
      "i" : "VET_USDT",
      "m" : "4611686018431505033"
    }, {
      "d" : "1756458004688497004",
      "t" : 1756458004688,
      "tn" : 1756458004688497004,
      "q" : "50",
      "p" : "0.024284",
      "s" : "sell",
      "i" : "VET_USDT",
      "m" : "4611686018431505032"
    }, {
      "d" : "1756458000315062976",
      "t" : 1756458000315,
      "tn" : 1756458000315062976,
      "q" : "50",
      "p" : "0.024294",
      "s" : "sell",
      "i" : "VET_USDT",
      "m" : "4611686018431505031"
    }, {
      "d" : "1756458000063385127",
      "t" : 1756458000063,
      "tn" : 1756458000063385127,
      "q" : "50",
      "p" : "0.024294",
      "s" : "sell",
      "i" : "VET_USDT",
      "m" : "4611686018431505030"
    }, {
      "d" : "1756457990472797116",
      "t" : 1756457990472,
      "tn" : 1756457990472797116,
      "q" : "50",
      "p" : "0.024294",
      "s" : "sell",
      "i" : "VET_USDT",
      "m" : "4611686018431505029"
    }, {
      "d" : "1756457990222050917",
      "t" : 1756457990222,
      "tn" : 1756457990222050917,
      "q" : "50",
      "p" : "0.024294",
      "s" : "sell",
      "i" : "VET_USDT",
      "m" : "4611686018431505028"
    }, {
      "d" : "1756457989953144025",
      "t" : 1756457989953,
      "tn" : 1756457989953144025,
      "q" : "50",
      "p" : "0.024294",
      "s" : "sell",
      "i" : "VET_USDT",
      "m" : "4611686018431505027"
    }, {
      "d" : "1756457979887440496",
      "t" : 1756457979887,
      "tn" : 1756457979887440496,
      "q" : "50",
      "p" : "0.024304",
      "s" : "sell",
      "i" : "VET_USDT",
      "m" : "4611686018431505026"
    }, {
      "d" : "1756457973283782510",
      "t" : 1756457973283,
      "tn" : 1756457973283782510,
      "q" : "50",
      "p" : "0.024304",
      "s" : "sell",
      "i" : "VET_USDT",
      "m" : "4611686018431505025"
    }, {
      "d" : "1756457972772314127",
      "t" : 1756457972772,
      "tn" : 1756457972772314127,
      "q" : "50",
      "p" : "0.024304",
      "s" : "sell",
      "i" : "VET_USDT",
      "m" : "4611686018431505024"
    }, {
      "d" : "1756457972521643518",
      "t" : 1756457972521,
      "tn" : 1756457972521643518,
      "q" : "50",
      "p" : "0.024304",
      "s" : "sell",
      "i" : "VET_USDT",
      "m" : "4611686018431505023"
    }, {
      "d" : "1756457950272699688",
      "t" : 1756457950272,
      "tn" : 1756457950272699688,
      "q" : "50",
      "p" : "0.024304",
      "s" : "sell",
      "i" : "VET_USDT",
      "m" : "4611686018431505022"
    }, {
      "d" : "1756457950021951339",
      "t" : 1756457950021,
      "tn" : 1756457950021951339,
      "q" : "50",
      "p" : "0.024304",
      "s" : "sell",
      "i" : "VET_USDT",
      "m" : "4611686018431505021"
    }, {
      "d" : "1756457949771258894",
      "t" : 1756457949771,
      "tn" : 1756457949771258894,
      "q" : "50",
      "p" : "0.024304",
      "s" : "sell",
      "i" : "VET_USDT",
      "m" : "4611686018431505020"
    }, {
      "d" : "1756457949520555877",
      "t" : 1756457949520,
      "tn" : 1756457949520555877,
      "q" : "50",
      "p" : "0.024304",
      "s" : "sell",
      "i" : "VET_USDT",
      "m" : "4611686018431505019"
    }, {
      "d" : "1756457949260338700",
      "t" : 1756457949260,
      "tn" : 1756457949260338700,
      "q" : "50",
      "p" : "0.024304",
      "s" : "sell",
      "i" : "VET_USDT",
      "m" : "4611686018431505018"
    }, {
      "d" : "1756457949009517663",
      "t" : 1756457949009,
      "tn" : 1756457949009517663,
      "q" : "50",
      "p" : "0.024304",
      "s" : "sell",
      "i" : "VET_USDT",
      "m" : "4611686018431505017"
    }, {
      "d" : "1756457948531957009",
      "t" : 1756457948531,
      "tn" : 1756457948531957009,
      "q" : "50",
      "p" : "0.024304",
      "s" : "sell",
      "i" : "VET_USDT",
      "m" : "4611686018431505016"
    }, {
      "d" : "1756457948281183436",
      "t" : 1756457948281,
      "tn" : 1756457948281183436,
      "q" : "50",
      "p" : "0.024304",
      "s" : "sell",
      "i" : "VET_USDT",
      "m" : "4611686018431505015"
    }, {
      "d" : "1756457948030438549",
      "t" : 1756457948030,
      "tn" : 1756457948030438549,
      "q" : "50",
      "p" : "0.024304",
      "s" : "sell",
      "i" : "VET_USDT",
      "m" : "4611686018431505014"
    }, {
      "d" : "1756457947662496324",
      "t" : 1756457947662,
      "tn" : 1756457947662496324,
      "q" : "50",
      "p" : "0.024304",
      "s" : "sell",
      "i" : "VET_USDT",
      "m" : "4611686018431505013"
    }, {
      "d" : "1756457947411821774",
      "t" : 1756457947411,
      "tn" : 1756457947411821774,
      "q" : "50",
      "p" : "0.024304",
      "s" : "sell",
      "i" : "VET_USDT",
      "m" : "4611686018431505012"
    }, {
      "d" : "1756457947161120552",
      "t" : 1756457947161,
      "tn" : 1756457947161120552,
      "q" : "50",
      "p" : "0.024304",
      "s" : "sell",
      "i" : "VET_USDT",
      "m" : "4611686018431505011"
    }, {
      "d" : "1756457927133500420",
      "t" : 1756457927133,
      "tn" : 1756457927133500420,
      "q" : "50",
      "p" : "0.024304",
      "s" : "sell",
      "i" : "VET_USDT",
      "m" : "4611686018431505010"
    }, {
      "d" : "1756457926882733417",
      "t" : 1756457926882,
      "tn" : 1756457926882733417,
      "q" : "50",
      "p" : "0.024304",
      "s" : "sell",
      "i" : "VET_USDT",
      "m" : "4611686018431505009"
    }, {
      "d" : "1756457926622027595",
      "t" : 1756457926622,
      "tn" : 1756457926622027595,
      "q" : "50",
      "p" : "0.024304",
      "s" : "sell",
      "i" : "VET_USDT",
      "m" : "4611686018431505008"
    }, {
      "d" : "1756457926371171063",
      "t" : 1756457926371,
      "tn" : 1756457926371171063,
      "q" : "50",
      "p" : "0.024304",
      "s" : "sell",
      "i" : "VET_USDT",
      "m" : "4611686018431505007"
    }, {
      "d" : "1756457926088101143",
      "t" : 1756457926088,
      "tn" : 1756457926088101143,
      "q" : "50",
      "p" : "0.024304",
      "s" : "sell",
      "i" : "VET_USDT",
      "m" : "4611686018431505006"
    }, {
      "d" : "1756457924777180860",
      "t" : 1756457924777,
      "tn" : 1756457924777180860,
      "q" : "50",
      "p" : "0.024304",
      "s" : "sell",
      "i" : "VET_USDT",
      "m" : "4611686018431505005"
    }, {
      "d" : "1756457923896462772",
      "t" : 1756457923896,
      "tn" : 1756457923896462772,
      "q" : "50",
      "p" : "0.024304",
      "s" : "sell",
      "i" : "VET_USDT",
      "m" : "4611686018431505004"
    }, {
      "d" : "1756457923571427650",
      "t" : 1756457923571,
      "tn" : 1756457923571427650,
      "q" : "50",
      "p" : "0.024304",
      "s" : "sell",
      "i" : "VET_USDT",
      "m" : "4611686018431505003"
    }, {
      "d" : "1756457923320642338",
      "t" : 1756457923320,
      "tn" : 1756457923320642338,
      "q" : "50",
      "p" : "0.024304",
      "s" : "sell",
      "i" : "VET_USDT",
      "m" : "4611686018431505002"
    }, {
      "d" : "1756457923069894347",
      "t" : 1756457923069,
      "tn" : 1756457923069894347,
      "q" : "50",
      "p" : "0.024304",
      "s" : "sell",
      "i" : "VET_USDT",
      "m" : "4611686018431505001"
    }, {
      "d" : "1756457922819138706",
      "t" : 1756457922819,
      "tn" : 1756457922819138706,
      "q" : "50",
      "p" : "0.024304",
      "s" : "sell",
      "i" : "VET_USDT",
      "m" : "4611686018431505000"
    }, {
      "d" : "1756457922522033954",
      "t" : 1756457922522,
      "tn" : 1756457922522033954,
      "q" : "50",
      "p" : "0.024304",
      "s" : "sell",
      "i" : "VET_USDT",
      "m" : "4611686018431504999"
    }, {
      "d" : "1756457921675614419",
      "t" : 1756457921675,
      "tn" : 1756457921675614419,
      "q" : "50",
      "p" : "0.024304",
      "s" : "sell",
      "i" : "VET_USDT",
      "m" : "4611686018431504998"
    }, {
      "d" : "1756457913061645759",
      "t" : 1756457913061,
      "tn" : 1756457913061645759,
      "q" : "50",
      "p" : "0.024304",
      "s" : "sell",
      "i" : "VET_USDT",
      "m" : "4611686018431504997"
    }, {
      "d" : "1756457912747180806",
      "t" : 1756457912747,
      "tn" : 1756457912747180806,
      "q" : "50",
      "p" : "0.024304",
      "s" : "sell",
      "i" : "VET_USDT",
      "m" : "4611686018431504996"
    }, {
      "d" : "1756457903831450938",
      "t" : 1756457903831,
      "tn" : 1756457903831450938,
      "q" : "50",
      "p" : "0.024314",
      "s" : "sell",
      "i" : "VET_USDT",
      "m" : "4611686018431504995"
    }, {
      "d" : "1756457884947092435",
      "t" : 1756457884947,
      "tn" : 1756457884947092435,
      "q" : "50",
      "p" : "0.024314",
      "s" : "sell",
      "i" : "VET_USDT",
      "m" : "4611686018431504994"
    }, {
      "d" : "1756457884696300752",
      "t" : 1756457884696,
      "tn" : 1756457884696300752,
      "q" : "50",
      "p" : "0.024314",
      "s" : "sell",
      "i" : "VET_USDT",
      "m" : "4611686018431504993"
    }, {
      "d" : "1756457882317980681",
      "t" : 1756457882317,
      "tn" : 1756457882317980681,
      "q" : "50",
      "p" : "0.024314",
      "s" : "sell",
      "i" : "VET_USDT",
      "m" : "4611686018431504992"
    }, {
      "d" : "1756457880076988615",
      "t" : 1756457880076,
      "tn" : 1756457880076988615,
      "q" : "50",
      "p" : "0.024304",
      "s" : "sell",
      "i" : "VET_USDT",
      "m" : "4611686018431504991"
    }, {
      "d" : "1756457872655384940",
      "t" : 1756457872655,
      "tn" : 1756457872655384940,
      "q" : "50",
      "p" : "0.024294",
      "s" : "sell",
      "i" : "VET_USDT",
      "m" : "4611686018431504990"
    }, {
      "d" : "1756457872045831517",
      "t" : 1756457872045,
      "tn" : 1756457872045831517,
      "q" : "50",
      "p" : "0.024294",
      "s" : "sell",
      "i" : "VET_USDT",
      "m" : "4611686018431504989"
    }, {
      "d" : "1756457871795094014",
      "t" : 1756457871795,
      "tn" : 1756457871795094014,
      "q" : "50",
      "p" : "0.024294",
      "s" : "sell",
      "i" : "VET_USDT",
      "m" : "4611686018431504988"
    }, {
      "d" : "1756457871522119861",
      "t" : 1756457871522,
      "tn" : 1756457871522119861,
      "q" : "50",
      "p" : "0.024294",
      "s" : "sell",
      "i" : "VET_USDT",
      "m" : "4611686018431504987"
    }, {
      "d" : "1756457871271371958",
      "t" : 1756457871271,
      "tn" : 1756457871271371958,
      "q" : "50",
      "p" : "0.024294",
      "s" : "sell",
      "i" : "VET_USDT",
      "m" : "4611686018431504986"
    }, {
      "d" : "1756457871020626995",
      "t" : 1756457871020,
      "tn" : 1756457871020626995,
      "q" : "50",
      "p" : "0.024294",
      "s" : "sell",
      "i" : "VET_USDT",
      "m" : "4611686018431504985"
    }, {
      "d" : "1756457870769987957",
      "t" : 1756457870769,
      "tn" : 1756457870769987957,
      "q" : "50",
      "p" : "0.024294",
      "s" : "sell",
      "i" : "VET_USDT",
      "m" : "4611686018431504984"
    }, {
      "d" : "1756457870519221367",
      "t" : 1756457870519,
      "tn" : 1756457870519221367,
      "q" : "50",
      "p" : "0.024294",
      "s" : "sell",
      "i" : "VET_USDT",
      "m" : "4611686018431504983"
    }, {
      "d" : "1756457864894604229",
      "t" : 1756457864894,
      "tn" : 1756457864894604229,
      "q" : "50",
      "p" : "0.024289",
      "s" : "sell",
      "i" : "VET_USDT",
      "m" : "4611686018431504982"
    }, {
      "d" : "1756457864643860497",
      "t" : 1756457864643,
      "tn" : 1756457864643860497,
      "q" : "50",
      "p" : "0.024289",
      "s" : "sell",
      "i" : "VET_USDT",
      "m" : "4611686018431504981"
    }, {
      "d" : "1756457864393068989",
      "t" : 1756457864393,
      "tn" : 1756457864393068989,
      "q" : "50",
      "p" : "0.024289",
      "s" : "sell",
      "i" : "VET_USDT",
      "m" : "4611686018431504980"
    }, {
      "d" : "1756457864142260165",
      "t" : 1756457864142,
      "tn" : 1756457864142260165,
      "q" : "50",
      "p" : "0.024289",
      "s" : "sell",
      "i" : "VET_USDT",
      "m" : "4611686018431504979"
    }, {
      "d" : "1756457863891526521",
      "t" : 1756457863891,
      "tn" : 1756457863891526521,
      "q" : "50",
      "p" : "0.024289",
      "s" : "sell",
      "i" : "VET_USDT",
      "m" : "4611686018431504978"
    }, {
      "d" : "1756457863146493660",
      "t" : 1756457863146,
      "tn" : 1756457863146493660,
      "q" : "50",
      "p" : "0.024294",
      "s" : "sell",
      "i" : "VET_USDT",
      "m" : "4611686018431504977"
    }, {
      "d" : "1756457862895693909",
      "t" : 1756457862895,
      "tn" : 1756457862895693909,
      "q" : "50",
      "p" : "0.024294",
      "s" : "sell",
      "i" : "VET_USDT",
      "m" : "4611686018431504976"
    }, {
      "d" : "1756457862644911657",
      "t" : 1756457862644,
      "tn" : 1756457862644911657,
      "q" : "50",
      "p" : "0.024294",
      "s" : "sell",
      "i" : "VET_USDT",
      "m" : "4611686018431504975"
    }, {
      "d" : "1756457862394146703",
      "t" : 1756457862394,
      "tn" : 1756457862394146703,
      "q" : "50",
      "p" : "0.024294",
      "s" : "sell",
      "i" : "VET_USDT",
      "m" : "4611686018431504974"
    }, {
      "d" : "1756457861853199409",
      "t" : 1756457861853,
      "tn" : 1756457861853199409,
      "q" : "50",
      "p" : "0.024294",
      "s" : "sell",
      "i" : "VET_USDT",
      "m" : "4611686018431504973"
    }, {
      "d" : "1756457861101124806",
      "t" : 1756457861101,
      "tn" : 1756457861101124806,
      "q" : "50",
      "p" : "0.024294",
      "s" : "sell",
      "i" : "VET_USDT",
      "m" : "4611686018431504972"
    }, {
      "d" : "1756457854311058926",
      "t" : 1756457854311,
      "tn" : 1756457854311058926,
      "q" : "50",
      "p" : "0.024294",
      "s" : "sell",
      "i" : "VET_USDT",
      "m" : "4611686018431504971"
    }, {
      "d" : "1756457854060370853",
      "t" : 1756457854060,
      "tn" : 1756457854060370853,
      "q" : "50",
      "p" : "0.024294",
      "s" : "sell",
      "i" : "VET_USDT",
      "m" : "4611686018431504970"
    }, {
      "d" : "1756457853801853928",
      "t" : 1756457853801,
      "tn" : 1756457853801853928,
      "q" : "50",
      "p" : "0.024294",
      "s" : "sell",
      "i" : "VET_USDT",
      "m" : "4611686018431504969"
    }, {
      "d" : "1756457853551085158",
      "t" : 1756457853551,
      "tn" : 1756457853551085158,
      "q" : "50",
      "p" : "0.024294",
      "s" : "sell",
      "i" : "VET_USDT",
      "m" : "4611686018431504968"
    }, {
      "d" : "1756457853300308555",
      "t" : 1756457853300,
      "tn" : 1756457853300308555,
      "q" : "50",
      "p" : "0.024294",
      "s" : "sell",
      "i" : "VET_USDT",
      "m" : "4611686018431504967"
    }, {
      "d" : "1756457851522120954",
      "t" : 1756457851522,
      "tn" : 1756457851522120954,
      "q" : "50",
      "p" : "0.024294",
      "s" : "sell",
      "i" : "VET_USDT",
      "m" : "4611686018431504966"
    }, {
      "d" : "1756457850820614173",
      "t" : 1756457850820,
      "tn" : 1756457850820614173,
      "q" : "50",
      "p" : "0.024294",
      "s" : "sell",
      "i" : "VET_USDT",
      "m" : "4611686018431504965"
    }, {
      "d" : "1756457847982960841",
      "t" : 1756457847982,
      "tn" : 1756457847982960841,
      "q" : "50",
      "p" : "0.024284",
      "s" : "sell",
      "i" : "VET_USDT",
      "m" : "4611686018431504964"
    }, {
      "d" : "1756457844340415186",
      "t" : 1756457844340,
      "tn" : 1756457844340415186,
      "q" : "50",
      "p" : "0.024304",
      "s" : "sell",
      "i" : "VET_USDT",
      "m" : "4611686018431504963"
    }, {
      "d" : "1756457840257528775",
      "t" : 1756457840257,
      "tn" : 1756457840257528775,
      "q" : "50",
      "p" : "0.024304",
      "s" : "sell",
      "i" : "VET_USDT",
      "m" : "4611686018431504962"
    }, {
      "d" : "1756457829379312325",
      "t" : 1756457829379,
      "tn" : 1756457829379312325,
      "q" : "50",
      "p" : "0.024314",
      "s" : "sell",
      "i" : "VET_USDT",
      "m" : "4611686018431504961"
    }, {
      "d" : "1756457827020938713",
      "t" : 1756457827020,
      "tn" : 1756457827020938713,
      "q" : "50",
      "p" : "0.024324",
      "s" : "sell",
      "i" : "VET_USDT",
      "m" : "4611686018431504960"
    }, {
      "d" : "1756457826770180197",
      "t" : 1756457826770,
      "tn" : 1756457826770180197,
      "q" : "50",
      "p" : "0.024324",
      "s" : "sell",
      "i" : "VET_USDT",
      "m" : "4611686018431504959"
    }, {
      "d" : "1756457826519120394",
      "t" : 1756457826519,
      "tn" : 1756457826519120394,
      "q" : "50",
      "p" : "0.024324",
      "s" : "sell",
      "i" : "VET_USDT",
      "m" : "4611686018431504958"
    }, {
      "d" : "1756457790034503559",
      "t" : 1756457790034,
      "tn" : 1756457790034503559,
      "q" : "50",
      "p" : "0.024324",
      "s" : "sell",
      "i" : "VET_USDT",
      "m" : "4611686018431504957"
    }, {
      "d" : "1756457778519971216",
      "t" : 1756457778519,
      "tn" : 1756457778519971216,
      "q" : "50",
      "p" : "0.024324",
      "s" : "sell",
      "i" : "VET_USDT",
      "m" : "4611686018431504956"
    }, {
      "d" : "1756457777520999497",
      "t" : 1756457777520,
      "tn" : 1756457777520999497,
      "q" : "50",
      "p" : "0.024324",
      "s" : "sell",
      "i" : "VET_USDT",
      "m" : "4611686018431504955"
    }, {
      "d" : "1756457776750165951",
      "t" : 1756457776750,
      "tn" : 1756457776750165951,
      "q" : "50",
      "p" : "0.024324",
      "s" : "sell",
      "i" : "VET_USDT",
      "m" : "4611686018431504954"
    }, {
      "d" : "1756457738744143298",
      "t" : 1756457738744,
      "tn" : 1756457738744143298,
      "q" : "50",
      "p" : "0.024314",
      "s" : "sell",
      "i" : "VET_USDT",
      "m" : "4611686018431504953"
    }, {
      "d" : "1756457714703988316",
      "t" : 1756457714703,
      "tn" : 1756457714703988316,
      "q" : "50",
      "p" : "0.024324",
      "s" : "sell",
      "i" : "VET_USDT",
      "m" : "4611686018431504952"
    }, {
      "d" : "1756457685036261889",
      "t" : 1756457685036,
      "tn" : 1756457685036261889,
      "q" : "50",
      "p" : "0.024324",
      "s" : "sell",
      "i" : "VET_USDT",
      "m" : "4611686018431504951"
    }, {
      "d" : "1756457671719713696",
      "t" : 1756457671719,
      "tn" : 1756457671719713696,
      "q" : "50",
      "p" : "0.024330",
      "s" : "buy",
      "i" : "VET_USDT",
      "m" : "4611686018431504950"
    }, {
      "d" : "1756457671636084817",
      "t" : 1756457671636,
      "tn" : 1756457671636084817,
      "q" : "8160",
      "p" : "0.024318",
      "s" : "sell",
      "i" : "VET_USDT",
      "m" : "4611686018431504949"
    }, {
      "d" : "1756456929730558658",
      "t" : 1756456929730,
      "tn" : 1756456929730558658,
      "q" : "50",
      "p" : "0.024401",
      "s" : "sell",
      "i" : "VET_USDT",
      "m" : "4611686018431504948"
    }, {
      "d" : "1756456764496547311",
      "t" : 1756456764496,
      "tn" : 1756456764496547311,
      "q" : "5470",
      "p" : "0.024470",
      "s" : "sell",
      "i" : "VET_USDT",
      "m" : "4611686018431504947"
    }, {
      "d" : "1756456226473847445",
      "t" : 1756456226473,
      "tn" : 1756456226473847445,
      "q" : "10000",
      "p" : "0.024469",
      "s" : "buy",
      "i" : "VET_USDT",
      "m" : "4611686018431504946"
    }, {
      "d" : "1756456226473845236",
      "t" : 1756456226473,
      "tn" : 1756456226473845236,
      "q" : "50",
      "p" : "0.024456",
      "s" : "buy",
      "i" : "VET_USDT",
      "m" : "4611686018431504945"
    }, {
      "d" : "1756456037191504829",
      "t" : 1756456037191,
      "tn" : 1756456037191504829,
      "q" : "50",
      "p" : "0.024474",
      "s" : "sell",
      "i" : "VET_USDT",
      "m" : "4611686018431504944"
    }, {
      "d" : "1756455965612408074",
      "t" : 1756455965612,
      "tn" : 1756455965612408074,
      "q" : "310",
      "p" : "0.024496",
      "s" : "buy",
      "i" : "VET_USDT",
      "m" : "4611686018431504943"
    }, {
      "d" : "1756455850916842192",
      "t" : 1756455850916,
      "tn" : 1756455850916842192,
      "q" : "50",
      "p" : "0.024479",
      "s" : "sell",
      "i" : "VET_USDT",
      "m" : "4611686018431504942"
    }, {
      "d" : "1756455743560879286",
      "t" : 1756455743560,
      "tn" : 1756455743560879286,
      "q" : "50",
      "p" : "0.024484",
      "s" : "sell",
      "i" : "VET_USDT",
      "m" : "4611686018431504941"
    }, {
      "d" : "1756455635267840270",
      "t" : 1756455635267,
      "tn" : 1756455635267840270,
      "q" : "4440",
      "p" : "0.024468",
      "s" : "buy",
      "i" : "VET_USDT",
      "m" : "4611686018431504940"
    }, {
      "d" : "1756455483668912928",
      "t" : 1756455483668,
      "tn" : 1756455483668912928,
      "q" : "6210",
      "p" : "0.024496",
      "s" : "buy",
      "i" : "VET_USDT",
      "m" : "4611686018431504939"
    }, {
      "d" : "1756455449569211630",
      "t" : 1756455449569,
      "tn" : 1756455449569211630,
      "q" : "310",
      "p" : "0.024496",
      "s" : "buy",
      "i" : "VET_USDT",
      "m" : "4611686018431504938"
    }, {
      "d" : "1756455443209139913",
      "t" : 1756455443209,
      "tn" : 1756455443209139912,
      "q" : "120",
      "p" : "0.024490",
      "s" : "sell",
      "i" : "VET_USDT",
      "m" : "4611686018431504937"
    }, {
      "d" : "1756455443209139912",
      "t" : 1756455443209,
      "tn" : 1756455443209139912,
      "q" : "80",
      "p" : "0.024490",
      "s" : "sell",
      "i" : "VET_USDT",
      "m" : "4611686018431504937"
    }, {
      "d" : "1756455443196583207",
      "t" : 1756455443196,
      "tn" : 1756455443196583207,
      "q" : "50",
      "p" : "0.024490",
      "s" : "sell",
      "i" : "VET_USDT",
      "m" : "4611686018431504936"
    } ]
  }
}