{
  "id" : -1,
  "method" : "public/get-trades",
  "code" : 0,
  "result" : {
    "data" : [ {
      "d" : "1756462817856824289",
      "t" : 1756462817856,
      "tn" : 1756462817856824289,
      "q" : "50",
      "p" : "0.024569",
      "s" : "buy",
      "i" : "VET_USD",
      "m" : "4611686018432778031"
    }, {
      "d" : "1756462577758978090",
      "t" : 1756462577758,
      "tn" : 1756462577758978090,
      "q" : "50",
      "p" : "0.024523",
      "s" : "sell",
      "i" : "VET_USD",
      "m" : "4611686018432778030"
    }, {
      "d" : "1756462478727797399",
      "t" : 1756462478727,
      "tn" : 1756462478727797399,
      "q" : "14900",
      "p" : "0.024528",
      "s" : "buy",
      "i" : "VET_USD",
      "m" : "4611686018432778029"
    }, {
      "d" : "1756462476647146737",
      "t" : 1756462476647,
      "tn" : 1756462476647146737,
      "q" : "50",
      "p" : "0.024528",
      "s" : "sell",
      "i" : "VET_USD",
      "m" : "4611686018432778028"
    }, {
      "d" : "1756462470885713592",
      "t" : 1756462470885,
      "tn" : 1756462470885713592,
      "q" : "50",
      "p" : "0.024528",
      "s" : "sell",
      "i" : "VET_USD",
      "m" : "4611686018432778027"
    }, {
      "d" : "1756462441097958615",
      "t" : 1756462441097,
      "tn" : 1756462441097958615,
      "q" : "6140",
      "p" : "0.024539",
      "s" : "sell",
      "i" : "VET_USD",
      "m" : "4611686018432778026"
    }, {
      "d" : "1756462438610829918",
      "t" : 1756462438610,
      "tn" : 1756462438610829918,
      "q" : "50",
      "p" : "0.024539",
      "s" : "buy",
      "i" : "VET_USD",
      "m" : "4611686018432778025"
    }, {
      "d" : "1756462432678850082",
      "t" : 1756462432678,
      "tn" : 1756462432678850082,
      "q" : "50",
      "p" : "0.024539",
      "s" : "buy",
      "i" : "VET_USD",
      "m" : "4611686018432778024"
    }, {
      "d" : "1756462432092638362",
      "t" : 1756462432092,
      "tn" : 1756462432092638362,
      "q" : "50",
      "p" : "0.024543",
      "s" : "sell",
      "i" : "VET_USD",
      "m" : "4611686018432778023"
    }, {
      "d" : "1756462426621635107",
      "t" : 1756462426621,
      "tn" : 1756462426621635107,
      "q" : "50",
      "p" : "0.024559",
      "s" : "buy",
      "i" : "VET_USD",
      "m" : "4611686018432778022"
    }, {
      "d" : "1756462420596941187",
      "t" : 1756462420596,
      "tn" : 1756462420596941187,
      "q" : "50",
      "p" : "0.024559",
      "s" : "buy",
      "i" : "VET_USD",
      "m" : "4611686018432778021"
    }, {
      "d" : "1756462414692114196",
      "t" : 1756462414692,
      "tn" : 1756462414692114196,
      "q" : "50",
      "p" : "0.024569",
      "s" : "buy",
      "i" : "VET_USD",
      "m" : "4611686018432778020"
    }, {
      "d" : "1756462408683329582",
      "t" : 1756462408683,
      "tn" : 1756462408683329582,
      "q" : "50",
      "p" : "0.024569",
      "s" : "buy",
      "i" : "VET_USD",
      "m" : "4611686018432778019"
    }, {
      "d" : "1756462402658511975",
      "t" : 1756462402658,
      "tn" : 1756462402658511975,
      "q" : "50",
      "p" : "0.024569",
      "s" : "buy",
      "i" : "VET_USD",
      "m" : "4611686018432778018"
    }, {
      "d" : "1756462396783910679",
      "t" : 1756462396783,
      "tn" : 1756462396783910679,
      "q" : "50",
      "p" : "0.024579",
      "s" : "buy",
      "i" : "VET_USD",
      "m" : "4611686018432778017"
    }, {
      "d" : "1756462390732023876",
      "t" : 1756462390732,
      "tn" : 1756462390732023876,
      "q" : "50",
      "p" : "0.024579",
      "s" : "buy",
      "i" : "VET_USD",
      "m" : "4611686018432778016"
    }, {
      "d" : "1756462384699785454",
      "t" : 1756462384699,
      "tn" : 1756462384699785454,
      "q" : "50",
      "p" : "0.024579",
      "s" : "buy",
      "i" : "VET_USD",
      "m" : "4611686018432778015"
    }, {
      "d" : "1756462378659357637",
      "t" : 1756462378659,
      "tn" : 1756462378659357637,
      "q" : "50",
      "p" : "0.024580",
      "s" : "buy",
      "i" : "VET_USD",
      "m" : "4611686018432778014"
    }, {
      "d" : "1756462372770112363",
      "t" : 1756462372770,
      "tn" : 1756462372770112363,
      "q" : "50",
      "p" : "0.024579",
      "s" : "buy",
      "i" : "VET_USD",
      "m" : "4611686018432778013"
    }, {
      "d" : "1756462367617951067",
      "t" : 1756462367617,
      "tn" : 1756462367617951067,
      "q" : "50",
      "p" : "0.024579",
      "s" : "buy",
      "i" : "VET_USD",
      "m" : "4611686018432778012"
    }, {
      "d" : "1756462361690813745",
      "t" : 1756462361690,
      "tn" : 1756462361690813745,
      "q" : "50",
      "p" : "0.024579",
      "s" : "buy",
      "i" : "VET_USD",
      "m" : "4611686018432778011"
    }, {
      "d" : "1756462355639195001",
      "t" : 1756462355639,
      "tn" : 1756462355639195001,
      "q" : "50",
      "p" : "0.024579",
      "s" : "buy",
      "i" : "VET_USD",
      "m" : "4611686018432778010"
    }, {
      "d" : "1756462349681508504",
      "t" : 1756462349681,
      "tn" : 1756462349681508504,
      "q" : "50",
      "p" : "0.024579",
      "s" : "buy",
      "i" : "VET_USD",
      "m" : "4611686018432778009"
    }, {
      "d" : "1756462343831922307",
      "t" : 1756462343831,
      "tn" : 1756462343831922307,
      "q" : "50",
      "p" : "0.024569",
      "s" : "buy",
      "i" : "VET_USD",
      "m" : "4611686018432778008"
    }, {
      "d" : "1756462337648864083",
      "t" : 1756462337648,
      "tn" : 1756462337648864083,
      "q" : "50",
      "p" : "0.024569",
      "s" : "buy",
      "i" : "VET_USD",
      "m" : "4611686018432778007"
    }, {
      "d" : "1756462331643854129",
      "t" : 1756462331643,
      "tn" : 1756462331643854129,
      "q" : "50",
      "p" : "0.024569",
      "s" : "buy",
      "i" : "VET_USD",
      "m" : "4611686018432778006"
    }, {
      "d" : "1756462325845331154",
      "t" : 1756462325845,
      "tn" : 1756462325845331154,
      "q" : "50",
      "p" : "0.024569",
      "s" : "buy",
      "i" : "VET_USD",
      "m" : "4611686018432778005"
    }, {
      "d" : "1756462320853208016",
      "t" : 1756462320853,
      "tn" : 1756462320853208016,
      "q" : "50",
      "p" : "0.024569",
      "s" : "buy",
      "i" : "VET_USD",
      "m" : "4611686018432778004"
    }, {
      "d" : "1756462314669485797",
      "t" : 1756462314669,
      "tn" : 1756462314669485797,
      "q" : "50",
      "p" : "0.024569",
      "s" : "buy",
      "i" : "VET_USD",
      "m" : "4611686018432778003"
    }, {
      "d" : "1756462234145981594",
      "t" : 1756462234145,
      "tn" : 1756462234145981594,
      "q" : "3690",
      "p" : "0.024538",
      "s" : "buy",
      "i" : "VET_USD",
      "m" : "4611686018432778002"
    }, {
      "d" : "1756462233740179797",
      "t" : 1756462233740,
      "tn" : 1756462233740179797,
      "q" : "50",
      "p" : "0.024538",
      "s" : "sell",
      "i" : "VET_USD",
      "m" : "4611686018432778001"
    }, {
      "d" : "1756462227785392348",
      "t" : 1756462227785,
      "tn" : 1756462227785392348,
      "q" : "50",
      "p" : "0.024538",
      "s" : "sell",
      "i" : "VET_USD",
      "m" : "4611686018432778000"
    }, {
      "d" : "1756462223837950880",
      "t" : 1756462223837,
      "tn" : 1756462223837950880,
      "q" : "50",
      "p" : "0.024538",
      "s" : "sell",
      "i" : "VET_USD",
      "m" : "4611686018432777999"
    }, {
      "d" : "1756462217796947588",
      "t" : 1756462217796,
      "tn" : 1756462217796947588,
      "q" : "50",
      "p" : "0.024538",
      "s" : "sell",
      "i" : "VET_USD",
      "m" : "4611686018432777998"
    }, {
      "d" : "1756462211667433596",
      "t" : 1756462211667,
      "tn" : 1756462211667433596,
      "q" : "50",
      "p" : "0.024538",
      "s" : "sell",
      "i" : "VET_USD",
      "m" : "4611686018432777997"
    }, {
      "d" : "1756462205714817939",
      "t" : 1756462205714,
      "tn" : 1756462205714817939,
      "q" : "50",
      "p" : "0.024548",
      "s" : "sell",
      "i" : "VET_USD",
      "m" : "4611686018432777996"
    }, {
      "d" : "1756462199877558565",
      "t" : 1756462199877,
      "tn" : 1756462199877558565,
      "q" : "50",
      "p" : "0.024548",
      "s" : "sell",
      "i" : "VET_USD",
      "m" : "4611686018432777995"
    }, {
      "d" : "1756462197150118547",
      "t" : 1756462197150,
      "tn" : 1756462197150118547,
      "q" : "140010",
      "p" : "0.024487",
      "s" : "sell",
      "i" : "VET_USD",
      "m" : "4611686018432777994"
    }, {
      "d" : "1756462197150116943",
      "t" : 1756462197150,
      "tn" : 1756462197150116943,
      "q" : "27900",
      "p" : "0.024500",
      "s" : "sell",
      "i" : "VET_USD",
      "m" : "4611686018432777993"
    }, {
      "d" : "1756462197150114118",
      "t" : 1756462197150,
      "tn" : 1756462197150114118,
      "q" : "3320",
      "p" : "0.024503",
      "s" : "sell",
      "i" : "VET_USD",
      "m" : "4611686018432777992"
    }, {
      "d" : "1756462197150111789",
      "t" : 1756462197150,
      "tn" : 1756462197150111789,
      "q" : "490",
      "p" : "0.024504",
      "s" : "sell",
      "i" : "VET_USD",
      "m" : "4611686018432777991"
    }, {
      "d" : "1756462197150108887",
      "t" : 1756462197150,
      "tn" : 1756462197150108887,
      "q" : "50",
      "p" : "0.024547",
      "s" : "sell",
      "i" : "VET_USD",
      "m" : "4611686018432777990"
    }, {
      "d" : "1756462193714090071",
      "t" : 1756462193714,
      "tn" : 1756462193714090071,
      "q" : "50",
      "p" : "0.024548",
      "s" : "sell",
      "i" : "VET_USD",
      "m" : "4611686018432777989"
    }, {
      "d" : "1756462187641475697",
      "t" : 1756462187641,
      "tn" : 1756462187641475697,
      "q" : "50",
      "p" : "0.024548",
      "s" : "sell",
      "i" : "VET_USD",
      "m" : "4611686018432777988"
    }, {
      "d" : "1756462181829113964",
      "t" : 1756462181829,
      "tn" : 1756462181829113964,
      "q" : "50",
      "p" : "0.024548",
      "s" : "sell",
      "i" : "VET_USD",
      "m" : "4611686018432777987"
    }, {
      "d" : "1756462175809232630",
      "t" : 1756462175809,
      "tn" : 1756462175809232630,
      "q" : "50",
      "p" : "0.024558",
      "s" : "sell",
      "i" : "VET_USD",
      "m" : "4611686018432777986"
    }, {
      "d" : "1756462169792435419",
      "t" : 1756462169792,
      "tn" : 1756462169792435419,
      "q" : "50",
      "p" : "0.024558",
      "s" : "sell",
      "i" : "VET_USD",
      "m" : "4611686018432777985"
    }, {
      "d" : "1756462077775586768",
      "t" : 1756462077775,
      "tn" : 1756462077775586768,
      "q" : "3410",
      "p" : "0.024631",
      "s" : "sell",
      "i" : "VET_USD",
      "m" : "4611686018432777984"
    }, {
      "d" : "1756462077768541641",
      "t" : 1756462077768,
      "tn" : 1756462077768541641,
      "q" : "490",
      "p" : "0.024631",
      "s" : "buy",
      "i" : "VET_USD",
      "m" : "4611686018432777983"
    }, {
      "d" : "1756462071634994038",
      "t" : 1756462071634,
      "tn" : 1756462071634994038,
      "q" : "50",
      "p" : "0.024589",
      "s" : "buy",
      "i" : "VET_USD",
      "m" : "4611686018432777982"
    }, {
      "d" : "1756462045672690775",
      "t" : 1756462045672,
      "tn" : 1756462045672690775,
      "q" : "50",
      "p" : "0.024569",
      "s" : "buy",
      "i" : "VET_USD",
      "m" : "4611686018432777981"
    }, {
      "d" : "1756461975604933206",
      "t" : 1756461975604,
      "tn" : 1756461975604933206,
      "q" : "7520",
      "p" : "0.024585",
      "s" : "buy",
      "i" : "VET_USD",
      "m" : "4611686018432777980"
    }, {
      "d" : "1756461975604931254",
      "t" : 1756461975604,
      "tn" : 1756461975604931254,
      "q" : "3310",
      "p" : "0.024584",
      "s" : "buy",
      "i" : "VET_USD",
      "m" : "4611686018432777979"
    }, {
      "d" : "1756461975604929352",
      "t" : 1756461975604,
      "tn" : 1756461975604929352,
      "q" : "490",
      "p" : "0.024583",
      "s" : "buy",
      "i" : "VET_USD",
      "m" : "4611686018432777978"
    }, {
      "d" : "1756461975604927750",
      "t" : 1756461975604,
      "tn" : 1756461975604927750,
      "q" : "50",
      "p" : "0.024539",
      "s" : "buy",
      "i" : "VET_USD",
      "m" : "4611686018432777977"
    }, {
      "d" : "1756461969652305174",
      "t" : 1756461969652,
      "tn" : 1756461969652305174,
      "q" : "50",
      "p" : "0.024539",
      "s" : "buy",
      "i" : "VET_USD",
      "m" : "4611686018432777976"
    }, {
      "d" : "1756461963770628212",
      "t" : 1756461963770,
      "tn" : 1756461963770628212,
      "q" : "50",
      "p" : "0.024539",
      "s" : "buy",
      "i" : "VET_USD",
      "m" : "4611686018432777975"
    }, {
      "d" : "1756461957692350088",
      "t" : 1756461957692,
      "tn" : 1756461957692350088,
      "q" : "50",
      "p" : "0.024539",
      "s" : "buy",
      "i" : "VET_USD",
      "m" : "4611686018432777974"
    }, {
      "d" : "1756461951710900373",
      "t" : 1756461951710,
      "tn" : 1756461951710900373,
      "q" : "50",
      "p" : "0.024549",
      "s" : "buy",
      "i" : "VET_USD",
      "m" : "4611686018432777973"
    }, {
      "d" : "1756461945813724211",
      "t" : 1756461945813,
      "tn" : 1756461945813724211,
      "q" : "50",
      "p" : "0.024549",
      "s" : "buy",
      "i" : "VET_USD",
      "m" : "4611686018432777972"
    }, {
      "d" : "1756461939965079765",
      "t" : 1756461939965,
      "tn" : 1756461939965079765,
      "q" : "50",
      "p" : "0.024549",
      "s" : "buy",
      "i" : "VET_USD",
      "m" : "4611686018432777971"
    }, {
      "d" : "1756461936661930977",
      "t" : 1756461936661,
      "tn" : 1756461936661930977,
      "q" : "50",
      "p" : "0.024549",
      "s" : "buy",
      "i" : "VET_USD",
      "m" : "4611686018432777970"
    }, {
      "d" : "1756461900775979798",
      "t" : 1756461900775,
      "tn" : 1756461900775979798,
      "q" : "50",
      "p" : "0.024598",
      "s" : "sell",
      "i" : "VET_USD",
      "m" : "4611686018432777969"
    }, {
      "d" : "1756461893912144116",
      "t" : 1756461893912,
      "tn" : 1756461893912144116,
      "q" : "3310",
      "p" : "0.024604",
      "s" : "buy",
      "i" : "VET_USD",
      "m" : "4611686018432777968"
    }, {
      "d" : "1756461893909080150",
      "t" : 1756461893909,
      "tn" : 1756461893909080150,
      "q" : "50",
      "p" : "0.024559",
      "s" : "buy",
      "i" : "VET_USD",
      "m" : "4611686018432777967"
    }, {
      "d" : "1756461780363473796",
      "t" : 1756461780363,
      "tn" : 1756461780363473796,
      "q" : "890",
      "p" : "0.024570",
      "s" : "sell",
      "i" : "VET_USD",
      "m" : "4611686018432777966"
    }, {
      "d" : "1756461778670191485",
      "t" : 1756461778670,
      "tn" : 1756461778670191485,
      "q" : "50",
      "p" : "0.024570",
      "s" : "buy",
      "i" : "VET_USD",
      "m" : "4611686018432777965"
    }, {
      "d" : "1756461772618442790",
      "t" : 1756461772618,
      "tn" : 1756461772618442790,
      "q" : "50",
      "p" : "0.024569",
      "s" : "buy",
      "i" : "VET_USD",
      "m" : "4611686018432777964"
    }, {
      "d" : "1756461766679899992",
      "t" : 1756461766679,
      "tn" : 1756461766679899992,
      "q" : "50",
      "p" : "0.024569",
      "s" : "buy",
      "i" : "VET_USD",
      "m" : "4611686018432777963"
    }, {
      "d" : "1756461760701709146",
      "t" : 1756461760701,
      "tn" : 1756461760701709146,
      "q" : "50",
      "p" : "0.024569",
      "s" : "buy",
      "i" : "VET_USD",
      "m" : "4611686018432777962"
    }, {
      "d" : "1756461754740811759",
      "t" : 1756461754740,
      "tn" : 1756461754740811759,
      "q" : "50",
      "p" : "0.024569",
      "s" : "buy",
      "i" : "VET_USD",
      "m" : "4611686018432777961"
    }, {
      "d" : "1756461748652791414",
      "t" : 1756461748652,
      "tn" : 1756461748652791414,
      "q" : "50",
      "p" : "0.024559",
      "s" : "buy",
      "i" : "VET_USD",
      "m" : "4611686018432777960"
    }, {
      "d" : "1756461742953110510",
      "t" : 1756461742953,
      "tn" : 1756461742953110510,
      "q" : "50",
      "p" : "0.024549",
      "s" : "buy",
      "i" : "VET_USD",
      "m" : "4611686018432777959"
    }, {
      "d" : "1756461739691720467",
      "t" : 1756461739691,
      "tn" : 1756461739691720467,
      "q" : "50",
      "p" : "0.024549",
      "s" : "buy",
      "i" : "VET_USD",
      "m" : "4611686018432777958"
    }, {
      "d" : "1756461733754232752",
      "t" : 1756461733754,
      "tn" : 1756461733754232752,
      "q" : "50",
      "p" : "0.024529",
      "s" : "buy",
      "i" : "VET_USD",
      "m" : "4611686018432777957"
    }, {
      "d" : "1756461727807051184",
      "t" : 1756461727807,
      "tn" : 1756461727807051184,
      "q" : "50",
      "p" : "0.024519",
      "s" : "buy",
      "i" : "VET_USD",
      "m" : "4611686018432777956"
    }, {
      "d" : "1756461721629246779",
      "t" : 1756461721629,
      "tn" : 1756461721629246779,
      "q" : "50",
      "p" : "0.024509",
      "s" : "buy",
      "i" : "VET_USD",
      "m" : "4611686018432777955"
    }, {
      "d" : "1756461715647688518",
      "t" : 1756461715647,
      "tn" : 1756461715647688518,
      "q" : "50",
      "p" : "0.024499",
      "s" : "buy",
      "i" : "VET_USD",
      "m" : "4611686018432777954"
    }, {
      "d" : "1756461709703937617",
      "t" : 1756461709703,
      "tn" : 1756461709703937617,
      "q" : "50",
      "p" : "0.024499",
      "s" : "buy",
      "i" : "VET_USD",
      "m" : "4611686018432777953"
    }, {
      "d" : "1756461703676157731",
      "t" : 1756461703676,
      "tn" : 1756461703676157731,
      "q" : "50",
      "p" : "0.024499",
      "s" : "buy",
      "i" : "VET_USD",
      "m" : "4611686018432777952"
    }, {
      "d" : "1756461697743931462",
      "t" : 1756461697743,
      "tn" : 1756461697743931462,
      "q" : "50",
      "p" : "0.024499",
      "s" : "buy",
      "i" : "VET_USD",
      "m" : "4611686018432777951"
    }, {
      "d" : "1756461691998671011",
      "t" : 1756461691998,
      "tn" : 1756461691998671011,
      "q" : "50",
      "p" : "0.024499",
      "s" : "buy",
      "i" : "VET_USD",
      "m" : "4611686018432777950"
    }, {
      "d" : "1756461688781302435",
      "t" : 1756461688781,
      "tn" : 1756461688781302435,
      "q" : "50",
      "p" : "0.024489",
      "s" : "buy",
      "i" : "VET_USD",
      "m" : "4611686018432777949"
    }, {
      "d" : "1756461634706768119",
      "t" : 1756461634706,
      "tn" : 1756461634706768119,
      "q" : "50",
      "p" : "0.024449",
      "s" : "buy",
      "i" : "VET_USD",
      "m" : "4611686018432777948"
    }, {
      "d" : "1756461601441438619",
      "t" : 1756461601441,
      "tn" : 1756461601441438619,
      "q" : "50",
      "p" : "0.024453",
      "s" : "sell",
      "i" : "VET_USD",
      "m" : "4611686018432777947"
    }, {
      "d" : "1756461348702521211",
      "t" : 1756461348702,
      "tn" : 1756461348702521211,
      "q" : "50",
      "p" : "0.024469",
      "s" : "buy",
      "i" : "VET_USD",
      "m" : "4611686018432777946"
    }, {
      "d" : "1756461184143053011",
      "t" : 1756461184143,
      "tn" : 1756461184143053011,
      "q" : "54880",
      "p" : "0.024428",
      "s" : "buy",
      "i" : "VET_USD",
      "m" : "4611686018432777945"
    }, {
      "d" : "1756461181747426294",
      "t" : 1756461181747,
      "tn" : 1756461181747426294,
      "q" : "50",
      "p" : "0.024428",
      "s" : "sell",
      "i" : "VET_USD",
      "m" : "4611686018432777944"
    }, {
      "d" : "1756461178710857411",
      "t" : 1756461178710,
      "tn" : 1756461178710857411,
      "q" : "50",
      "p" : "0.024430",
      "s" : "buy",
      "i" : "VET_USD",
      "m" : "4611686018432777943"
    }, {
      "d" : "1756461174791849342",
      "t" : 1756461174791,
      "tn" : 1756461174791849342,
      "q" : "50",
      "p" : "0.024429",
      "s" : "buy",
      "i" : "VET_USD",
      "m" : "4611686018432777942"
    }, {
      "d" : "1756461168777049766",
      "t" : 1756461168777,
      "tn" : 1756461168777049766,
      "q" : "50",
      "p" : "0.024429",
      "s" : "buy",
      "i" : "VET_USD",
      "m" : "4611686018432777941"
    }, {
      "d" : "1756461162724398230",
      "t" : 1756461162724,
      "tn" : 1756461162724398230,
      "q" : "50",
      "p" : "0.024429",
      "s" : "buy",
      "i" : "VET_USD",
      "m" : "4611686018432777940"
    }, {
      "d" : "1756461156724870158",
      "t" : 1756461156724,
      "tn" : 1756461156724870158,
      "q" : "50",
      "p" : "0.024439",
      "s" : "buy",
      "i" : "VET_USD",
      "m" : "4611686018432777939"
    }, {
      "d" : "1756461150926516100",
      "t" : 1756461150926,
      "tn" : 1756461150926516100,
      "q" : "50",
      "p" : "0.024439",
      "s" : "buy",
      "i" : "VET_USD",
      "m" : "4611686018432777938"
    }, {
      "d" : "1756461059640101113",
      "t" : 1756461059640,
      "tn" : 1756461059640101113,
      "q" : "2350",
      "p" : "0.024449",
      "s" : "sell",
      "i" : "VET_USD",
      "m" : "4611686018432777937"
    }, {
      "d" : "1756461057599523417",
      "t" : 1756461057599,
      "tn" : 1756461057599523417,
      "q" : "50",
      "p" : "0.024449",
      "s" : "buy",
      "i" : "VET_USD",
      "m" : "4611686018432777936"
    }, {
      "d" : "1756461051699686207",
      "t" : 1756461051699,
      "tn" : 1756461051699686207,
      "q" : "50",
      "p" : "0.024439",
      "s" : "buy",
      "i" : "VET_USD",
      "m" : "4611686018432777935"
    }, {
      "d" : "1756461045732871042",
      "t" : 1756461045732,
      "tn" : 1756461045732871042,
      "q" : "50",
      "p" : "0.024439",
      "s" : "buy",
      "i" : "VET_USD",
      "m" : "4611686018432777934"
    }, {
      "d" : "1756460943633171312",
      "t" : 1756460943633,
      "tn" : 1756460943633171312,
      "q" : "14950",
      "p" : "0.024469",
      "s" : "sell",
      "i" : "VET_USD",
      "m" : "4611686018432777933"
    }, {
      "d" : "1756460942624642307",
      "t" : 1756460942624,
      "tn" : 1756460942624642307,
      "q" : "50",
      "p" : "0.024469",
      "s" : "buy",
      "i" : "VET_USD",
      "m" : "4611686018432777932"
    }, {
      "d" : "1756460936745686234",
      "t" : 1756460936745,
      "tn" : 1756460936745686234,
      "q" : "50",
      "p" : "0.024469",
      "s" : "buy",
      "i" : "VET_USD",
      "m" : "4611686018432777931"
    }, {
      "d" : "1756460930627885786",
      "t" : 1756460930627,
      "tn" : 1756460930627885786,
      "q" : "50",
      "p" : "0.024459",
      "s" : "buy",
      "i" : "VET_USD",
      "m" : "4611686018432777930"
    }, {
      "d" : "1756460924730157003",
      "t" : 1756460924730,
      "tn" : 1756460924730157003,
      "q" : "50",
      "p" : "0.024469",
      "s" : "buy",
      "i" : "VET_USD",
      "m" : "4611686018432777929"
    }, {
      "d" : "1756460918700746296",
      "t" : 1756460918700,
      "tn" : 1756460918700746296,
      "q" : "50",
      "p" : "0.024469",
      "s" : "buy",
      "i" : "VET_USD",
      "m" : "4611686018432777928"
    }, {
      "d" : "1756460912804537302",
      "t" : 1756460912804,
      "tn" : 1756460912804537302,
      "q" : "50",
      "p" : "0.024469",
      "s" : "buy",
      "i" : "VET_USD",
      "m" : "4611686018432777927"
    }, {
      "d" : "1756460906746043260",
      "t" : 1756460906746,
      "tn" : 1756460906746043259,
      "q" : "50",
      "p" : "0.024469",
      "s" : "buy",
      "i" : "VET_USD",
      "m" : "4611686018432777926"
    }, {
      "d" : "1756460906746043259",
      "t" : 1756460906746,
      "tn" : 1756460906746043259,
      "q" : "50",
      "p" : "0.024469",
      "s" : "buy",
      "i" : "VET_USD",
      "m" : "4611686018432777926"
    }, {
      "d" : "1756460900691257801",
      "t" : 1756460900691,
      "tn" : 1756460900691257801,
      "q" : "50",
      "p" : "0.024459",
      "s" : "buy",
      "i" : "VET_USD",
      "m" : "4611686018432777925"
    }, {
      "d" : "1756460894638639069",
      "t" : 1756460894638,
      "tn" : 1756460894638639069,
      "q" : "50",
      "p" : "0.024459",
      "s" : "buy",
      "i" : "VET_USD",
      "m" : "4611686018432777924"
    }, {
      "d" : "1756460893436080680",
      "t" : 1756460893436,
      "tn" : 1756460893436080680,
      "q" : "50",
      "p" : "0.024457",
      "s" : "buy",
      "i" : "VET_USD",
      "m" : "4611686018432777923"
    }, {
      "d" : "1756460807766104752",
      "t" : 1756460807766,
      "tn" : 1756460807766104752,
      "q" : "5000",
      "p" : "0.024429",
      "s" : "sell",
      "i" : "VET_USD",
      "m" : "4611686018432777922"
    }, {
      "d" : "1756460806805047104",
      "t" : 1756460806805,
      "tn" : 1756460806805047104,
      "q" : "50",
      "p" : "0.024429",
      "s" : "buy",
      "i" : "VET_USD",
      "m" : "4611686018432777921"
    }, {
      "d" : "1756460800729337292",
      "t" : 1756460800729,
      "tn" : 1756460800729337292,
      "q" : "50",
      "p" : "0.024439",
      "s" : "buy",
      "i" : "VET_USD",
      "m" : "4611686018432777920"
    }, {
      "d" : "1756460794626624252",
      "t" : 1756460794626,
      "tn" : 1756460794626624252,
      "q" : "50",
      "p" : "0.024439",
      "s" : "buy",
      "i" : "VET_USD",
      "m" : "4611686018432777919"
    }, {
      "d" : "1756460793494933609",
      "t" : 1756460793494,
      "tn" : 1756460793494933609,
      "q" : "50",
      "p" : "0.024429",
      "s" : "buy",
      "i" : "VET_USD",
      "m" : "4611686018432777918"
    }, {
      "d" : "1756460788658419505",
      "t" : 1756460788658,
      "tn" : 1756460788658419505,
      "q" : "50",
      "p" : "0.024429",
      "s" : "buy",
      "i" : "VET_USD",
      "m" : "4611686018432777917"
    }, {
      "d" : "1756460782696651477",
      "t" : 1756460782696,
      "tn" : 1756460782696651477,
      "q" : "50",
      "p" : "0.024429",
      "s" : "buy",
      "i" : "VET_USD",
      "m" : "4611686018432777916"
    }, {
      "d" : "1756460776800213288",
      "t" : 1756460776800,
      "tn" : 1756460776800213288,
      "q" : "50",
      "p" : "0.024409",
      "s" : "buy",
      "i" : "VET_USD",
      "m" : "4611686018432777915"
    }, {
      "d" : "1756460770619293584",
      "t" : 1756460770619,
      "tn" : 1756460770619293584,
      "q" : "50",
      "p" : "0.024409",
      "s" : "buy",
      "i" : "VET_USD",
      "m" : "4611686018432777914"
    }, {
      "d" : "1756460749492903255",
      "t" : 1756460749492,
      "tn" : 1756460749492903255,
      "q" : "50",
      "p" : "0.024399",
      "s" : "buy",
      "i" : "VET_USD",
      "m" : "4611686018432777913"
    }, {
      "d" : "1756460749492900741",
      "t" : 1756460749492,
      "tn" : 1756460749492900741,
      "q" : "23680",
      "p" : "0.024398",
      "s" : "buy",
      "i" : "VET_USD",
      "m" : "4611686018432777912"
    }, {
      "d" : "1756460746610408565",
      "t" : 1756460746610,
      "tn" : 1756460746610408565,
      "q" : "50",
      "p" : "0.024398",
      "s" : "sell",
      "i" : "VET_USD",
      "m" : "4611686018432777911"
    }, {
      "d" : "1756460740702711383",
      "t" : 1756460740702,
      "tn" : 1756460740702711383,
      "q" : "50",
      "p" : "0.024388",
      "s" : "sell",
      "i" : "VET_USD",
      "m" : "4611686018432777910"
    }, {
      "d" : "1756460734604568624",
      "t" : 1756460734604,
      "tn" : 1756460734604568624,
      "q" : "50",
      "p" : "0.024388",
      "s" : "sell",
      "i" : "VET_USD",
      "m" : "4611686018432777909"
    }, {
      "d" : "1756460728733175658",
      "t" : 1756460728733,
      "tn" : 1756460728733175658,
      "q" : "50",
      "p" : "0.024378",
      "s" : "sell",
      "i" : "VET_USD",
      "m" : "4611686018432777908"
    }, {
      "d" : "1756460722638533665",
      "t" : 1756460722638,
      "tn" : 1756460722638533665,
      "q" : "50",
      "p" : "0.024368",
      "s" : "sell",
      "i" : "VET_USD",
      "m" : "4611686018432777907"
    }, {
      "d" : "1756460717292819571",
      "t" : 1756460717292,
      "tn" : 1756460717292819571,
      "q" : "50",
      "p" : "0.024368",
      "s" : "sell",
      "i" : "VET_USD",
      "m" : "4611686018432777906"
    }, {
      "d" : "1756460713724416658",
      "t" : 1756460713724,
      "tn" : 1756460713724416658,
      "q" : "50",
      "p" : "0.024368",
      "s" : "sell",
      "i" : "VET_USD",
      "m" : "4611686018432777905"
    }, {
      "d" : "1756460577782959489",
      "t" : 1756460577782,
      "tn" : 1756460577782959489,
      "q" : "290",
      "p" : "0.024344",
      "s" : "buy",
      "i" : "VET_USD",
      "m" : "4611686018432777904"
    }, {
      "d" : "1756460577780984848",
      "t" : 1756460577780,
      "tn" : 1756460577780984848,
      "q" : "50",
      "p" : "0.024344",
      "s" : "sell",
      "i" : "VET_USD",
      "m" : "4611686018432777903"
    }, {
      "d" : "1756460571817042411",
      "t" : 1756460571817,
      "tn" : 1756460571817042411,
      "q" : "50",
      "p" : "0.024378",
      "s" : "sell",
      "i" : "VET_USD",
      "m" : "4611686018432777902"
    }, {
      "d" : "1756460565759589112",
      "t" : 1756460565759,
      "tn" : 1756460565759589112,
      "q" : "50",
      "p" : "0.024378",
      "s" : "sell",
      "i" : "VET_USD",
      "m" : "4611686018432777901"
    }, {
      "d" : "1756460559844393389",
      "t" : 1756460559844,
      "tn" : 1756460559844393389,
      "q" : "50",
      "p" : "0.024388",
      "s" : "sell",
      "i" : "VET_USD",
      "m" : "4611686018432777900"
    }, {
      "d" : "1756460526816570944",
      "t" : 1756460526816,
      "tn" : 1756460526816570944,
      "q" : "1460",
      "p" : "0.024409",
      "s" : "sell",
      "i" : "VET_USD",
      "m" : "4611686018432777899"
    }, {
      "d" : "1756460526809963506",
      "t" : 1756460526809,
      "tn" : 1756460526809963506,
      "q" : "50",
      "p" : "0.024409",
      "s" : "buy",
      "i" : "VET_USD",
      "m" : "4611686018432777898"
    }, {
      "d" : "1756460520758768703",
      "t" : 1756460520758,
      "tn" : 1756460520758768703,
      "q" : "50",
      "p" : "0.024399",
      "s" : "buy",
      "i" : "VET_USD",
      "m" : "4611686018432777897"
    }, {
      "d" : "1756460499741741839",
      "t" : 1756460499741,
      "tn" : 1756460499741741839,
      "q" : "2560",
      "p" : "0.024409",
      "s" : "sell",
      "i" : "VET_USD",
      "m" : "4611686018432777896"
    }, {
      "d" : "1756460499649455824",
      "t" : 1756460499649,
      "tn" : 1756460499649455824,
      "q" : "50",
      "p" : "0.024409",
      "s" : "buy",
      "i" : "VET_USD",
      "m" : "4611686018432777895"
    }, {
      "d" : "1756460494629086772",
      "t" : 1756460494629,
      "tn" : 1756460494629086772,
      "q" : "50",
      "p" : "0.024399",
      "s" : "buy",
      "i" : "VET_USD",
      "m" : "4611686018432777894"
    }, {
      "d" : "1756460488719354440",
      "t" : 1756460488719,
      "tn" : 1756460488719354440,
      "q" : "50",
      "p" : "0.024409",
      "s" : "buy",
      "i" : "VET_USD",
      "m" : "4611686018432777893"
    }, {
      "d" : "1756460482763072697",
      "t" : 1756460482763,
      "tn" : 1756460482763072697,
      "q" : "50",
      "p" : "0.024409",
      "s" : "buy",
      "i" : "VET_USD",
      "m" : "4611686018432777892"
    }, {
      "d" : "1756460476766121488",
      "t" : 1756460476766,
      "tn" : 1756460476766121488,
      "q" : "50",
      "p" : "0.024419",
      "s" : "buy",
      "i" : "VET_USD",
      "m" : "4611686018432777891"
    }, {
      "d" : "1756460470654954362",
      "t" : 1756460470654,
      "tn" : 1756460470654954362,
      "q" : "50",
      "p" : "0.024419",
      "s" : "buy",
      "i" : "VET_USD",
      "m" : "4611686018432777890"
    }, {
      "d" : "1756460464639357789",
      "t" : 1756460464639,
      "tn" : 1756460464639357789,
      "q" : "50",
      "p" : "0.024419",
      "s" : "buy",
      "i" : "VET_USD",
      "m" : "4611686018432777889"
    }, {
      "d" : "1756460458770792575",
      "t" : 1756460458770,
      "tn" : 1756460458770792575,
      "q" : "50",
      "p" : "0.024419",
      "s" : "buy",
      "i" : "VET_USD",
      "m" : "4611686018432777888"
    }, {
      "d" : "1756460452780400936",
      "t" : 1756460452780,
      "tn" : 1756460452780400936,
      "q" : "50",
      "p" : "0.024409",
      "s" : "buy",
      "i" : "VET_USD",
      "m" : "4611686018432777887"
    }, {
      "d" : "1756460446745024775",
      "t" : 1756460446745,
      "tn" : 1756460446745024775,
      "q" : "50",
      "p" : "0.024409",
      "s" : "buy",
      "i" : "VET_USD",
      "m" : "4611686018432777886"
    }, {
      "d" : "1756460440729449831",
      "t" : 1756460440729,
      "tn" : 1756460440729449831,
      "q" : "50",
      "p" : "0.024399",
      "s" : "buy",
      "i" : "VET_USD",
      "m" : "4611686018432777885"
    }, {
      "d" : "1756460434750408464",
      "t" : 1756460434750,
      "tn" : 1756460434750408464,
      "q" : "50",
      "p" : "0.024399",
      "s" : "buy",
      "i" : "VET_USD",
      "m" : "4611686018432777884"
    }, {
      "d" : "1756460411169193370",
      "t" : 1756460411169,
      "tn" : 1756460411169193370,
      "q" : "970",
      "p" : "0.024398",
      "s" : "buy",
      "i" : "VET_USD",
      "m" : "4611686018432777883"
    } ]
  }
}