{
  "id" : -1,
  "method" : "public/get-trades",
  "code" : 0,
  "result" : {
    "data" : [ {
      "d" : "1756459103532313450",
      "t" : 1756459103532,
      "tn" : 1756459103532313450,
      "q" : "14990",
      "p" : "0.024320",
      "s" : "buy",
      "i" : "VETUSD-PERP",
      "m" : "4611686018430668749"
    }, {
      "d" : "1756458103727994227",
      "t" : 1756458103727,
      "tn" : 1756458103727994227,
      "q" : "163160",
      "p" : "0.024300",
      "s" : "sell",
      "i" : "VETUSD-PERP",
      "m" : "4611686018430668748"
    }, {
      "d" : "1756458039086668575",
      "t" : 1756458039086,
      "tn" : 1756458039086668575,
      "q" : "36840",
      "p" : "0.024300",
      "s" : "sell",
      "i" : "VETUSD-PERP",
      "m" : "4611686018430668747"
    }, {
      "d" : "1756457675000938756",
      "t" : 1756457675000,
      "tn" : 1756457675000938756,
      "q" : "10",
      "p" : "0.024340",
      "s" : "sell",
      "i" : "VETUSD-PERP",
      "m" : "4611686018430668746"
    }, {
      "d" : "1756457671631699238",
      "t" : 1756457671631,
      "tn" : 1756457671631699238,
      "q" : "61600",
      "p" : "0.024311",
      "s" : "sell",
      "i" : "VETUSD-PERP",
      "m" : "4611686018430668745"
    }, {
      "d" : "1756457671631694205",
      "t" : 1756457671631,
      "tn" : 1756457671631694205,
      "q" : "10",
      "p" : "0.024318",
      "s" : "sell",
      "i" : "VETUSD-PERP",
      "m" : "4611686018430668744"
    }, {
      "d" : "1756457671631692498",
      "t" : 1756457671631,
      "tn" : 1756457671631692498,
      "q" : "8210",
      "p" : "0.024339",
      "s" : "sell",
      "i" : "VETUSD-PERP",
      "m" : "4611686018430668743"
    }, {
      "d" : "1756457671631690248",
      "t" : 1756457671631,
      "tn" : 1756457671631690248,
      "q" : "10",
      "p" : "0.024361",
      "s" : "sell",
      "i" : "VETUSD-PERP",
      "m" : "4611686018430668742"
    }, {
      "d" : "1756456914096835664",
      "t" : 1756456914096,
      "tn" : 1756456914096835664,
      "q" : "10",
      "p" : "0.024425",
      "s" : "sell",
      "i" : "VETUSD-PERP",
      "m" : "4611686018430668741"
    }, {
      "d" : "1756450271145285658",
      "t" : 1756450271145,
      "tn" : 1756450271145285658,
      "q" : "3580",
      "p" : "0.024897",
      "s" : "sell",
      "i" : "VETUSD-PERP",
      "m" : "4611686018430668740"
    }, {
      "d" : "1756450271145282211",
      "t" : 1756450271145,
      "tn" : 1756450271145282211,
      "q" : "8020",
      "p" : "0.024927",
      "s" : "sell",
      "i" : "VETUSD-PERP",
      "m" : "4611686018430668739"
    }, {
      "d" : "1756450102391625618",
      "t" : 1756450102391,
      "tn" : 1756450102391625618,
      "q" : "7000",
      "p" : "0.024954",
      "s" : "sell",
      "i" : "VETUSD-PERP",
      "m" : "4611686018430668738"
    }, {
      "d" : "1756449568209912050",
      "t" : 1756449568209,
      "tn" : 1756449568209912050,
      "q" : "920",
      "p" : "0.025000",
      "s" : "sell",
      "i" : "VETUSD-PERP",
      "m" : "4611686018430668737"
    }, {
      "d" : "1756442839283143700",
      "t" : 1756442839283,
      "tn" : 1756442839283143700,
      "q" : "39280",
      "p" : "0.025198",
      "s" : "sell",
      "i" : "VETUSD-PERP",
      "m" : "4611686018430668736"
    }, {
      "d" : "1756442839283141486",
      "t" : 1756442839283,
      "tn" : 1756442839283141486,
      "q" : "1980",
      "p" : "0.025200",
      "s" : "sell",
      "i" : "VETUSD-PERP",
      "m" : "4611686018430668735"
    }, {
      "d" : "1756442839283139119",
      "t" : 1756442839283,
      "tn" : 1756442839283139119,
      "q" : "1980",
      "p" : "0.025205",
      "s" : "sell",
      "i" : "VETUSD-PERP",
      "m" : "4611686018430668734"
    }, {
      "d" : "1756442839283136695",
      "t" : 1756442839283,
      "tn" : 1756442839283136695,
      "q" : "26430",
      "p" : "0.025220",
      "s" : "sell",
      "i" : "VETUSD-PERP",
      "m" : "4611686018430668733"
    }, {
      "d" : "1756442839283134047",
      "t" : 1756442839283,
      "tn" : 1756442839283134047,
      "q" : "27440",
      "p" : "0.025223",
      "s" : "sell",
      "i" : "VETUSD-PERP",
      "m" : "4611686018430668732"
    }, {
      "d" : "1756442839283130831",
      "t" : 1756442839283,
      "tn" : 1756442839283130831,
      "q" : "59290",
      "p" : "0.025253",
      "s" : "sell",
      "i" : "VETUSD-PERP",
      "m" : "4611686018430668731"
    }, {
      "d" : "1756442839283125919",
      "t" : 1756442839283,
      "tn" : 1756442839283125919,
      "q" : "10",
      "p" : "0.025266",
      "s" : "sell",
      "i" : "VETUSD-PERP",
      "m" : "4611686018430668730"
    }, {
      "d" : "1756442839283123579",
      "t" : 1756442839283,
      "tn" : 1756442839283123579,
      "q" : "7910",
      "p" : "0.025269",
      "s" : "sell",
      "i" : "VETUSD-PERP",
      "m" : "4611686018430668729"
    }, {
      "d" : "1756442839283120809",
      "t" : 1756442839283,
      "tn" : 1756442839283120809,
      "q" : "10",
      "p" : "0.025292",
      "s" : "sell",
      "i" : "VETUSD-PERP",
      "m" : "4611686018430668728"
    }, {
      "d" : "1756418346779698437",
      "t" : 1756418346779,
      "tn" : 1756418346779698437,
      "q" : "7890",
      "p" : "0.025326",
      "s" : "buy",
      "i" : "VETUSD-PERP",
      "m" : "4611686018430668727"
    }, {
      "d" : "1756418346779696867",
      "t" : 1756418346779,
      "tn" : 1756418346779696867,
      "q" : "10",
      "p" : "0.025314",
      "s" : "buy",
      "i" : "VETUSD-PERP",
      "m" : "4611686018430668726"
    }, {
      "d" : "1756418346768188442",
      "t" : 1756418346768,
      "tn" : 1756418346768188442,
      "q" : "10",
      "p" : "0.025347",
      "s" : "sell",
      "i" : "VETUSD-PERP",
      "m" : "4611686018430668725"
    }, {
      "d" : "1756418039262921804",
      "t" : 1756418039262,
      "tn" : 1756418039262921804,
      "q" : "1990",
      "p" : "0.025344",
      "s" : "buy",
      "i" : "VETUSD-PERP",
      "m" : "4611686018430668724"
    }, {
      "d" : "1756418039262919778",
      "t" : 1756418039262,
      "tn" : 1756418039262919778,
      "q" : "10",
      "p" : "0.025308",
      "s" : "buy",
      "i" : "VETUSD-PERP",
      "m" : "4611686018430668723"
    }, {
      "d" : "1756407723937394727",
      "t" : 1756407723937,
      "tn" : 1756407723937394725,
      "q" : "480",
      "p" : "0.025323",
      "s" : "buy",
      "i" : "VETUSD-PERP",
      "m" : "4611686018430668722"
    }, {
      "d" : "1756407723937394726",
      "t" : 1756407723937,
      "tn" : 1756407723937394725,
      "q" : "10",
      "p" : "0.025323",
      "s" : "buy",
      "i" : "VETUSD-PERP",
      "m" : "4611686018430668722"
    }, {
      "d" : "1756407723937394725",
      "t" : 1756407723937,
      "tn" : 1756407723937394725,
      "q" : "10",
      "p" : "0.025323",
      "s" : "buy",
      "i" : "VETUSD-PERP",
      "m" : "4611686018430668722"
    }, {
      "d" : "1756407676654480595",
      "t" : 1756407676654,
      "tn" : 1756407676654480593,
      "q" : "480",
      "p" : "0.025302",
      "s" : "buy",
      "i" : "VETUSD-PERP",
      "m" : "4611686018430668721"
    }, {
      "d" : "1756407676654480594",
      "t" : 1756407676654,
      "tn" : 1756407676654480593,
      "q" : "10",
      "p" : "0.025302",
      "s" : "buy",
      "i" : "VETUSD-PERP",
      "m" : "4611686018430668721"
    }, {
      "d" : "1756407676654480593",
      "t" : 1756407676654,
      "tn" : 1756407676654480593,
      "q" : "10",
      "p" : "0.025302",
      "s" : "buy",
      "i" : "VETUSD-PERP",
      "m" : "4611686018430668721"
    }, {
      "d" : "1756407394235564308",
      "t" : 1756407394235,
      "tn" : 1756407394235564308,
      "q" : "90",
      "p" : "0.025299",
      "s" : "buy",
      "i" : "VETUSD-PERP",
      "m" : "4611686018430668720"
    }, {
      "d" : "1756407394235562182",
      "t" : 1756407394235,
      "tn" : 1756407394235562182,
      "q" : "10",
      "p" : "0.025293",
      "s" : "buy",
      "i" : "VETUSD-PERP",
      "m" : "4611686018430668719"
    }, {
      "d" : "1756404644213757046",
      "t" : 1756404644213,
      "tn" : 1756404644213757046,
      "q" : "480",
      "p" : "0.025215",
      "s" : "buy",
      "i" : "VETUSD-PERP",
      "m" : "4611686018430668718"
    }, {
      "d" : "1756404644213755066",
      "t" : 1756404644213,
      "tn" : 1756404644213755066,
      "q" : "10",
      "p" : "0.025214",
      "s" : "buy",
      "i" : "VETUSD-PERP",
      "m" : "4611686018430668717"
    }, {
      "d" : "1756404644213752309",
      "t" : 1756404644213,
      "tn" : 1756404644213752309,
      "q" : "10",
      "p" : "0.025200",
      "s" : "buy",
      "i" : "VETUSD-PERP",
      "m" : "4611686018430668716"
    }, {
      "d" : "1756400682979074996",
      "t" : 1756400682979,
      "tn" : 1756400682979074996,
      "q" : "7950",
      "p" : "0.025152",
      "s" : "buy",
      "i" : "VETUSD-PERP",
      "m" : "4611686018430668715"
    }, {
      "d" : "1756400682979072659",
      "t" : 1756400682979,
      "tn" : 1756400682979072659,
      "q" : "10",
      "p" : "0.025146",
      "s" : "buy",
      "i" : "VETUSD-PERP",
      "m" : "4611686018430668714"
    }, {
      "d" : "1756400682979070418",
      "t" : 1756400682979,
      "tn" : 1756400682979070418,
      "q" : "10",
      "p" : "0.025137",
      "s" : "buy",
      "i" : "VETUSD-PERP",
      "m" : "4611686018430668713"
    }, {
      "d" : "1756400199428554354",
      "t" : 1756400199428,
      "tn" : 1756400199428554354,
      "q" : "340",
      "p" : "0.025218",
      "s" : "buy",
      "i" : "VETUSD-PERP",
      "m" : "4611686018430668712"
    }, {
      "d" : "1756400199428552383",
      "t" : 1756400199428,
      "tn" : 1756400199428552383,
      "q" : "10",
      "p" : "0.025201",
      "s" : "buy",
      "i" : "VETUSD-PERP",
      "m" : "4611686018430668711"
    }, {
      "d" : "1756400199428549709",
      "t" : 1756400199428,
      "tn" : 1756400199428549709,
      "q" : "10",
      "p" : "0.025167",
      "s" : "buy",
      "i" : "VETUSD-PERP",
      "m" : "4611686018430668710"
    }, {
      "d" : "1756400188198819393",
      "t" : 1756400188198,
      "tn" : 1756400188198819393,
      "q" : "280",
      "p" : "0.025200",
      "s" : "buy",
      "i" : "VETUSD-PERP",
      "m" : "4611686018430668709"
    }, {
      "d" : "1756400188198817042",
      "t" : 1756400188198,
      "tn" : 1756400188198817042,
      "q" : "10",
      "p" : "0.025159",
      "s" : "buy",
      "i" : "VETUSD-PERP",
      "m" : "4611686018430668708"
    }, {
      "d" : "1756393672714156537",
      "t" : 1756393672714,
      "tn" : 1756393672714156537,
      "q" : "58050",
      "p" : "0.025764",
      "s" : "sell",
      "i" : "VETUSD-PERP",
      "m" : "4611686018430668707"
    }, {
      "d" : "1756393672714148497",
      "t" : 1756393672714,
      "tn" : 1756393672714148497,
      "q" : "10",
      "p" : "0.025767",
      "s" : "sell",
      "i" : "VETUSD-PERP",
      "m" : "4611686018430668706"
    }, {
      "d" : "1756393672714145924",
      "t" : 1756393672714,
      "tn" : 1756393672714145924,
      "q" : "10",
      "p" : "0.025799",
      "s" : "sell",
      "i" : "VETUSD-PERP",
      "m" : "4611686018430668705"
    }, {
      "d" : "1756393594642421364",
      "t" : 1756393594642,
      "tn" : 1756393594642421364,
      "q" : "190",
      "p" : "0.025833",
      "s" : "buy",
      "i" : "VETUSD-PERP",
      "m" : "4611686018430668704"
    }, {
      "d" : "1756393594642419175",
      "t" : 1756393594642,
      "tn" : 1756393594642419175,
      "q" : "10",
      "p" : "0.025815",
      "s" : "buy",
      "i" : "VETUSD-PERP",
      "m" : "4611686018430668703"
    }, {
      "d" : "1756393520339410017",
      "t" : 1756393520339,
      "tn" : 1756393520339410017,
      "q" : "80",
      "p" : "0.025842",
      "s" : "buy",
      "i" : "VETUSD-PERP",
      "m" : "4611686018430668702"
    }, {
      "d" : "1756393520339407981",
      "t" : 1756393520339,
      "tn" : 1756393520339407981,
      "q" : "10",
      "p" : "0.025834",
      "s" : "buy",
      "i" : "VETUSD-PERP",
      "m" : "4611686018430668701"
    }, {
      "d" : "1756393520339406145",
      "t" : 1756393520339,
      "tn" : 1756393520339406145,
      "q" : "10",
      "p" : "0.025797",
      "s" : "buy",
      "i" : "VETUSD-PERP",
      "m" : "4611686018430668700"
    }, {
      "d" : "1756393433970769977",
      "t" : 1756393433970,
      "tn" : 1756393433970769977,
      "q" : "190",
      "p" : "0.025860",
      "s" : "buy",
      "i" : "VETUSD-PERP",
      "m" : "4611686018430668699"
    }, {
      "d" : "1756393433970768075",
      "t" : 1756393433970,
      "tn" : 1756393433970768075,
      "q" : "10",
      "p" : "0.025848",
      "s" : "buy",
      "i" : "VETUSD-PERP",
      "m" : "4611686018430668698"
    }, {
      "d" : "1756393050069383647",
      "t" : 1756393050069,
      "tn" : 1756393050069383647,
      "q" : "490",
      "p" : "0.025800",
      "s" : "buy",
      "i" : "VETUSD-PERP",
      "m" : "4611686018430668697"
    }, {
      "d" : "1756393050069381457",
      "t" : 1756393050069,
      "tn" : 1756393050069381457,
      "q" : "10",
      "p" : "0.025770",
      "s" : "buy",
      "i" : "VETUSD-PERP",
      "m" : "4611686018430668696"
    }, {
      "d" : "1756392465577661192",
      "t" : 1756392465577,
      "tn" : 1756392465577661192,
      "q" : "390",
      "p" : "0.025761",
      "s" : "buy",
      "i" : "VETUSD-PERP",
      "m" : "4611686018430668695"
    }, {
      "d" : "1756392465577658981",
      "t" : 1756392465577,
      "tn" : 1756392465577658981,
      "q" : "10",
      "p" : "0.025722",
      "s" : "buy",
      "i" : "VETUSD-PERP",
      "m" : "4611686018430668694"
    }, {
      "d" : "1756392332643685362",
      "t" : 1756392332643,
      "tn" : 1756392332643685362,
      "q" : "240",
      "p" : "0.025701",
      "s" : "buy",
      "i" : "VETUSD-PERP",
      "m" : "4611686018430668693"
    }, {
      "d" : "1756392332643684463",
      "t" : 1756392332643,
      "tn" : 1756392332643684463,
      "q" : "10",
      "p" : "0.025698",
      "s" : "buy",
      "i" : "VETUSD-PERP",
      "m" : "4611686018430668692"
    }, {
      "d" : "1756392332643680831",
      "t" : 1756392332643,
      "tn" : 1756392332643680831,
      "q" : "10",
      "p" : "0.025680",
      "s" : "buy",
      "i" : "VETUSD-PERP",
      "m" : "4611686018430668691"
    }, {
      "d" : "1756391106468752846",
      "t" : 1756391106468,
      "tn" : 1756391106468752846,
      "q" : "770",
      "p" : "0.025680",
      "s" : "buy",
      "i" : "VETUSD-PERP",
      "m" : "4611686018430668690"
    }, {
      "d" : "1756391106468750479",
      "t" : 1756391106468,
      "tn" : 1756391106468750479,
      "q" : "10",
      "p" : "0.025665",
      "s" : "buy",
      "i" : "VETUSD-PERP",
      "m" : "4611686018430668689"
    }, {
      "d" : "1756389576808877702",
      "t" : 1756389576808,
      "tn" : 1756389576808877702,
      "q" : "80",
      "p" : "0.025650",
      "s" : "buy",
      "i" : "VETUSD-PERP",
      "m" : "4611686018430668688"
    }, {
      "d" : "1756389576808875113",
      "t" : 1756389576808,
      "tn" : 1756389576808875113,
      "q" : "10",
      "p" : "0.025647",
      "s" : "buy",
      "i" : "VETUSD-PERP",
      "m" : "4611686018430668687"
    }, {
      "d" : "1756389576808872387",
      "t" : 1756389576808,
      "tn" : 1756389576808872387,
      "q" : "10",
      "p" : "0.025611",
      "s" : "buy",
      "i" : "VETUSD-PERP",
      "m" : "4611686018430668686"
    }, {
      "d" : "1756388611378569706",
      "t" : 1756388611378,
      "tn" : 1756388611378569706,
      "q" : "490",
      "p" : "0.025725",
      "s" : "buy",
      "i" : "VETUSD-PERP",
      "m" : "4611686018430668685"
    }, {
      "d" : "1756388611378567702",
      "t" : 1756388611378,
      "tn" : 1756388611378567702,
      "q" : "10",
      "p" : "0.025713",
      "s" : "buy",
      "i" : "VETUSD-PERP",
      "m" : "4611686018430668684"
    }, {
      "d" : "1756388516407538652",
      "t" : 1756388516407,
      "tn" : 1756388516407538652,
      "q" : "490",
      "p" : "0.025692",
      "s" : "buy",
      "i" : "VETUSD-PERP",
      "m" : "4611686018430668683"
    }, {
      "d" : "1756388516407536545",
      "t" : 1756388516407,
      "tn" : 1756388516407536545,
      "q" : "10",
      "p" : "0.025683",
      "s" : "buy",
      "i" : "VETUSD-PERP",
      "m" : "4611686018430668682"
    }, {
      "d" : "1756388348707291259",
      "t" : 1756388348707,
      "tn" : 1756388348707291259,
      "q" : "480",
      "p" : "0.025764",
      "s" : "buy",
      "i" : "VETUSD-PERP",
      "m" : "4611686018430668681"
    }, {
      "d" : "1756388348707289263",
      "t" : 1756388348707,
      "tn" : 1756388348707289263,
      "q" : "10",
      "p" : "0.025759",
      "s" : "buy",
      "i" : "VETUSD-PERP",
      "m" : "4611686018430668680"
    }, {
      "d" : "1756388348707287112",
      "t" : 1756388348707,
      "tn" : 1756388348707287112,
      "q" : "10",
      "p" : "0.025734",
      "s" : "buy",
      "i" : "VETUSD-PERP",
      "m" : "4611686018430668679"
    }, {
      "d" : "1756388303835627390",
      "t" : 1756388303835,
      "tn" : 1756388303835627390,
      "q" : "90",
      "p" : "0.025764",
      "s" : "buy",
      "i" : "VETUSD-PERP",
      "m" : "4611686018430668678"
    }, {
      "d" : "1756388303835625441",
      "t" : 1756388303835,
      "tn" : 1756388303835625441,
      "q" : "10",
      "p" : "0.025755",
      "s" : "buy",
      "i" : "VETUSD-PERP",
      "m" : "4611686018430668677"
    }, {
      "d" : "1756388090264225781",
      "t" : 1756388090264,
      "tn" : 1756388090264225781,
      "q" : "490",
      "p" : "0.025830",
      "s" : "buy",
      "i" : "VETUSD-PERP",
      "m" : "4611686018430668676"
    }, {
      "d" : "1756388090264223858",
      "t" : 1756388090264,
      "tn" : 1756388090264223858,
      "q" : "10",
      "p" : "0.025812",
      "s" : "buy",
      "i" : "VETUSD-PERP",
      "m" : "4611686018430668675"
    }, {
      "d" : "1756387502477422233",
      "t" : 1756387502477,
      "tn" : 1756387502477422233,
      "q" : "480",
      "p" : "0.025845",
      "s" : "buy",
      "i" : "VETUSD-PERP",
      "m" : "4611686018430668674"
    }, {
      "d" : "1756387502477420092",
      "t" : 1756387502477,
      "tn" : 1756387502477420092,
      "q" : "10",
      "p" : "0.025834",
      "s" : "buy",
      "i" : "VETUSD-PERP",
      "m" : "4611686018430668673"
    }, {
      "d" : "1756387502477417096",
      "t" : 1756387502477,
      "tn" : 1756387502477417096,
      "q" : "10",
      "p" : "0.025806",
      "s" : "buy",
      "i" : "VETUSD-PERP",
      "m" : "4611686018430668672"
    }, {
      "d" : "1756387092164130650",
      "t" : 1756387092164,
      "tn" : 1756387092164130650,
      "q" : "1250",
      "p" : "0.025851",
      "s" : "buy",
      "i" : "VETUSD-PERP",
      "m" : "4611686018430668671"
    }, {
      "d" : "1756387092164127812",
      "t" : 1756387092164,
      "tn" : 1756387092164127812,
      "q" : "10",
      "p" : "0.025849",
      "s" : "buy",
      "i" : "VETUSD-PERP",
      "m" : "4611686018430668670"
    }, {
      "d" : "1756387092164125354",
      "t" : 1756387092164,
      "tn" : 1756387092164125354,
      "q" : "10",
      "p" : "0.025815",
      "s" : "buy",
      "i" : "VETUSD-PERP",
      "m" : "4611686018430668669"
    }, {
      "d" : "1756386802776981625",
      "t" : 1756386802776,
      "tn" : 1756386802776981625,
      "q" : "10",
      "p" : "0.025782",
      "s" : "buy",
      "i" : "VETUSD-PERP",
      "m" : "4611686018430668668"
    }, {
      "d" : "1756386528431322690",
      "t" : 1756386528431,
      "tn" : 1756386528431322690,
      "q" : "300",
      "p" : "0.025800",
      "s" : "buy",
      "i" : "VETUSD-PERP",
      "m" : "4611686018430668667"
    }, {
      "d" : "1756386528431320857",
      "t" : 1756386528431,
      "tn" : 1756386528431320857,
      "q" : "10",
      "p" : "0.025799",
      "s" : "buy",
      "i" : "VETUSD-PERP",
      "m" : "4611686018430668666"
    }, {
      "d" : "1756386528431318190",
      "t" : 1756386528431,
      "tn" : 1756386528431318190,
      "q" : "10",
      "p" : "0.025767",
      "s" : "buy",
      "i" : "VETUSD-PERP",
      "m" : "4611686018430668665"
    }, {
      "d" : "1756386127300016231",
      "t" : 1756386127300,
      "tn" : 1756386127300016231,
      "q" : "2980",
      "p" : "0.025821",
      "s" : "buy",
      "i" : "VETUSD-PERP",
      "m" : "4611686018430668664"
    }, {
      "d" : "1756386127300014296",
      "t" : 1756386127300,
      "tn" : 1756386127300014296,
      "q" : "10",
      "p" : "0.025807",
      "s" : "buy",
      "i" : "VETUSD-PERP",
      "m" : "4611686018430668663"
    }, {
      "d" : "1756386127300011208",
      "t" : 1756386127300,
      "tn" : 1756386127300011208,
      "q" : "10",
      "p" : "0.025782",
      "s" : "buy",
      "i" : "VETUSD-PERP",
      "m" : "4611686018430668662"
    }, {
      "d" : "1756386015705665113",
      "t" : 1756386015705,
      "tn" : 1756386015705665113,
      "q" : "660",
      "p" : "0.025791",
      "s" : "buy",
      "i" : "VETUSD-PERP",
      "m" : "4611686018430668661"
    }, {
      "d" : "1756386015705662746",
      "t" : 1756386015705,
      "tn" : 1756386015705662746,
      "q" : "10",
      "p" : "0.025782",
      "s" : "buy",
      "i" : "VETUSD-PERP",
      "m" : "4611686018430668660"
    }, {
      "d" : "1756386015705659850",
      "t" : 1756386015705,
      "tn" : 1756386015705659850,
      "q" : "10",
      "p" : "0.025755",
      "s" : "buy",
      "i" : "VETUSD-PERP",
      "m" : "4611686018430668659"
    }, {
      "d" : "1756385933687995569",
      "t" : 1756385933687,
      "tn" : 1756385933687995569,
      "q" : "1980",
      "p" : "0.025791",
      "s" : "buy",
      "i" : "VETUSD-PERP",
      "m" : "4611686018430668658"
    }, {
      "d" : "1756385933687993379",
      "t" : 1756385933687,
      "tn" : 1756385933687993379,
      "q" : "10",
      "p" : "0.025785",
      "s" : "buy",
      "i" : "VETUSD-PERP",
      "m" : "4611686018430668657"
    }, {
      "d" : "1756385933687990660",
      "t" : 1756385933687,
      "tn" : 1756385933687990660,
      "q" : "10",
      "p" : "0.025749",
      "s" : "buy",
      "i" : "VETUSD-PERP",
      "m" : "4611686018430668656"
    }, {
      "d" : "1756385485700407946",
      "t" : 1756385485700,
      "tn" : 1756385485700407946,
      "q" : "2990",
      "p" : "0.025836",
      "s" : "buy",
      "i" : "VETUSD-PERP",
      "m" : "4611686018430668655"
    }, {
      "d" : "1756385485700406269",
      "t" : 1756385485700,
      "tn" : 1756385485700406269,
      "q" : "10",
      "p" : "0.025809",
      "s" : "buy",
      "i" : "VETUSD-PERP",
      "m" : "4611686018430668654"
    }, {
      "d" : "1756384498871600091",
      "t" : 1756384498871,
      "tn" : 1756384498871600091,
      "q" : "480",
      "p" : "0.025761",
      "s" : "buy",
      "i" : "VETUSD-PERP",
      "m" : "4611686018430668653"
    }, {
      "d" : "1756384498871598097",
      "t" : 1756384498871,
      "tn" : 1756384498871598096,
      "q" : "10",
      "p" : "0.025756",
      "s" : "buy",
      "i" : "VETUSD-PERP",
      "m" : "4611686018430668652"
    }, {
      "d" : "1756384498871598096",
      "t" : 1756384498871,
      "tn" : 1756384498871598096,
      "q" : "10",
      "p" : "0.025756",
      "s" : "buy",
      "i" : "VETUSD-PERP",
      "m" : "4611686018430668652"
    }, {
      "d" : "1756384488780058410",
      "t" : 1756384488780,
      "tn" : 1756384488780058408,
      "q" : "980",
      "p" : "0.025752",
      "s" : "buy",
      "i" : "VETUSD-PERP",
      "m" : "4611686018430668651"
    }, {
      "d" : "1756384488780058409",
      "t" : 1756384488780,
      "tn" : 1756384488780058408,
      "q" : "10",
      "p" : "0.025752",
      "s" : "buy",
      "i" : "VETUSD-PERP",
      "m" : "4611686018430668651"
    }, {
      "d" : "1756384488780058408",
      "t" : 1756384488780,
      "tn" : 1756384488780058408,
      "q" : "10",
      "p" : "0.025752",
      "s" : "buy",
      "i" : "VETUSD-PERP",
      "m" : "4611686018430668651"
    }, {
      "d" : "1756383507752790256",
      "t" : 1756383507752,
      "tn" : 1756383507752790256,
      "q" : "70",
      "p" : "0.025650",
      "s" : "buy",
      "i" : "VETUSD-PERP",
      "m" : "4611686018430668650"
    }, {
      "d" : "1756383507752788189",
      "t" : 1756383507752,
      "tn" : 1756383507752788189,
      "q" : "10",
      "p" : "0.025645",
      "s" : "buy",
      "i" : "VETUSD-PERP",
      "m" : "4611686018430668649"
    }, {
      "d" : "1756383507752784873",
      "t" : 1756383507752,
      "tn" : 1756383507752784873,
      "q" : "10",
      "p" : "0.025614",
      "s" : "buy",
      "i" : "VETUSD-PERP",
      "m" : "4611686018430668648"
    }, {
      "d" : "1756382968192485842",
      "t" : 1756382968192,
      "tn" : 1756382968192485842,
      "q" : "780",
      "p" : "0.025620",
      "s" : "buy",
      "i" : "VETUSD-PERP",
      "m" : "4611686018430668647"
    }, {
      "d" : "1756382968192483813",
      "t" : 1756382968192,
      "tn" : 1756382968192483813,
      "q" : "10",
      "p" : "0.025615",
      "s" : "buy",
      "i" : "VETUSD-PERP",
      "m" : "4611686018430668646"
    }, {
      "d" : "1756382968192481294",
      "t" : 1756382968192,
      "tn" : 1756382968192481294,
      "q" : "10",
      "p" : "0.025602",
      "s" : "buy",
      "i" : "VETUSD-PERP",
      "m" : "4611686018430668645"
    }, {
      "d" : "1756382957766969718",
      "t" : 1756382957766,
      "tn" : 1756382957766969718,
      "q" : "1970",
      "p" : "0.025650",
      "s" : "buy",
      "i" : "VETUSD-PERP",
      "m" : "4611686018430668644"
    }, {
      "d" : "1756382957766968201",
      "t" : 1756382957766,
      "tn" : 1756382957766968201,
      "q" : "10",
      "p" : "0.025640",
      "s" : "buy",
      "i" : "VETUSD-PERP",
      "m" : "4611686018430668643"
    }, {
      "d" : "1756382957766966765",
      "t" : 1756382957766,
      "tn" : 1756382957766966765,
      "q" : "10",
      "p" : "0.025633",
      "s" : "buy",
      "i" : "VETUSD-PERP",
      "m" : "4611686018430668642"
    }, {
      "d" : "1756382931317641874",
      "t" : 1756382931317,
      "tn" : 1756382931317641874,
      "q" : "10",
      "p" : "0.025596",
      "s" : "buy",
      "i" : "VETUSD-PERP",
      "m" : "4611686018430668641"
    }, {
      "d" : "1756382854242413987",
      "t" : 1756382854242,
      "tn" : 1756382854242413987,
      "q" : "90",
      "p" : "0.025629",
      "s" : "buy",
      "i" : "VETUSD-PERP",
      "m" : "4611686018430668640"
    }, {
      "d" : "1756382854242411083",
      "t" : 1756382854242,
      "tn" : 1756382854242411083,
      "q" : "10",
      "p" : "0.025605",
      "s" : "buy",
      "i" : "VETUSD-PERP",
      "m" : "4611686018430668639"
    }, {
      "d" : "1756382421397471998",
      "t" : 1756382421397,
      "tn" : 1756382421397471998,
      "q" : "280",
      "p" : "0.025602",
      "s" : "buy",
      "i" : "VETUSD-PERP",
      "m" : "4611686018430668638"
    }, {
      "d" : "1756382421397469959",
      "t" : 1756382421397,
      "tn" : 1756382421397469959,
      "q" : "10",
      "p" : "0.025593",
      "s" : "buy",
      "i" : "VETUSD-PERP",
      "m" : "4611686018430668637"
    }, {
      "d" : "1756382421397467597",
      "t" : 1756382421397,
      "tn" : 1756382421397467597,
      "q" : "10",
      "p" : "0.025581",
      "s" : "buy",
      "i" : "VETUSD-PERP",
      "m" : "4611686018430668636"
    }, {
      "d" : "1756380939930303113",
      "t" : 1756380939930,
      "tn" : 1756380939930303113,
      "q" : "140",
      "p" : "0.025623",
      "s" : "buy",
      "i" : "VETUSD-PERP",
      "m" : "4611686018430668635"
    }, {
      "d" : "1756380939930300448",
      "t" : 1756380939930,
      "tn" : 1756380939930300448,
      "q" : "10",
      "p" : "0.025611",
      "s" : "buy",
      "i" : "VETUSD-PERP",
      "m" : "4611686018430668634"
    }, {
      "d" : "1756380909087108544",
      "t" : 1756380909087,
      "tn" : 1756380909087108544,
      "q" : "490",
      "p" : "0.025650",
      "s" : "buy",
      "i" : "VETUSD-PERP",
      "m" : "4611686018430668633"
    }, {
      "d" : "1756380909087106187",
      "t" : 1756380909087,
      "tn" : 1756380909087106187,
      "q" : "10",
      "p" : "0.025620",
      "s" : "buy",
      "i" : "VETUSD-PERP",
      "m" : "4611686018430668632"
    }, {
      "d" : "1756380668062616118",
      "t" : 1756380668062,
      "tn" : 1756380668062616118,
      "q" : "290",
      "p" : "0.025671",
      "s" : "buy",
      "i" : "VETUSD-PERP",
      "m" : "4611686018430668631"
    }, {
      "d" : "1756380668062614409",
      "t" : 1756380668062,
      "tn" : 1756380668062614409,
      "q" : "10",
      "p" : "0.025650",
      "s" : "buy",
      "i" : "VETUSD-PERP",
      "m" : "4611686018430668630"
    }, {
      "d" : "1756380503678532179",
      "t" : 1756380503678,
      "tn" : 1756380503678532179,
      "q" : "1980",
      "p" : "0.025770",
      "s" : "buy",
      "i" : "VETUSD-PERP",
      "m" : "4611686018430668629"
    }, {
      "d" : "1756380503678529791",
      "t" : 1756380503678,
      "tn" : 1756380503678529791,
      "q" : "10",
      "p" : "0.025757",
      "s" : "buy",
      "i" : "VETUSD-PERP",
      "m" : "4611686018430668628"
    }, {
      "d" : "1756380503678526954",
      "t" : 1756380503678,
      "tn" : 1756380503678526954,
      "q" : "10",
      "p" : "0.025725",
      "s" : "buy",
      "i" : "VETUSD-PERP",
      "m" : "4611686018430668627"
    }, {
      "d" : "1756380423386928798",
      "t" : 1756380423386,
      "tn" : 1756380423386928798,
      "q" : "180",
      "p" : "0.025770",
      "s" : "buy",
      "i" : "VETUSD-PERP",
      "m" : "4611686018430668626"
    }, {
      "d" : "1756380423386926412",
      "t" : 1756380423386,
      "tn" : 1756380423386926411,
      "q" : "10",
      "p" : "0.025755",
      "s" : "buy",
      "i" : "VETUSD-PERP",
      "m" : "4611686018430668625"
    }, {
      "d" : "1756380423386926411",
      "t" : 1756380423386,
      "tn" : 1756380423386926411,
      "q" : "10",
      "p" : "0.025755",
      "s" : "buy",
      "i" : "VETUSD-PERP",
      "m" : "4611686018430668625"
    }, {
      "d" : "1756380140654963277",
      "t" : 1756380140654,
      "tn" : 1756380140654963277,
      "q" : "500",
      "p" : "0.025730",
      "s" : "buy",
      "i" : "VETUSD-PERP",
      "m" : "4611686018430668624"
    }, {
      "d" : "1756379727788740917",
      "t" : 1756379727788,
      "tn" : 1756379727788740917,
      "q" : "2990",
      "p" : "0.025641",
      "s" : "sell",
      "i" : "VETUSD-PERP",
      "m" : "4611686018430668623"
    }, {
      "d" : "1756379727788738570",
      "t" : 1756379727788,
      "tn" : 1756379727788738570,
      "q" : "10",
      "p" : "0.025652",
      "s" : "sell",
      "i" : "VETUSD-PERP",
      "m" : "4611686018430668622"
    }, {
      "d" : "1756379518516734510",
      "t" : 1756379518516,
      "tn" : 1756379518516734510,
      "q" : "500",
      "p" : "0.025672",
      "s" : "buy",
      "i" : "VETUSD-PERP",
      "m" : "4611686018430668621"
    }, {
      "d" : "1756379461113146723",
      "t" : 1756379461113,
      "tn" : 1756379461113146723,
      "q" : "500",
      "p" : "0.025635",
      "s" : "buy",
      "i" : "VETUSD-PERP",
      "m" : "4611686018430668620"
    }, {
      "d" : "1756379407536952869",
      "t" : 1756379407536,
      "tn" : 1756379407536952869,
      "q" : "490",
      "p" : "0.025566",
      "s" : "sell",
      "i" : "VETUSD-PERP",
      "m" : "4611686018430668619"
    }, {
      "d" : "1756379407536950566",
      "t" : 1756379407536,
      "tn" : 1756379407536950566,
      "q" : "10",
      "p" : "0.025607",
      "s" : "sell",
      "i" : "VETUSD-PERP",
      "m" : "4611686018430668618"
    }, {
      "d" : "1756379113857466790",
      "t" : 1756379113857,
      "tn" : 1756379113857466790,
      "q" : "440",
      "p" : "0.025522",
      "s" : "sell",
      "i" : "VETUSD-PERP",
      "m" : "4611686018430668617"
    }, {
      "d" : "1756379113857464378",
      "t" : 1756379113857,
      "tn" : 1756379113857464378,
      "q" : "10",
      "p" : "0.025532",
      "s" : "sell",
      "i" : "VETUSD-PERP",
      "m" : "4611686018430668616"
    }, {
      "d" : "1756376619843175727",
      "t" : 1756376619843,
      "tn" : 1756376619843175727,
      "q" : "80",
      "p" : "0.025119",
      "s" : "buy",
      "i" : "VETUSD-PERP",
      "m" : "4611686018430668615"
    }, {
      "d" : "1756376619843173422",
      "t" : 1756376619843,
      "tn" : 1756376619843173422,
      "q" : "10",
      "p" : "0.025115",
      "s" : "buy",
      "i" : "VETUSD-PERP",
      "m" : "4611686018430668614"
    }, {
      "d" : "1756376619843170814",
      "t" : 1756376619843,
      "tn" : 1756376619843170814,
      "q" : "10",
      "p" : "0.025083",
      "s" : "buy",
      "i" : "VETUSD-PERP",
      "m" : "4611686018430668613"
    }, {
      "d" : "1756376603341611352",
      "t" : 1756376603341,
      "tn" : 1756376603341611352,
      "q" : "20",
      "p" : "0.025119",
      "s" : "buy",
      "i" : "VETUSD-PERP",
      "m" : "4611686018430668612"
    }, {
      "d" : "1756376603341609321",
      "t" : 1756376603341,
      "tn" : 1756376603341609321,
      "q" : "10",
      "p" : "0.025115",
      "s" : "buy",
      "i" : "VETUSD-PERP",
      "m" : "4611686018430668611"
    }, {
      "d" : "1756376603341606910",
      "t" : 1756376603341,
      "tn" : 1756376603341606910,
      "q" : "10",
      "p" : "0.025080",
      "s" : "buy",
      "i" : "VETUSD-PERP",
      "m" : "4611686018430668610"
    }, {
      "d" : "1756376522110305091",
      "t" : 1756376522110,
      "tn" : 1756376522110305091,
      "q" : "3320",
      "p" : "0.025096",
      "s" : "buy",
      "i" : "VETUSD-PERP",
      "m" : "4611686018430668609"
    }, {
      "d" : "1756376522110302944",
      "t" : 1756376522110,
      "tn" : 1756376522110302944,
      "q" : "7970",
      "p" : "0.025080",
      "s" : "buy",
      "i" : "VETUSD-PERP",
      "m" : "4611686018430668608"
    } ]
  }
}