{
  "id" : -1,
  "method" : "public/get-trades",
  "code" : 0,
  "result" : {
    "data" : [ {
      "d" : "1756462433479950360",
      "t" : 1756462433479,
      "tn" : 1756462433479950360,
      "q" : "297",
      "p" : "0.07170",
      "s" : "sell",
      "i" : "VINE_USD",
      "m" : "4611686018427686492"
    }, {
      "d" : "1756462433479948624",
      "t" : 1756462433479,
      "tn" : 1756462433479948624,
      "q" : "393",
      "p" : "0.07172",
      "s" : "sell",
      "i" : "VINE_USD",
      "m" : "4611686018427686491"
    }, {
      "d" : "1756461863008506795",
      "t" : 1756461863008,
      "tn" : 1756461863008506795,
      "q" : "691",
      "p" : "0.07192",
      "s" : "sell",
      "i" : "VINE_USD",
      "m" : "4611686018427686490"
    }, {
      "d" : "1756461016720723362",
      "t" : 1756461016720,
      "tn" : 1756461016720723362,
      "q" : "474",
      "p" : "0.07193",
      "s" : "sell",
      "i" : "VINE_USD",
      "m" : "4611686018427686489"
    }, {
      "d" : "1756461016720721727",
      "t" : 1756461016720,
      "tn" : 1756461016720721727,
      "q" : "216",
      "p" : "0.07201",
      "s" : "sell",
      "i" : "VINE_USD",
      "m" : "4611686018427686488"
    }, {
      "d" : "1756460999412229519",
      "t" : 1756460999412,
      "tn" : 1756460999412229519,
      "q" : "13795",
      "p" : "0.07224",
      "s" : "sell",
      "i" : "VINE_USD",
      "m" : "4611686018427686487"
    }, {
      "d" : "1756460999408806913",
      "t" : 1756460999408,
      "tn" : 1756460999408806913,
      "q" : "1658",
      "p" : "0.07224",
      "s" : "buy",
      "i" : "VINE_USD",
      "m" : "4611686018427686486"
    }, {
      "d" : "1756460184839296431",
      "t" : 1756460184839,
      "tn" : 1756460184839296431,
      "q" : "558",
      "p" : "0.07168",
      "s" : "sell",
      "i" : "VINE_USD",
      "m" : "4611686018427686485"
    }, {
      "d" : "1756460135359312550",
      "t" : 1756460135359,
      "tn" : 1756460135359312550,
      "q" : "358",
      "p" : "0.07169",
      "s" : "buy",
      "i" : "VINE_USD",
      "m" : "4611686018427686484"
    }, {
      "d" : "1756460135357238651",
      "t" : 1756460135357,
      "tn" : 1756460135357238651,
      "q" : "376",
      "p" : "0.07170",
      "s" : "sell",
      "i" : "VINE_USD",
      "m" : "4611686018427686483"
    }, {
      "d" : "1756460094955328825",
      "t" : 1756460094955,
      "tn" : 1756460094955328825,
      "q" : "690",
      "p" : "0.07178",
      "s" : "sell",
      "i" : "VINE_USD",
      "m" : "4611686018427686482"
    }, {
      "d" : "1756460094953899889",
      "t" : 1756460094953,
      "tn" : 1756460094953899889,
      "q" : "1973",
      "p" : "0.07177",
      "s" : "sell",
      "i" : "VINE_USD",
      "m" : "4611686018427686481"
    }, {
      "d" : "1756460094953207049",
      "t" : 1756460094953,
      "tn" : 1756460094953207049,
      "q" : "5000",
      "p" : "0.07177",
      "s" : "sell",
      "i" : "VINE_USD",
      "m" : "4611686018427686480"
    }, {
      "d" : "1756460094952698773",
      "t" : 1756460094952,
      "tn" : 1756460094952698772,
      "q" : "904",
      "p" : "0.07178",
      "s" : "sell",
      "i" : "VINE_USD",
      "m" : "4611686018427686479"
    }, {
      "d" : "1756460094952698772",
      "t" : 1756460094952,
      "tn" : 1756460094952698772,
      "q" : "1091",
      "p" : "0.07178",
      "s" : "sell",
      "i" : "VINE_USD",
      "m" : "4611686018427686479"
    }, {
      "d" : "1756459904715630767",
      "t" : 1756459904715,
      "tn" : 1756459904715630767,
      "q" : "861",
      "p" : "0.07197",
      "s" : "sell",
      "i" : "VINE_USD",
      "m" : "4611686018427686478"
    }, {
      "d" : "1756459904715178878",
      "t" : 1756459904715,
      "tn" : 1756459904715178878,
      "q" : "611",
      "p" : "0.07197",
      "s" : "sell",
      "i" : "VINE_USD",
      "m" : "4611686018427686477"
    }, {
      "d" : "1756459855530329075",
      "t" : 1756459855530,
      "tn" : 1756459855530329075,
      "q" : "377",
      "p" : "0.07226",
      "s" : "buy",
      "i" : "VINE_USD",
      "m" : "4611686018427686476"
    }, {
      "d" : "1756459855530327242",
      "t" : 1756459855530,
      "tn" : 1756459855530327242,
      "q" : "683",
      "p" : "0.07218",
      "s" : "buy",
      "i" : "VINE_USD",
      "m" : "4611686018427686475"
    }, {
      "d" : "1756459855530324307",
      "t" : 1756459855530,
      "tn" : 1756459855530324307,
      "q" : "310",
      "p" : "0.07217",
      "s" : "buy",
      "i" : "VINE_USD",
      "m" : "4611686018427686474"
    }, {
      "d" : "1756459854849151787",
      "t" : 1756459854849,
      "tn" : 1756459854849151787,
      "q" : "381",
      "p" : "0.07211",
      "s" : "buy",
      "i" : "VINE_USD",
      "m" : "4611686018427686473"
    }, {
      "d" : "1756459854849150234",
      "t" : 1756459854849,
      "tn" : 1756459854849150234,
      "q" : "1000",
      "p" : "0.07209",
      "s" : "buy",
      "i" : "VINE_USD",
      "m" : "4611686018427686472"
    }, {
      "d" : "1756459839180175310",
      "t" : 1756459839180,
      "tn" : 1756459839180175310,
      "q" : "559",
      "p" : "0.07196",
      "s" : "buy",
      "i" : "VINE_USD",
      "m" : "4611686018427686471"
    }, {
      "d" : "1756459839179125923",
      "t" : 1756459839179,
      "tn" : 1756459839179125923,
      "q" : "808",
      "p" : "0.07196",
      "s" : "buy",
      "i" : "VINE_USD",
      "m" : "4611686018427686470"
    }, {
      "d" : "1756459761688850485",
      "t" : 1756459761688,
      "tn" : 1756459761688850485,
      "q" : "401",
      "p" : "0.07160",
      "s" : "sell",
      "i" : "VINE_USD",
      "m" : "4611686018427686469"
    }, {
      "d" : "1756459761688849031",
      "t" : 1756459761688,
      "tn" : 1756459761688849031,
      "q" : "74",
      "p" : "0.07168",
      "s" : "sell",
      "i" : "VINE_USD",
      "m" : "4611686018427686468"
    }, {
      "d" : "1756459761672627367",
      "t" : 1756459761672,
      "tn" : 1756459761672627367,
      "q" : "346",
      "p" : "0.07168",
      "s" : "sell",
      "i" : "VINE_USD",
      "m" : "4611686018427686467"
    }, {
      "d" : "1756459719810309863",
      "t" : 1756459719810,
      "tn" : 1756459719810309863,
      "q" : "340",
      "p" : "0.07184",
      "s" : "buy",
      "i" : "VINE_USD",
      "m" : "4611686018427686466"
    }, {
      "d" : "1756459719810309168",
      "t" : 1756459719810,
      "tn" : 1756459719810309168,
      "q" : "1008",
      "p" : "0.07181",
      "s" : "buy",
      "i" : "VINE_USD",
      "m" : "4611686018427686465"
    }, {
      "d" : "1756459610747072875",
      "t" : 1756459610747,
      "tn" : 1756459610747072875,
      "q" : "708",
      "p" : "0.07170",
      "s" : "sell",
      "i" : "VINE_USD",
      "m" : "4611686018427686464"
    }, {
      "d" : "1756459520754827938",
      "t" : 1756459520754,
      "tn" : 1756459520754827938,
      "q" : "19",
      "p" : "0.07181",
      "s" : "sell",
      "i" : "VINE_USD",
      "m" : "4611686018427686463"
    }, {
      "d" : "1756459520754826078",
      "t" : 1756459520754,
      "tn" : 1756459520754826078,
      "q" : "1364",
      "p" : "0.07182",
      "s" : "sell",
      "i" : "VINE_USD",
      "m" : "4611686018427686462"
    }, {
      "d" : "1756459442678284977",
      "t" : 1756459442678,
      "tn" : 1756459442678284977,
      "q" : "1369",
      "p" : "0.07214",
      "s" : "buy",
      "i" : "VINE_USD",
      "m" : "4611686018427686461"
    }, {
      "d" : "1756459441854679272",
      "t" : 1756459441854,
      "tn" : 1756459441854679272,
      "q" : "849",
      "p" : "0.07207",
      "s" : "sell",
      "i" : "VINE_USD",
      "m" : "4611686018427686460"
    }, {
      "d" : "1756459441594782139",
      "t" : 1756459441594,
      "tn" : 1756459441594782139,
      "q" : "1778",
      "p" : "0.07211",
      "s" : "sell",
      "i" : "VINE_USD",
      "m" : "4611686018427686459"
    }, {
      "d" : "1756459441594029614",
      "t" : 1756459441594,
      "tn" : 1756459441594029614,
      "q" : "5000",
      "p" : "0.07211",
      "s" : "sell",
      "i" : "VINE_USD",
      "m" : "4611686018427686458"
    }, {
      "d" : "1756459441589745566",
      "t" : 1756459441589,
      "tn" : 1756459441589745566,
      "q" : "195",
      "p" : "0.07211",
      "s" : "sell",
      "i" : "VINE_USD",
      "m" : "4611686018427686457"
    }, {
      "d" : "1756459441583936155",
      "t" : 1756459441583,
      "tn" : 1756459441583936155,
      "q" : "2404",
      "p" : "0.07221",
      "s" : "sell",
      "i" : "VINE_USD",
      "m" : "4611686018427686456"
    }, {
      "d" : "1756459409298754777",
      "t" : 1756459409298,
      "tn" : 1756459409298754776,
      "q" : "104",
      "p" : "0.07263",
      "s" : "buy",
      "i" : "VINE_USD",
      "m" : "4611686018427686455"
    }, {
      "d" : "1756459409298754776",
      "t" : 1756459409298,
      "tn" : 1756459409298754776,
      "q" : "308",
      "p" : "0.07263",
      "s" : "buy",
      "i" : "VINE_USD",
      "m" : "4611686018427686455"
    }, {
      "d" : "1756459409298751513",
      "t" : 1756459409298,
      "tn" : 1756459409298751513,
      "q" : "1",
      "p" : "0.07262",
      "s" : "buy",
      "i" : "VINE_USD",
      "m" : "4611686018427686454"
    }, {
      "d" : "1756459409086500009",
      "t" : 1756459409086,
      "tn" : 1756459409086500009,
      "q" : "1040",
      "p" : "0.07262",
      "s" : "buy",
      "i" : "VINE_USD",
      "m" : "4611686018427686453"
    }, {
      "d" : "1756459406605160922",
      "t" : 1756459406605,
      "tn" : 1756459406605160922,
      "q" : "903",
      "p" : "0.07263",
      "s" : "buy",
      "i" : "VINE_USD",
      "m" : "4611686018427686452"
    }, {
      "d" : "1756459406605159199",
      "t" : 1756459406605,
      "tn" : 1756459406605159199,
      "q" : "138",
      "p" : "0.07261",
      "s" : "buy",
      "i" : "VINE_USD",
      "m" : "4611686018427686451"
    }, {
      "d" : "1756459406417342598",
      "t" : 1756459406417,
      "tn" : 1756459406417342598,
      "q" : "473",
      "p" : "0.07261",
      "s" : "buy",
      "i" : "VINE_USD",
      "m" : "4611686018427686450"
    }, {
      "d" : "1756459406417340738",
      "t" : 1756459406417,
      "tn" : 1756459406417340738,
      "q" : "220",
      "p" : "0.07260",
      "s" : "buy",
      "i" : "VINE_USD",
      "m" : "4611686018427686449"
    }, {
      "d" : "1756459405960049692",
      "t" : 1756459405960,
      "tn" : 1756459405960049692,
      "q" : "1371",
      "p" : "0.07261",
      "s" : "buy",
      "i" : "VINE_USD",
      "m" : "4611686018427686448"
    }, {
      "d" : "1756459405285606269",
      "t" : 1756459405285,
      "tn" : 1756459405285606269,
      "q" : "1130",
      "p" : "0.07257",
      "s" : "buy",
      "i" : "VINE_USD",
      "m" : "4611686018427686447"
    }, {
      "d" : "1756459405285604280",
      "t" : 1756459405285,
      "tn" : 1756459405285604280,
      "q" : "220",
      "p" : "0.07256",
      "s" : "buy",
      "i" : "VINE_USD",
      "m" : "4611686018427686446"
    }, {
      "d" : "1756459399518893813",
      "t" : 1756459399518,
      "tn" : 1756459399518893813,
      "q" : "439",
      "p" : "0.07237",
      "s" : "buy",
      "i" : "VINE_USD",
      "m" : "4611686018427686445"
    }, {
      "d" : "1756459399409929897",
      "t" : 1756459399409,
      "tn" : 1756459399409929897,
      "q" : "199",
      "p" : "0.07237",
      "s" : "buy",
      "i" : "VINE_USD",
      "m" : "4611686018427686444"
    }, {
      "d" : "1756459399409928380",
      "t" : 1756459399409,
      "tn" : 1756459399409928380,
      "q" : "293",
      "p" : "0.07229",
      "s" : "buy",
      "i" : "VINE_USD",
      "m" : "4611686018427686443"
    }, {
      "d" : "1756459399409925406",
      "t" : 1756459399409,
      "tn" : 1756459399409925406,
      "q" : "878",
      "p" : "0.07228",
      "s" : "buy",
      "i" : "VINE_USD",
      "m" : "4611686018427686442"
    }, {
      "d" : "1756459389146212684",
      "t" : 1756459389146,
      "tn" : 1756459389146212684,
      "q" : "1388",
      "p" : "0.07196",
      "s" : "buy",
      "i" : "VINE_USD",
      "m" : "4611686018427686441"
    }, {
      "d" : "1756459389145106640",
      "t" : 1756459389145,
      "tn" : 1756459389145106640,
      "q" : "1756",
      "p" : "0.07188",
      "s" : "buy",
      "i" : "VINE_USD",
      "m" : "4611686018427686440"
    }, {
      "d" : "1756459296547842156",
      "t" : 1756459296547,
      "tn" : 1756459296547842156,
      "q" : "5362",
      "p" : "0.07154",
      "s" : "sell",
      "i" : "VINE_USD",
      "m" : "4611686018427686439"
    }, {
      "d" : "1756459296547279522",
      "t" : 1756459296547,
      "tn" : 1756459296547279522,
      "q" : "1389",
      "p" : "0.07154",
      "s" : "sell",
      "i" : "VINE_USD",
      "m" : "4611686018427686438"
    }, {
      "d" : "1756459296545608198",
      "t" : 1756459296545,
      "tn" : 1756459296545608198,
      "q" : "1296",
      "p" : "0.07155",
      "s" : "sell",
      "i" : "VINE_USD",
      "m" : "4611686018427686437"
    }, {
      "d" : "1756459280041861852",
      "t" : 1756459280041,
      "tn" : 1756459280041861852,
      "q" : "1390",
      "p" : "0.07172",
      "s" : "buy",
      "i" : "VINE_USD",
      "m" : "4611686018427686436"
    }, {
      "d" : "1756459276470590449",
      "t" : 1756459276470,
      "tn" : 1756459276470590449,
      "q" : "1202",
      "p" : "0.07155",
      "s" : "sell",
      "i" : "VINE_USD",
      "m" : "4611686018427686435"
    }, {
      "d" : "1756459275622217240",
      "t" : 1756459275622,
      "tn" : 1756459275622217240,
      "q" : "2404",
      "p" : "0.07169",
      "s" : "sell",
      "i" : "VINE_USD",
      "m" : "4611686018427686434"
    }, {
      "d" : "1756459275084309251",
      "t" : 1756459275084,
      "tn" : 1756459275084309251,
      "q" : "485",
      "p" : "0.07185",
      "s" : "sell",
      "i" : "VINE_USD",
      "m" : "4611686018427686433"
    }, {
      "d" : "1756459275084306612",
      "t" : 1756459275084,
      "tn" : 1756459275084306611,
      "q" : "147",
      "p" : "0.07185",
      "s" : "sell",
      "i" : "VINE_USD",
      "m" : "4611686018427686432"
    }, {
      "d" : "1756459275084306611",
      "t" : 1756459275084,
      "tn" : 1756459275084306611,
      "q" : "9707",
      "p" : "0.07185",
      "s" : "sell",
      "i" : "VINE_USD",
      "m" : "4611686018427686432"
    }, {
      "d" : "1756459275084091736",
      "t" : 1756459275084,
      "tn" : 1756459275084091736,
      "q" : "4050",
      "p" : "0.07187",
      "s" : "buy",
      "i" : "VINE_USD",
      "m" : "4611686018427686431"
    }, {
      "d" : "1756459275083992176",
      "t" : 1756459275083,
      "tn" : 1756459275083992176,
      "q" : "1692",
      "p" : "0.07186",
      "s" : "buy",
      "i" : "VINE_USD",
      "m" : "4611686018427686430"
    }, {
      "d" : "1756459275079040019",
      "t" : 1756459275079,
      "tn" : 1756459275079040019,
      "q" : "293",
      "p" : "0.07184",
      "s" : "buy",
      "i" : "VINE_USD",
      "m" : "4611686018427686429"
    }, {
      "d" : "1756459275078932081",
      "t" : 1756459275078,
      "tn" : 1756459275078932081,
      "q" : "6751",
      "p" : "0.07181",
      "s" : "buy",
      "i" : "VINE_USD",
      "m" : "4611686018427686428"
    }, {
      "d" : "1756459274057853770",
      "t" : 1756459274057,
      "tn" : 1756459274057853770,
      "q" : "1864",
      "p" : "0.07146",
      "s" : "buy",
      "i" : "VINE_USD",
      "m" : "4611686018427686427"
    }, {
      "d" : "1756459273998261440",
      "t" : 1756459273998,
      "tn" : 1756459273998261440,
      "q" : "485",
      "p" : "0.07140",
      "s" : "buy",
      "i" : "VINE_USD",
      "m" : "4611686018427686426"
    }, {
      "d" : "1756459273994105653",
      "t" : 1756459273994,
      "tn" : 1756459273994105653,
      "q" : "1379",
      "p" : "0.07140",
      "s" : "buy",
      "i" : "VINE_USD",
      "m" : "4611686018427686425"
    }, {
      "d" : "1756458165453513084",
      "t" : 1756458165453,
      "tn" : 1756458165453513084,
      "q" : "357",
      "p" : "0.07049",
      "s" : "sell",
      "i" : "VINE_USD",
      "m" : "4611686018427686424"
    }, {
      "d" : "1756458160210591389",
      "t" : 1756458160210,
      "tn" : 1756458160210591389,
      "q" : "701",
      "p" : "0.07050",
      "s" : "sell",
      "i" : "VINE_USD",
      "m" : "4611686018427686423"
    }, {
      "d" : "1756458154857232760",
      "t" : 1756458154857,
      "tn" : 1756458154857232760,
      "q" : "541",
      "p" : "0.07067",
      "s" : "sell",
      "i" : "VINE_USD",
      "m" : "4611686018427686422"
    }, {
      "d" : "1756458149049281872",
      "t" : 1756458149049,
      "tn" : 1756458149049281871,
      "q" : "190",
      "p" : "0.07074",
      "s" : "sell",
      "i" : "VINE_USD",
      "m" : "4611686018427686421"
    }, {
      "d" : "1756458149049281871",
      "t" : 1756458149049,
      "tn" : 1756458149049281871,
      "q" : "1211",
      "p" : "0.07074",
      "s" : "sell",
      "i" : "VINE_USD",
      "m" : "4611686018427686421"
    }, {
      "d" : "1756457137398411996",
      "t" : 1756457137398,
      "tn" : 1756457137398411996,
      "q" : "610",
      "p" : "0.07108",
      "s" : "sell",
      "i" : "VINE_USD",
      "m" : "4611686018427686420"
    }, {
      "d" : "1756456203709740465",
      "t" : 1756456203709,
      "tn" : 1756456203709740465,
      "q" : "540",
      "p" : "0.07096",
      "s" : "buy",
      "i" : "VINE_USD",
      "m" : "4611686018427686419"
    }, {
      "d" : "1756456200343437138",
      "t" : 1756456200343,
      "tn" : 1756456200343437138,
      "q" : "426",
      "p" : "0.07102",
      "s" : "buy",
      "i" : "VINE_USD",
      "m" : "4611686018427686418"
    }, {
      "d" : "1756456197051752504",
      "t" : 1756456197051,
      "tn" : 1756456197051752504,
      "q" : "852",
      "p" : "0.07101",
      "s" : "buy",
      "i" : "VINE_USD",
      "m" : "4611686018427686417"
    }, {
      "d" : "1756455428679799878",
      "t" : 1756455428679,
      "tn" : 1756455428679799878,
      "q" : "567",
      "p" : "0.07108",
      "s" : "sell",
      "i" : "VINE_USD",
      "m" : "4611686018427686416"
    }, {
      "d" : "1756455428678568973",
      "t" : 1756455428678,
      "tn" : 1756455428678568973,
      "q" : "131",
      "p" : "0.07127",
      "s" : "sell",
      "i" : "VINE_USD",
      "m" : "4611686018427686415"
    }, {
      "d" : "1756455399790289686",
      "t" : 1756455399790,
      "tn" : 1756455399790289686,
      "q" : "568",
      "p" : "0.07127",
      "s" : "sell",
      "i" : "VINE_USD",
      "m" : "4611686018427686414"
    }, {
      "d" : "1756455257084827879",
      "t" : 1756455257084,
      "tn" : 1756455257084827879,
      "q" : "1399",
      "p" : "0.07144",
      "s" : "buy",
      "i" : "VINE_USD",
      "m" : "4611686018427686413"
    }, {
      "d" : "1756455002131372899",
      "t" : 1756455002131,
      "tn" : 1756455002131372899,
      "q" : "423",
      "p" : "0.07131",
      "s" : "sell",
      "i" : "VINE_USD",
      "m" : "4611686018427686412"
    }, {
      "d" : "1756454608710772967",
      "t" : 1756454608710,
      "tn" : 1756454608710772967,
      "q" : "304",
      "p" : "0.07170",
      "s" : "sell",
      "i" : "VINE_USD",
      "m" : "4611686018427686411"
    }, {
      "d" : "1756454269125670846",
      "t" : 1756454269125,
      "tn" : 1756454269125670846,
      "q" : "3562",
      "p" : "0.07100",
      "s" : "sell",
      "i" : "VINE_USD",
      "m" : "4611686018427686410"
    }, {
      "d" : "1756454269125669383",
      "t" : 1756454269125,
      "tn" : 1756454269125669383,
      "q" : "190",
      "p" : "0.07108",
      "s" : "sell",
      "i" : "VINE_USD",
      "m" : "4611686018427686409"
    }, {
      "d" : "1756454268901523478",
      "t" : 1756454268901,
      "tn" : 1756454268901523478,
      "q" : "563",
      "p" : "0.07108",
      "s" : "sell",
      "i" : "VINE_USD",
      "m" : "4611686018427686408"
    }, {
      "d" : "1756454234116756457",
      "t" : 1756454234116,
      "tn" : 1756454234116756457,
      "q" : "10",
      "p" : "0.07136",
      "s" : "sell",
      "i" : "VINE_USD",
      "m" : "4611686018427686407"
    }, {
      "d" : "1756454203760781736",
      "t" : 1756454203760,
      "tn" : 1756454203760781736,
      "q" : "340",
      "p" : "0.07136",
      "s" : "sell",
      "i" : "VINE_USD",
      "m" : "4611686018427686406"
    }, {
      "d" : "1756454037139664382",
      "t" : 1756454037139,
      "tn" : 1756454037139664382,
      "q" : "420",
      "p" : "0.07154",
      "s" : "sell",
      "i" : "VINE_USD",
      "m" : "4611686018427686405"
    }, {
      "d" : "1756453828531417618",
      "t" : 1756453828531,
      "tn" : 1756453828531417618,
      "q" : "506",
      "p" : "0.07150",
      "s" : "sell",
      "i" : "VINE_USD",
      "m" : "4611686018427686404"
    }, {
      "d" : "1756453828531415854",
      "t" : 1756453828531,
      "tn" : 1756453828531415854,
      "q" : "53",
      "p" : "0.07159",
      "s" : "sell",
      "i" : "VINE_USD",
      "m" : "4611686018427686403"
    }, {
      "d" : "1756453824430912340",
      "t" : 1756453824430,
      "tn" : 1756453824430912340,
      "q" : "279",
      "p" : "0.07159",
      "s" : "sell",
      "i" : "VINE_USD",
      "m" : "4611686018427686402"
    }, {
      "d" : "1756453824360382096",
      "t" : 1756453824360,
      "tn" : 1756453824360382096,
      "q" : "366",
      "p" : "0.07159",
      "s" : "sell",
      "i" : "VINE_USD",
      "m" : "4611686018427686401"
    }, {
      "d" : "1756453824360380309",
      "t" : 1756453824360,
      "tn" : 1756453824360380309,
      "q" : "17",
      "p" : "0.07160",
      "s" : "sell",
      "i" : "VINE_USD",
      "m" : "4611686018427686400"
    }, {
      "d" : "1756453824299717690",
      "t" : 1756453824299,
      "tn" : 1756453824299717690,
      "q" : "1143",
      "p" : "0.07160",
      "s" : "sell",
      "i" : "VINE_USD",
      "m" : "4611686018427686399"
    }, {
      "d" : "1756453824130648874",
      "t" : 1756453824130,
      "tn" : 1756453824130648873,
      "q" : "240",
      "p" : "0.07160",
      "s" : "sell",
      "i" : "VINE_USD",
      "m" : "4611686018427686398"
    }, {
      "d" : "1756453824130648873",
      "t" : 1756453824130,
      "tn" : 1756453824130648873,
      "q" : "342",
      "p" : "0.07160",
      "s" : "sell",
      "i" : "VINE_USD",
      "m" : "4611686018427686398"
    }, {
      "d" : "1756453824130645818",
      "t" : 1756453824130,
      "tn" : 1756453824130645818,
      "q" : "155",
      "p" : "0.07161",
      "s" : "sell",
      "i" : "VINE_USD",
      "m" : "4611686018427686397"
    }, {
      "d" : "1756453823265766348",
      "t" : 1756453823265,
      "tn" : 1756453823265766348,
      "q" : "528",
      "p" : "0.07161",
      "s" : "sell",
      "i" : "VINE_USD",
      "m" : "4611686018427686396"
    }, {
      "d" : "1756453823265764441",
      "t" : 1756453823265,
      "tn" : 1756453823265764441,
      "q" : "155",
      "p" : "0.07166",
      "s" : "sell",
      "i" : "VINE_USD",
      "m" : "4611686018427686395"
    }, {
      "d" : "1756453808185136000",
      "t" : 1756453808185,
      "tn" : 1756453808185136000,
      "q" : "191",
      "p" : "0.07179",
      "s" : "sell",
      "i" : "VINE_USD",
      "m" : "4611686018427686394"
    }, {
      "d" : "1756453808185133869",
      "t" : 1756453808185,
      "tn" : 1756453808185133869,
      "q" : "157",
      "p" : "0.07183",
      "s" : "sell",
      "i" : "VINE_USD",
      "m" : "4611686018427686393"
    }, {
      "d" : "1756453808031496571",
      "t" : 1756453808031,
      "tn" : 1756453808031496569,
      "q" : "837",
      "p" : "0.07183",
      "s" : "sell",
      "i" : "VINE_USD",
      "m" : "4611686018427686392"
    }, {
      "d" : "1756453808031496570",
      "t" : 1756453808031,
      "tn" : 1756453808031496569,
      "q" : "878",
      "p" : "0.07183",
      "s" : "sell",
      "i" : "VINE_USD",
      "m" : "4611686018427686392"
    }, {
      "d" : "1756453808031496569",
      "t" : 1756453808031,
      "tn" : 1756453808031496569,
      "q" : "373",
      "p" : "0.07183",
      "s" : "sell",
      "i" : "VINE_USD",
      "m" : "4611686018427686392"
    }, {
      "d" : "1756453806420667071",
      "t" : 1756453806420,
      "tn" : 1756453806420667071,
      "q" : "628",
      "p" : "0.07183",
      "s" : "sell",
      "i" : "VINE_USD",
      "m" : "4611686018427686391"
    }, {
      "d" : "1756453806420665215",
      "t" : 1756453806420,
      "tn" : 1756453806420665215,
      "q" : "2",
      "p" : "0.07187",
      "s" : "sell",
      "i" : "VINE_USD",
      "m" : "4611686018427686390"
    }, {
      "d" : "1756453805340371547",
      "t" : 1756453805340,
      "tn" : 1756453805340371547,
      "q" : "348",
      "p" : "0.07187",
      "s" : "sell",
      "i" : "VINE_USD",
      "m" : "4611686018427686389"
    }, {
      "d" : "1756453539769712276",
      "t" : 1756453539769,
      "tn" : 1756453539769712276,
      "q" : "359",
      "p" : "0.07219",
      "s" : "buy",
      "i" : "VINE_USD",
      "m" : "4611686018427686388"
    }, {
      "d" : "1756453506341647197",
      "t" : 1756453506341,
      "tn" : 1756453506341647197,
      "q" : "555",
      "p" : "0.07202",
      "s" : "sell",
      "i" : "VINE_USD",
      "m" : "4611686018427686387"
    }, {
      "d" : "1756453503420635452",
      "t" : 1756453503420,
      "tn" : 1756453503420635452,
      "q" : "331",
      "p" : "0.07201",
      "s" : "sell",
      "i" : "VINE_USD",
      "m" : "4611686018427686386"
    }, {
      "d" : "1756453503420633723",
      "t" : 1756453503420,
      "tn" : 1756453503420633723,
      "q" : "60",
      "p" : "0.07206",
      "s" : "sell",
      "i" : "VINE_USD",
      "m" : "4611686018427686385"
    }, {
      "d" : "1756453503420630723",
      "t" : 1756453503420,
      "tn" : 1756453503420630723,
      "q" : "75",
      "p" : "0.07207",
      "s" : "sell",
      "i" : "VINE_USD",
      "m" : "4611686018427686384"
    }, {
      "d" : "1756453502859664418",
      "t" : 1756453502859,
      "tn" : 1756453502859664418,
      "q" : "390",
      "p" : "0.07207",
      "s" : "sell",
      "i" : "VINE_USD",
      "m" : "4611686018427686383"
    }, {
      "d" : "1756453502741366212",
      "t" : 1756453502741,
      "tn" : 1756453502741366212,
      "q" : "591",
      "p" : "0.07207",
      "s" : "sell",
      "i" : "VINE_USD",
      "m" : "4611686018427686382"
    }, {
      "d" : "1756453500278653510",
      "t" : 1756453500278,
      "tn" : 1756453500278653510,
      "q" : "315",
      "p" : "0.07210",
      "s" : "sell",
      "i" : "VINE_USD",
      "m" : "4611686018427686381"
    }, {
      "d" : "1756453500208229388",
      "t" : 1756453500208,
      "tn" : 1756453500208229388,
      "q" : "391",
      "p" : "0.07210",
      "s" : "sell",
      "i" : "VINE_USD",
      "m" : "4611686018427686380"
    }, {
      "d" : "1756452960760010982",
      "t" : 1756452960760,
      "tn" : 1756452960760010982,
      "q" : "276",
      "p" : "0.07237",
      "s" : "sell",
      "i" : "VINE_USD",
      "m" : "4611686018427686379"
    }, {
      "d" : "1756452874587240924",
      "t" : 1756452874587,
      "tn" : 1756452874587240924,
      "q" : "679",
      "p" : "0.07254",
      "s" : "sell",
      "i" : "VINE_USD",
      "m" : "4611686018427686378"
    }, {
      "d" : "1756452874586100809",
      "t" : 1756452874586,
      "tn" : 1756452874586100809,
      "q" : "688",
      "p" : "0.07260",
      "s" : "sell",
      "i" : "VINE_USD",
      "m" : "4611686018427686377"
    }, {
      "d" : "1756452715372219904",
      "t" : 1756452715372,
      "tn" : 1756452715372219904,
      "q" : "1027",
      "p" : "0.07228",
      "s" : "buy",
      "i" : "VINE_USD",
      "m" : "4611686018427686376"
    }, {
      "d" : "1756452660587755001",
      "t" : 1756452660587,
      "tn" : 1756452660587755001,
      "q" : "2053",
      "p" : "0.07222",
      "s" : "buy",
      "i" : "VINE_USD",
      "m" : "4611686018427686375"
    }, {
      "d" : "1756452644661174821",
      "t" : 1756452644661,
      "tn" : 1756452644661174821,
      "q" : "574",
      "p" : "0.07217",
      "s" : "buy",
      "i" : "VINE_USD",
      "m" : "4611686018427686374"
    }, {
      "d" : "1756452632869414401",
      "t" : 1756452632869,
      "tn" : 1756452632869414401,
      "q" : "278",
      "p" : "0.07206",
      "s" : "sell",
      "i" : "VINE_USD",
      "m" : "4611686018427686373"
    }, {
      "d" : "1756452630930565183",
      "t" : 1756452630930,
      "tn" : 1756452630930565183,
      "q" : "438",
      "p" : "0.07220",
      "s" : "sell",
      "i" : "VINE_USD",
      "m" : "4611686018427686372"
    }, {
      "d" : "1756452630910805773",
      "t" : 1756452630910,
      "tn" : 1756452630910805773,
      "q" : "444",
      "p" : "0.07220",
      "s" : "sell",
      "i" : "VINE_USD",
      "m" : "4611686018427686371"
    }, {
      "d" : "1756452630910803898",
      "t" : 1756452630910,
      "tn" : 1756452630910803898,
      "q" : "191",
      "p" : "0.07221",
      "s" : "sell",
      "i" : "VINE_USD",
      "m" : "4611686018427686370"
    }, {
      "d" : "1756452630910801709",
      "t" : 1756452630910,
      "tn" : 1756452630910801709,
      "q" : "55",
      "p" : "0.07225",
      "s" : "sell",
      "i" : "VINE_USD",
      "m" : "4611686018427686369"
    }, {
      "d" : "1756452621240371142",
      "t" : 1756452621240,
      "tn" : 1756452621240371142,
      "q" : "295",
      "p" : "0.07225",
      "s" : "sell",
      "i" : "VINE_USD",
      "m" : "4611686018427686368"
    }, {
      "d" : "1756452617959183582",
      "t" : 1756452617959,
      "tn" : 1756452617959183582,
      "q" : "301",
      "p" : "0.07229",
      "s" : "sell",
      "i" : "VINE_USD",
      "m" : "4611686018427686367"
    }, {
      "d" : "1756452617624910340",
      "t" : 1756452617624,
      "tn" : 1756452617624910340,
      "q" : "296",
      "p" : "0.07236",
      "s" : "sell",
      "i" : "VINE_USD",
      "m" : "4611686018427686366"
    }, {
      "d" : "1756452617624908615",
      "t" : 1756452617624,
      "tn" : 1756452617624908614,
      "q" : "91",
      "p" : "0.07249",
      "s" : "sell",
      "i" : "VINE_USD",
      "m" : "4611686018427686365"
    }, {
      "d" : "1756452617624908614",
      "t" : 1756452617624,
      "tn" : 1756452617624908614,
      "q" : "55",
      "p" : "0.07249",
      "s" : "sell",
      "i" : "VINE_USD",
      "m" : "4611686018427686365"
    }, {
      "d" : "1756452579603564830",
      "t" : 1756452579603,
      "tn" : 1756452579603564829,
      "q" : "776",
      "p" : "0.07257",
      "s" : "sell",
      "i" : "VINE_USD",
      "m" : "4611686018427686364"
    }, {
      "d" : "1756452579603564829",
      "t" : 1756452579603,
      "tn" : 1756452579603564829,
      "q" : "798",
      "p" : "0.07257",
      "s" : "sell",
      "i" : "VINE_USD",
      "m" : "4611686018427686364"
    }, {
      "d" : "1756452550194263276",
      "t" : 1756452550194,
      "tn" : 1756452550194263275,
      "q" : "185",
      "p" : "0.07263",
      "s" : "sell",
      "i" : "VINE_USD",
      "m" : "4611686018427686363"
    }, {
      "d" : "1756452550194263275",
      "t" : 1756452550194,
      "tn" : 1756452550194263275,
      "q" : "1180",
      "p" : "0.07263",
      "s" : "sell",
      "i" : "VINE_USD",
      "m" : "4611686018427686363"
    }, {
      "d" : "1756452371896078856",
      "t" : 1756452371896,
      "tn" : 1756452371896078856,
      "q" : "615",
      "p" : "0.07318",
      "s" : "buy",
      "i" : "VINE_USD",
      "m" : "4611686018427686362"
    }, {
      "d" : "1756451301954072201",
      "t" : 1756451301954,
      "tn" : 1756451301954072200,
      "q" : "824",
      "p" : "0.07331",
      "s" : "sell",
      "i" : "VINE_USD",
      "m" : "4611686018427686361"
    }, {
      "d" : "1756451301954072200",
      "t" : 1756451301954,
      "tn" : 1756451301954072200,
      "q" : "766",
      "p" : "0.07331",
      "s" : "sell",
      "i" : "VINE_USD",
      "m" : "4611686018427686361"
    }, {
      "d" : "1756451223829341929",
      "t" : 1756451223829,
      "tn" : 1756451223829341929,
      "q" : "857",
      "p" : "0.07354",
      "s" : "sell",
      "i" : "VINE_USD",
      "m" : "4611686018427686360"
    }, {
      "d" : "1756450839992298132",
      "t" : 1756450839992,
      "tn" : 1756450839992298132,
      "q" : "1079",
      "p" : "0.07413",
      "s" : "sell",
      "i" : "VINE_USD",
      "m" : "4611686018427686359"
    }, {
      "d" : "1756450839725865288",
      "t" : 1756450839725,
      "tn" : 1756450839725865288,
      "q" : "3883",
      "p" : "0.07413",
      "s" : "sell",
      "i" : "VINE_USD",
      "m" : "4611686018427686358"
    }, {
      "d" : "1756450839725864081",
      "t" : 1756450839725,
      "tn" : 1756450839725864081,
      "q" : "164",
      "p" : "0.07414",
      "s" : "sell",
      "i" : "VINE_USD",
      "m" : "4611686018427686357"
    }, {
      "d" : "1756450839617649924",
      "t" : 1756450839617,
      "tn" : 1756450839617649924,
      "q" : "610",
      "p" : "0.07413",
      "s" : "sell",
      "i" : "VINE_USD",
      "m" : "4611686018427686356"
    }, {
      "d" : "1756450839243261995",
      "t" : 1756450839243,
      "tn" : 1756450839243261995,
      "q" : "617",
      "p" : "0.07413",
      "s" : "sell",
      "i" : "VINE_USD",
      "m" : "4611686018427686355"
    }, {
      "d" : "1756450839243260665",
      "t" : 1756450839243,
      "tn" : 1756450839243260665,
      "q" : "163",
      "p" : "0.07414",
      "s" : "sell",
      "i" : "VINE_USD",
      "m" : "4611686018427686354"
    } ]
  }
}