{
  "id" : -1,
  "method" : "public/get-trades",
  "code" : 0,
  "result" : {
    "data" : [ {
      "d" : "1756462433478992657",
      "t" : 1756462433478,
      "tn" : 1756462433478992657,
      "q" : "690",
      "p" : "0.07160",
      "s" : "sell",
      "i" : "VINEUSD-PERP",
      "m" : "4611686018427661980"
    }, {
      "d" : "1756462413331042336",
      "t" : 1756462413331,
      "tn" : 1756462413331042336,
      "q" : "10",
      "p" : "0.07168",
      "s" : "buy",
      "i" : "VINEUSD-PERP",
      "m" : "4611686018427661979"
    }, {
      "d" : "1756462064688731457",
      "t" : 1756462064688,
      "tn" : 1756462064688731457,
      "q" : "10",
      "p" : "0.07169",
      "s" : "buy",
      "i" : "VINEUSD-PERP",
      "m" : "4611686018427661978"
    }, {
      "d" : "1756461016719642755",
      "t" : 1756461016719,
      "tn" : 1756461016719642755,
      "q" : "690",
      "p" : "0.07190",
      "s" : "sell",
      "i" : "VINEUSD-PERP",
      "m" : "4611686018427661977"
    }, {
      "d" : "1756460094953199115",
      "t" : 1756460094953,
      "tn" : 1756460094953199115,
      "q" : "670",
      "p" : "0.07167",
      "s" : "sell",
      "i" : "VINEUSD-PERP",
      "m" : "4611686018427661976"
    }, {
      "d" : "1756460094953197378",
      "t" : 1756460094953,
      "tn" : 1756460094953197378,
      "q" : "20",
      "p" : "0.07168",
      "s" : "sell",
      "i" : "VINEUSD-PERP",
      "m" : "4611686018427661975"
    }, {
      "d" : "1756460094952692581",
      "t" : 1756460094952,
      "tn" : 1756460094952692581,
      "q" : "670",
      "p" : "0.07168",
      "s" : "sell",
      "i" : "VINEUSD-PERP",
      "m" : "4611686018427661974"
    }, {
      "d" : "1756460094952690890",
      "t" : 1756460094952,
      "tn" : 1756460094952690890,
      "q" : "10",
      "p" : "0.07169",
      "s" : "sell",
      "i" : "VINEUSD-PERP",
      "m" : "4611686018427661973"
    }, {
      "d" : "1756460094952688150",
      "t" : 1756460094952,
      "tn" : 1756460094952688150,
      "q" : "10",
      "p" : "0.07172",
      "s" : "sell",
      "i" : "VINEUSD-PERP",
      "m" : "4611686018427661972"
    }, {
      "d" : "1756459869260029917",
      "t" : 1756459869260,
      "tn" : 1756459869260029917,
      "q" : "690",
      "p" : "0.07201",
      "s" : "sell",
      "i" : "VINEUSD-PERP",
      "m" : "4611686018427661971"
    }, {
      "d" : "1756459869253034765",
      "t" : 1756459869253,
      "tn" : 1756459869253034765,
      "q" : "3380",
      "p" : "0.07201",
      "s" : "sell",
      "i" : "VINEUSD-PERP",
      "m" : "4611686018427661970"
    }, {
      "d" : "1756459869253033035",
      "t" : 1756459869253,
      "tn" : 1756459869253033035,
      "q" : "10",
      "p" : "0.07204",
      "s" : "sell",
      "i" : "VINEUSD-PERP",
      "m" : "4611686018427661969"
    }, {
      "d" : "1756459855529308796",
      "t" : 1756459855529,
      "tn" : 1756459855529308796,
      "q" : "1380",
      "p" : "0.07220",
      "s" : "buy",
      "i" : "VINEUSD-PERP",
      "m" : "4611686018427661968"
    }, {
      "d" : "1756459854848158981",
      "t" : 1756459854848,
      "tn" : 1756459854848158981,
      "q" : "1380",
      "p" : "0.07208",
      "s" : "buy",
      "i" : "VINEUSD-PERP",
      "m" : "4611686018427661967"
    }, {
      "d" : "1756459839170710231",
      "t" : 1756459839170,
      "tn" : 1756459839170710231,
      "q" : "1370",
      "p" : "0.07185",
      "s" : "buy",
      "i" : "VINEUSD-PERP",
      "m" : "4611686018427661966"
    }, {
      "d" : "1756459839170708768",
      "t" : 1756459839170,
      "tn" : 1756459839170708768,
      "q" : "10",
      "p" : "0.07178",
      "s" : "buy",
      "i" : "VINEUSD-PERP",
      "m" : "4611686018427661965"
    }, {
      "d" : "1756459839170705511",
      "t" : 1756459839170,
      "tn" : 1756459839170705511,
      "q" : "10",
      "p" : "0.07177",
      "s" : "buy",
      "i" : "VINEUSD-PERP",
      "m" : "4611686018427661964"
    }, {
      "d" : "1756459761687876246",
      "t" : 1756459761687,
      "tn" : 1756459761687876246,
      "q" : "690",
      "p" : "0.07157",
      "s" : "sell",
      "i" : "VINEUSD-PERP",
      "m" : "4611686018427661963"
    }, {
      "d" : "1756459719808878829",
      "t" : 1756459719808,
      "tn" : 1756459719808878829,
      "q" : "1370",
      "p" : "0.07179",
      "s" : "buy",
      "i" : "VINEUSD-PERP",
      "m" : "4611686018427661962"
    }, {
      "d" : "1756459719808877313",
      "t" : 1756459719808,
      "tn" : 1756459719808877313,
      "q" : "10",
      "p" : "0.07177",
      "s" : "buy",
      "i" : "VINEUSD-PERP",
      "m" : "4611686018427661961"
    }, {
      "d" : "1756459719808875198",
      "t" : 1756459719808,
      "tn" : 1756459719808875198,
      "q" : "10",
      "p" : "0.07176",
      "s" : "buy",
      "i" : "VINEUSD-PERP",
      "m" : "4611686018427661960"
    }, {
      "d" : "1756459610745233897",
      "t" : 1756459610745,
      "tn" : 1756459610745233897,
      "q" : "690",
      "p" : "0.07160",
      "s" : "sell",
      "i" : "VINEUSD-PERP",
      "m" : "4611686018427661959"
    }, {
      "d" : "1756459442676726474",
      "t" : 1756459442676,
      "tn" : 1756459442676726473,
      "q" : "10",
      "p" : "0.07208",
      "s" : "buy",
      "i" : "VINEUSD-PERP",
      "m" : "4611686018427661958"
    }, {
      "d" : "1756459442676726473",
      "t" : 1756459442676,
      "tn" : 1756459442676726473,
      "q" : "1380",
      "p" : "0.07208",
      "s" : "buy",
      "i" : "VINEUSD-PERP",
      "m" : "4611686018427661958"
    }, {
      "d" : "1756459441589518416",
      "t" : 1756459441589,
      "tn" : 1756459441589518416,
      "q" : "690",
      "p" : "0.07206",
      "s" : "sell",
      "i" : "VINEUSD-PERP",
      "m" : "4611686018427661957"
    }, {
      "d" : "1756459441588066615",
      "t" : 1756459441588,
      "tn" : 1756459441588066615,
      "q" : "690",
      "p" : "0.07207",
      "s" : "sell",
      "i" : "VINEUSD-PERP",
      "m" : "4611686018427661956"
    }, {
      "d" : "1756459441587777948",
      "t" : 1756459441587,
      "tn" : 1756459441587777948,
      "q" : "690",
      "p" : "0.07208",
      "s" : "sell",
      "i" : "VINEUSD-PERP",
      "m" : "4611686018427661955"
    }, {
      "d" : "1756459406577881283",
      "t" : 1756459406577,
      "tn" : 1756459406577881283,
      "q" : "10",
      "p" : "0.07273",
      "s" : "sell",
      "i" : "VINEUSD-PERP",
      "m" : "4611686018427661954"
    }, {
      "d" : "1756459406267811466",
      "t" : 1756459406267,
      "tn" : 1756459406267811466,
      "q" : "10",
      "p" : "0.07262",
      "s" : "sell",
      "i" : "VINEUSD-PERP",
      "m" : "4611686018427661953"
    }, {
      "d" : "1756459405958854738",
      "t" : 1756459405958,
      "tn" : 1756459405958854738,
      "q" : "1370",
      "p" : "0.07260",
      "s" : "buy",
      "i" : "VINEUSD-PERP",
      "m" : "4611686018427661952"
    }, {
      "d" : "1756459405284319903",
      "t" : 1756459405284,
      "tn" : 1756459405284319903,
      "q" : "1350",
      "p" : "0.07260",
      "s" : "buy",
      "i" : "VINEUSD-PERP",
      "m" : "4611686018427661951"
    }, {
      "d" : "1756459405284318121",
      "t" : 1756459405284,
      "tn" : 1756459405284318121,
      "q" : "10",
      "p" : "0.07258",
      "s" : "buy",
      "i" : "VINEUSD-PERP",
      "m" : "4611686018427661950"
    }, {
      "d" : "1756459405284316149",
      "t" : 1756459405284,
      "tn" : 1756459405284316149,
      "q" : "10",
      "p" : "0.07256",
      "s" : "buy",
      "i" : "VINEUSD-PERP",
      "m" : "4611686018427661949"
    }, {
      "d" : "1756459400222866802",
      "t" : 1756459400222,
      "tn" : 1756459400222866802,
      "q" : "2830",
      "p" : "0.07232",
      "s" : "sell",
      "i" : "VINEUSD-PERP",
      "m" : "4611686018427661948"
    }, {
      "d" : "1756459400204007736",
      "t" : 1756459400204,
      "tn" : 1756459400204007736,
      "q" : "4150",
      "p" : "0.07232",
      "s" : "sell",
      "i" : "VINEUSD-PERP",
      "m" : "4611686018427661947"
    }, {
      "d" : "1756459400204005894",
      "t" : 1756459400204,
      "tn" : 1756459400204005894,
      "q" : "10",
      "p" : "0.07235",
      "s" : "sell",
      "i" : "VINEUSD-PERP",
      "m" : "4611686018427661946"
    }, {
      "d" : "1756459399408742227",
      "t" : 1756459399408,
      "tn" : 1756459399408742227,
      "q" : "1370",
      "p" : "0.07237",
      "s" : "buy",
      "i" : "VINEUSD-PERP",
      "m" : "4611686018427661945"
    }, {
      "d" : "1756459399408739958",
      "t" : 1756459399408,
      "tn" : 1756459399408739958,
      "q" : "10",
      "p" : "0.07236",
      "s" : "buy",
      "i" : "VINEUSD-PERP",
      "m" : "4611686018427661944"
    }, {
      "d" : "1756459389145119031",
      "t" : 1756459389145,
      "tn" : 1756459389145119031,
      "q" : "340",
      "p" : "0.07185",
      "s" : "buy",
      "i" : "VINEUSD-PERP",
      "m" : "4611686018427661943"
    }, {
      "d" : "1756459389144055110",
      "t" : 1756459389144,
      "tn" : 1756459389144055110,
      "q" : "1030",
      "p" : "0.07185",
      "s" : "buy",
      "i" : "VINEUSD-PERP",
      "m" : "4611686018427661942"
    }, {
      "d" : "1756459389143826433",
      "t" : 1756459389143,
      "tn" : 1756459389143826433,
      "q" : "1380",
      "p" : "0.07179",
      "s" : "buy",
      "i" : "VINEUSD-PERP",
      "m" : "4611686018427661941"
    }, {
      "d" : "1756459388330038750",
      "t" : 1756459388330,
      "tn" : 1756459388330038750,
      "q" : "1380",
      "p" : "0.07179",
      "s" : "buy",
      "i" : "VINEUSD-PERP",
      "m" : "4611686018427661940"
    }, {
      "d" : "1756459388325952291",
      "t" : 1756459388325,
      "tn" : 1756459388325952291,
      "q" : "1370",
      "p" : "0.07172",
      "s" : "buy",
      "i" : "VINEUSD-PERP",
      "m" : "4611686018427661939"
    }, {
      "d" : "1756459388325950621",
      "t" : 1756459388325,
      "tn" : 1756459388325950621,
      "q" : "10",
      "p" : "0.07164",
      "s" : "buy",
      "i" : "VINEUSD-PERP",
      "m" : "4611686018427661938"
    }, {
      "d" : "1756459388325947905",
      "t" : 1756459388325,
      "tn" : 1756459388325947905,
      "q" : "10",
      "p" : "0.07163",
      "s" : "buy",
      "i" : "VINEUSD-PERP",
      "m" : "4611686018427661937"
    }, {
      "d" : "1756459386419652579",
      "t" : 1756459386419,
      "tn" : 1756459386419652579,
      "q" : "1390",
      "p" : "0.07152",
      "s" : "buy",
      "i" : "VINEUSD-PERP",
      "m" : "4611686018427661936"
    }, {
      "d" : "1756459386419212587",
      "t" : 1756459386419,
      "tn" : 1756459386419212587,
      "q" : "10",
      "p" : "0.07142",
      "s" : "buy",
      "i" : "VINEUSD-PERP",
      "m" : "4611686018427661935"
    }, {
      "d" : "1756459386419210554",
      "t" : 1756459386419,
      "tn" : 1756459386419210554,
      "q" : "10",
      "p" : "0.07141",
      "s" : "buy",
      "i" : "VINEUSD-PERP",
      "m" : "4611686018427661934"
    }, {
      "d" : "1756459296545076516",
      "t" : 1756459296545,
      "tn" : 1756459296545076516,
      "q" : "1390",
      "p" : "0.07144",
      "s" : "sell",
      "i" : "VINEUSD-PERP",
      "m" : "4611686018427661933"
    }, {
      "d" : "1756459283439891442",
      "t" : 1756459283439,
      "tn" : 1756459283439891442,
      "q" : "10",
      "p" : "0.07166",
      "s" : "sell",
      "i" : "VINEUSD-PERP",
      "m" : "4611686018427661932"
    }, {
      "d" : "1756459275494414961",
      "t" : 1756459275494,
      "tn" : 1756459275494414961,
      "q" : "700",
      "p" : "0.07167",
      "s" : "sell",
      "i" : "VINEUSD-PERP",
      "m" : "4611686018427661931"
    }, {
      "d" : "1756459275077805846",
      "t" : 1756459275077,
      "tn" : 1756459275077805846,
      "q" : "700",
      "p" : "0.07175",
      "s" : "buy",
      "i" : "VINEUSD-PERP",
      "m" : "4611686018427661930"
    }, {
      "d" : "1756459275076920026",
      "t" : 1756459275076,
      "tn" : 1756459275076920026,
      "q" : "690",
      "p" : "0.07175",
      "s" : "buy",
      "i" : "VINEUSD-PERP",
      "m" : "4611686018427661929"
    }, {
      "d" : "1756459275076453880",
      "t" : 1756459275076,
      "tn" : 1756459275076453880,
      "q" : "700",
      "p" : "0.07171",
      "s" : "buy",
      "i" : "VINEUSD-PERP",
      "m" : "4611686018427661928"
    }, {
      "d" : "1756459275076096467",
      "t" : 1756459275076,
      "tn" : 1756459275076096467,
      "q" : "690",
      "p" : "0.07171",
      "s" : "buy",
      "i" : "VINEUSD-PERP",
      "m" : "4611686018427661927"
    }, {
      "d" : "1756459274546340725",
      "t" : 1756459274546,
      "tn" : 1756459274546340725,
      "q" : "1370",
      "p" : "0.07160",
      "s" : "buy",
      "i" : "VINEUSD-PERP",
      "m" : "4611686018427661926"
    }, {
      "d" : "1756459273994007105",
      "t" : 1756459273994,
      "tn" : 1756459273994007105,
      "q" : "20",
      "p" : "0.07138",
      "s" : "buy",
      "i" : "VINEUSD-PERP",
      "m" : "4611686018427661925"
    }, {
      "d" : "1756459273992848314",
      "t" : 1756459273992,
      "tn" : 1756459273992848314,
      "q" : "1380",
      "p" : "0.07138",
      "s" : "buy",
      "i" : "VINEUSD-PERP",
      "m" : "4611686018427661924"
    }, {
      "d" : "1756459273992846249",
      "t" : 1756459273992,
      "tn" : 1756459273992846249,
      "q" : "10",
      "p" : "0.07137",
      "s" : "buy",
      "i" : "VINEUSD-PERP",
      "m" : "4611686018427661923"
    }, {
      "d" : "1756459273992844134",
      "t" : 1756459273992,
      "tn" : 1756459273992844134,
      "q" : "10",
      "p" : "0.07135",
      "s" : "buy",
      "i" : "VINEUSD-PERP",
      "m" : "4611686018427661922"
    }, {
      "d" : "1756455428677471119",
      "t" : 1756455428677,
      "tn" : 1756455428677471119,
      "q" : "700",
      "p" : "0.07099",
      "s" : "sell",
      "i" : "VINEUSD-PERP",
      "m" : "4611686018427661921"
    }, {
      "d" : "1756455257083638299",
      "t" : 1756455257083,
      "tn" : 1756455257083638298,
      "q" : "10",
      "p" : "0.07142",
      "s" : "buy",
      "i" : "VINEUSD-PERP",
      "m" : "4611686018427661920"
    }, {
      "d" : "1756455257083638298",
      "t" : 1756455257083,
      "tn" : 1756455257083638298,
      "q" : "1400",
      "p" : "0.07142",
      "s" : "buy",
      "i" : "VINEUSD-PERP",
      "m" : "4611686018427661920"
    }, {
      "d" : "1756453823264720698",
      "t" : 1756453823264,
      "tn" : 1756453823264720698,
      "q" : "690",
      "p" : "0.07162",
      "s" : "sell",
      "i" : "VINEUSD-PERP",
      "m" : "4611686018427661919"
    }, {
      "d" : "1756453201246032266",
      "t" : 1756453201246,
      "tn" : 1756453201246032266,
      "q" : "1340",
      "p" : "0.07227",
      "s" : "buy",
      "i" : "VINEUSD-PERP",
      "m" : "4611686018427661918"
    }, {
      "d" : "1756453201246030409",
      "t" : 1756453201246,
      "tn" : 1756453201246030409,
      "q" : "10",
      "p" : "0.07220",
      "s" : "buy",
      "i" : "VINEUSD-PERP",
      "m" : "4611686018427661917"
    }, {
      "d" : "1756452874585468113",
      "t" : 1756452874585,
      "tn" : 1756452874585468113,
      "q" : "680",
      "p" : "0.07248",
      "s" : "sell",
      "i" : "VINEUSD-PERP",
      "m" : "4611686018427661916"
    }, {
      "d" : "1756452715371631696",
      "t" : 1756452715371,
      "tn" : 1756452715371631696,
      "q" : "1360",
      "p" : "0.07219",
      "s" : "buy",
      "i" : "VINEUSD-PERP",
      "m" : "4611686018427661915"
    }, {
      "d" : "1756452715371629915",
      "t" : 1756452715371,
      "tn" : 1756452715371629915,
      "q" : "10",
      "p" : "0.07214",
      "s" : "buy",
      "i" : "VINEUSD-PERP",
      "m" : "4611686018427661914"
    }, {
      "d" : "1756452715371628218",
      "t" : 1756452715371,
      "tn" : 1756452715371628218,
      "q" : "10",
      "p" : "0.07213",
      "s" : "buy",
      "i" : "VINEUSD-PERP",
      "m" : "4611686018427661913"
    }, {
      "d" : "1756452630909814477",
      "t" : 1756452630909,
      "tn" : 1756452630909814477,
      "q" : "690",
      "p" : "0.07210",
      "s" : "sell",
      "i" : "VINEUSD-PERP",
      "m" : "4611686018427661912"
    }, {
      "d" : "1756451870935812205",
      "t" : 1756451870935,
      "tn" : 1756451870935812205,
      "q" : "10",
      "p" : "0.07328",
      "s" : "sell",
      "i" : "VINEUSD-PERP",
      "m" : "4611686018427661911"
    }, {
      "d" : "1756450968730704657",
      "t" : 1756450968730,
      "tn" : 1756450968730704657,
      "q" : "6760",
      "p" : "0.07370",
      "s" : "sell",
      "i" : "VINEUSD-PERP",
      "m" : "4611686018427661910"
    }, {
      "d" : "1756447469332815277",
      "t" : 1756447469332,
      "tn" : 1756447469332815277,
      "q" : "10",
      "p" : "0.07327",
      "s" : "sell",
      "i" : "VINEUSD-PERP",
      "m" : "4611686018427661909"
    }, {
      "d" : "1756444747056817029",
      "t" : 1756444747056,
      "tn" : 1756444747056817029,
      "q" : "680",
      "p" : "0.07348",
      "s" : "sell",
      "i" : "VINEUSD-PERP",
      "m" : "4611686018427661908"
    }, {
      "d" : "1756442126312554592",
      "t" : 1756442126312,
      "tn" : 1756442126312554592,
      "q" : "670",
      "p" : "0.07424",
      "s" : "sell",
      "i" : "VINEUSD-PERP",
      "m" : "4611686018427661907"
    }, {
      "d" : "1756442126310594703",
      "t" : 1756442126310,
      "tn" : 1756442126310594703,
      "q" : "670",
      "p" : "0.07426",
      "s" : "sell",
      "i" : "VINEUSD-PERP",
      "m" : "4611686018427661906"
    }, {
      "d" : "1756442126304958718",
      "t" : 1756442126304,
      "tn" : 1756442126304958718,
      "q" : "670",
      "p" : "0.07428",
      "s" : "sell",
      "i" : "VINEUSD-PERP",
      "m" : "4611686018427661905"
    }, {
      "d" : "1756442126304633138",
      "t" : 1756442126304,
      "tn" : 1756442126304633138,
      "q" : "500",
      "p" : "0.07436",
      "s" : "sell",
      "i" : "VINEUSD-PERP",
      "m" : "4611686018427661904"
    }, {
      "d" : "1756442126304630566",
      "t" : 1756442126304,
      "tn" : 1756442126304630566,
      "q" : "10",
      "p" : "0.07437",
      "s" : "sell",
      "i" : "VINEUSD-PERP",
      "m" : "4611686018427661903"
    }, {
      "d" : "1756442126304627740",
      "t" : 1756442126304,
      "tn" : 1756442126304627740,
      "q" : "10",
      "p" : "0.07439",
      "s" : "sell",
      "i" : "VINEUSD-PERP",
      "m" : "4611686018427661902"
    }, {
      "d" : "1756440426574994858",
      "t" : 1756440426574,
      "tn" : 1756440426574994858,
      "q" : "670",
      "p" : "0.07380",
      "s" : "sell",
      "i" : "VINEUSD-PERP",
      "m" : "4611686018427661901"
    }, {
      "d" : "1756440206973600860",
      "t" : 1756440206973,
      "tn" : 1756440206973600860,
      "q" : "670",
      "p" : "0.07408",
      "s" : "sell",
      "i" : "VINEUSD-PERP",
      "m" : "4611686018427661900"
    }, {
      "d" : "1756439760546822184",
      "t" : 1756439760546,
      "tn" : 1756439760546822184,
      "q" : "670",
      "p" : "0.07430",
      "s" : "sell",
      "i" : "VINEUSD-PERP",
      "m" : "4611686018427661899"
    }, {
      "d" : "1756439707717295120",
      "t" : 1756439707717,
      "tn" : 1756439707717295120,
      "q" : "10",
      "p" : "0.07449",
      "s" : "sell",
      "i" : "VINEUSD-PERP",
      "m" : "4611686018427661898"
    }, {
      "d" : "1756439244757381256",
      "t" : 1756439244757,
      "tn" : 1756439244757381256,
      "q" : "670",
      "p" : "0.07458",
      "s" : "sell",
      "i" : "VINEUSD-PERP",
      "m" : "4611686018427661897"
    }, {
      "d" : "1756439225585606076",
      "t" : 1756439225585,
      "tn" : 1756439225585606076,
      "q" : "660",
      "p" : "0.07466",
      "s" : "sell",
      "i" : "VINEUSD-PERP",
      "m" : "4611686018427661896"
    }, {
      "d" : "1756439224257446611",
      "t" : 1756439224257,
      "tn" : 1756439224257446610,
      "q" : "10",
      "p" : "0.07474",
      "s" : "sell",
      "i" : "VINEUSD-PERP",
      "m" : "4611686018427661895"
    }, {
      "d" : "1756439224257446610",
      "t" : 1756439224257,
      "tn" : 1756439224257446610,
      "q" : "660",
      "p" : "0.07474",
      "s" : "sell",
      "i" : "VINEUSD-PERP",
      "m" : "4611686018427661895"
    }, {
      "d" : "1756439102375742271",
      "t" : 1756439102375,
      "tn" : 1756439102375742271,
      "q" : "660",
      "p" : "0.07494",
      "s" : "sell",
      "i" : "VINEUSD-PERP",
      "m" : "4611686018427661894"
    }, {
      "d" : "1756439046853332072",
      "t" : 1756439046853,
      "tn" : 1756439046853332072,
      "q" : "10",
      "p" : "0.07513",
      "s" : "sell",
      "i" : "VINEUSD-PERP",
      "m" : "4611686018427661893"
    }, {
      "d" : "1756438728172917784",
      "t" : 1756438728172,
      "tn" : 1756438728172917784,
      "q" : "1170",
      "p" : "0.07474",
      "s" : "buy",
      "i" : "VINEUSD-PERP",
      "m" : "4611686018427661892"
    }, {
      "d" : "1756438728172916075",
      "t" : 1756438728172,
      "tn" : 1756438728172916075,
      "q" : "10",
      "p" : "0.07469",
      "s" : "buy",
      "i" : "VINEUSD-PERP",
      "m" : "4611686018427661891"
    }, {
      "d" : "1756438728172912988",
      "t" : 1756438728172,
      "tn" : 1756438728172912988,
      "q" : "10",
      "p" : "0.07468",
      "s" : "buy",
      "i" : "VINEUSD-PERP",
      "m" : "4611686018427661890"
    }, {
      "d" : "1756437382746902024",
      "t" : 1756437382746,
      "tn" : 1756437382746902024,
      "q" : "10",
      "p" : "0.07431",
      "s" : "sell",
      "i" : "VINEUSD-PERP",
      "m" : "4611686018427661889"
    }, {
      "d" : "1756437120214385284",
      "t" : 1756437120214,
      "tn" : 1756437120214385284,
      "q" : "10",
      "p" : "0.07441",
      "s" : "sell",
      "i" : "VINEUSD-PERP",
      "m" : "4611686018427661888"
    }, {
      "d" : "1756436759684534174",
      "t" : 1756436759684,
      "tn" : 1756436759684534174,
      "q" : "10",
      "p" : "0.07416",
      "s" : "sell",
      "i" : "VINEUSD-PERP",
      "m" : "4611686018427661887"
    }, {
      "d" : "1756436411927422151",
      "t" : 1756436411927,
      "tn" : 1756436411927422151,
      "q" : "10",
      "p" : "0.07453",
      "s" : "sell",
      "i" : "VINEUSD-PERP",
      "m" : "4611686018427661886"
    }, {
      "d" : "1756436127457218555",
      "t" : 1756436127457,
      "tn" : 1756436127457218555,
      "q" : "10",
      "p" : "0.07410",
      "s" : "sell",
      "i" : "VINEUSD-PERP",
      "m" : "4611686018427661885"
    }, {
      "d" : "1756436105616962652",
      "t" : 1756436105616,
      "tn" : 1756436105616962652,
      "q" : "10",
      "p" : "0.07412",
      "s" : "sell",
      "i" : "VINEUSD-PERP",
      "m" : "4611686018427661884"
    }, {
      "d" : "1756435646696720500",
      "t" : 1756435646696,
      "tn" : 1756435646696720500,
      "q" : "10",
      "p" : "0.07407",
      "s" : "sell",
      "i" : "VINEUSD-PERP",
      "m" : "4611686018427661883"
    }, {
      "d" : "1756435554740326146",
      "t" : 1756435554740,
      "tn" : 1756435554740326146,
      "q" : "670",
      "p" : "0.07390",
      "s" : "sell",
      "i" : "VINEUSD-PERP",
      "m" : "4611686018427661882"
    }, {
      "d" : "1756435554740323006",
      "t" : 1756435554740,
      "tn" : 1756435554740323006,
      "q" : "670",
      "p" : "0.07392",
      "s" : "sell",
      "i" : "VINEUSD-PERP",
      "m" : "4611686018427661881"
    }, {
      "d" : "1756435554735931561",
      "t" : 1756435554735,
      "tn" : 1756435554735931561,
      "q" : "10",
      "p" : "0.07394",
      "s" : "sell",
      "i" : "VINEUSD-PERP",
      "m" : "4611686018427661880"
    }, {
      "d" : "1756435554735581717",
      "t" : 1756435554735,
      "tn" : 1756435554735581717,
      "q" : "660",
      "p" : "0.07394",
      "s" : "sell",
      "i" : "VINEUSD-PERP",
      "m" : "4611686018427661879"
    }, {
      "d" : "1756435554735580240",
      "t" : 1756435554735,
      "tn" : 1756435554735580240,
      "q" : "10",
      "p" : "0.07398",
      "s" : "sell",
      "i" : "VINEUSD-PERP",
      "m" : "4611686018427661878"
    }, {
      "d" : "1756435554734941636",
      "t" : 1756435554734,
      "tn" : 1756435554734941636,
      "q" : "10",
      "p" : "0.07401",
      "s" : "sell",
      "i" : "VINEUSD-PERP",
      "m" : "4611686018427661877"
    }, {
      "d" : "1756435475954349404",
      "t" : 1756435475954,
      "tn" : 1756435475954349404,
      "q" : "10",
      "p" : "0.07425",
      "s" : "sell",
      "i" : "VINEUSD-PERP",
      "m" : "4611686018427661876"
    }, {
      "d" : "1756435459098178820",
      "t" : 1756435459098,
      "tn" : 1756435459098178820,
      "q" : "10",
      "p" : "0.07431",
      "s" : "sell",
      "i" : "VINEUSD-PERP",
      "m" : "4611686018427661875"
    }, {
      "d" : "1756435454029259428",
      "t" : 1756435454029,
      "tn" : 1756435454029259428,
      "q" : "670",
      "p" : "0.07438",
      "s" : "sell",
      "i" : "VINEUSD-PERP",
      "m" : "4611686018427661874"
    }, {
      "d" : "1756435452032202551",
      "t" : 1756435452032,
      "tn" : 1756435452032202551,
      "q" : "10",
      "p" : "0.07441",
      "s" : "sell",
      "i" : "VINEUSD-PERP",
      "m" : "4611686018427661873"
    }, {
      "d" : "1756435228217962356",
      "t" : 1756435228217,
      "tn" : 1756435228217962356,
      "q" : "10",
      "p" : "0.07473",
      "s" : "sell",
      "i" : "VINEUSD-PERP",
      "m" : "4611686018427661872"
    }, {
      "d" : "1756435222076636571",
      "t" : 1756435222076,
      "tn" : 1756435222076636571,
      "q" : "10",
      "p" : "0.07470",
      "s" : "sell",
      "i" : "VINEUSD-PERP",
      "m" : "4611686018427661871"
    }, {
      "d" : "1756435147470832171",
      "t" : 1756435147470,
      "tn" : 1756435147470832171,
      "q" : "10",
      "p" : "0.07492",
      "s" : "sell",
      "i" : "VINEUSD-PERP",
      "m" : "4611686018427661870"
    }, {
      "d" : "1756435130193395977",
      "t" : 1756435130193,
      "tn" : 1756435130193395977,
      "q" : "660",
      "p" : "0.07478",
      "s" : "sell",
      "i" : "VINEUSD-PERP",
      "m" : "4611686018427661869"
    }, {
      "d" : "1756435103614526801",
      "t" : 1756435103614,
      "tn" : 1756435103614526801,
      "q" : "10",
      "p" : "0.07482",
      "s" : "buy",
      "i" : "VINEUSD-PERP",
      "m" : "4611686018427661868"
    }, {
      "d" : "1756435103614524720",
      "t" : 1756435103614,
      "tn" : 1756435103614524720,
      "q" : "10",
      "p" : "0.07481",
      "s" : "buy",
      "i" : "VINEUSD-PERP",
      "m" : "4611686018427661867"
    }, {
      "d" : "1756435028200539260",
      "t" : 1756435028200,
      "tn" : 1756435028200539260,
      "q" : "10",
      "p" : "0.07472",
      "s" : "sell",
      "i" : "VINEUSD-PERP",
      "m" : "4611686018427661866"
    }, {
      "d" : "1756434998496927028",
      "t" : 1756434998496,
      "tn" : 1756434998496927028,
      "q" : "1330",
      "p" : "0.07468",
      "s" : "buy",
      "i" : "VINEUSD-PERP",
      "m" : "4611686018427661865"
    }, {
      "d" : "1756434998482722303",
      "t" : 1756434998482,
      "tn" : 1756434998482722303,
      "q" : "500",
      "p" : "0.07458",
      "s" : "buy",
      "i" : "VINEUSD-PERP",
      "m" : "4611686018427661864"
    }, {
      "d" : "1756434998482718500",
      "t" : 1756434998482,
      "tn" : 1756434998482718500,
      "q" : "10",
      "p" : "0.07454",
      "s" : "buy",
      "i" : "VINEUSD-PERP",
      "m" : "4611686018427661863"
    }, {
      "d" : "1756434998482715939",
      "t" : 1756434998482,
      "tn" : 1756434998482715939,
      "q" : "10",
      "p" : "0.07453",
      "s" : "buy",
      "i" : "VINEUSD-PERP",
      "m" : "4611686018427661862"
    }, {
      "d" : "1756434963434111770",
      "t" : 1756434963434,
      "tn" : 1756434963434111770,
      "q" : "10",
      "p" : "0.07473",
      "s" : "sell",
      "i" : "VINEUSD-PERP",
      "m" : "4611686018427661861"
    }, {
      "d" : "1756434531015404369",
      "t" : 1756434531015,
      "tn" : 1756434531015404369,
      "q" : "10",
      "p" : "0.07436",
      "s" : "sell",
      "i" : "VINEUSD-PERP",
      "m" : "4611686018427661860"
    }, {
      "d" : "1756434503857608770",
      "t" : 1756434503857,
      "tn" : 1756434503857608770,
      "q" : "1340",
      "p" : "0.07436",
      "s" : "buy",
      "i" : "VINEUSD-PERP",
      "m" : "4611686018427661859"
    }, {
      "d" : "1756434503857606288",
      "t" : 1756434503857,
      "tn" : 1756434503857606288,
      "q" : "10",
      "p" : "0.07432",
      "s" : "buy",
      "i" : "VINEUSD-PERP",
      "m" : "4611686018427661858"
    }, {
      "d" : "1756434503857603291",
      "t" : 1756434503857,
      "tn" : 1756434503857603291,
      "q" : "10",
      "p" : "0.07431",
      "s" : "buy",
      "i" : "VINEUSD-PERP",
      "m" : "4611686018427661857"
    }, {
      "d" : "1756434278698409933",
      "t" : 1756434278698,
      "tn" : 1756434278698409933,
      "q" : "1340",
      "p" : "0.07448",
      "s" : "buy",
      "i" : "VINEUSD-PERP",
      "m" : "4611686018427661856"
    }, {
      "d" : "1756434265371914542",
      "t" : 1756434265371,
      "tn" : 1756434265371914542,
      "q" : "1330",
      "p" : "0.07438",
      "s" : "sell",
      "i" : "VINEUSD-PERP",
      "m" : "4611686018427661855"
    }, {
      "d" : "1756434265371912788",
      "t" : 1756434265371,
      "tn" : 1756434265371912788,
      "q" : "10",
      "p" : "0.07441",
      "s" : "sell",
      "i" : "VINEUSD-PERP",
      "m" : "4611686018427661854"
    }, {
      "d" : "1756434250287207643",
      "t" : 1756434250287,
      "tn" : 1756434250287207643,
      "q" : "1320",
      "p" : "0.07440",
      "s" : "buy",
      "i" : "VINEUSD-PERP",
      "m" : "4611686018427661853"
    }, {
      "d" : "1756434250287205984",
      "t" : 1756434250287,
      "tn" : 1756434250287205984,
      "q" : "10",
      "p" : "0.07436",
      "s" : "buy",
      "i" : "VINEUSD-PERP",
      "m" : "4611686018427661852"
    }, {
      "d" : "1756434250287202935",
      "t" : 1756434250287,
      "tn" : 1756434250287202935,
      "q" : "10",
      "p" : "0.07435",
      "s" : "buy",
      "i" : "VINEUSD-PERP",
      "m" : "4611686018427661851"
    }, {
      "d" : "1756434196832875099",
      "t" : 1756434196832,
      "tn" : 1756434196832875099,
      "q" : "10",
      "p" : "0.07457",
      "s" : "sell",
      "i" : "VINEUSD-PERP",
      "m" : "4611686018427661850"
    }, {
      "d" : "1756434196825530448",
      "t" : 1756434196825,
      "tn" : 1756434196825530448,
      "q" : "3540",
      "p" : "0.07455",
      "s" : "sell",
      "i" : "VINEUSD-PERP",
      "m" : "4611686018427661849"
    }, {
      "d" : "1756434196825529006",
      "t" : 1756434196825,
      "tn" : 1756434196825529006,
      "q" : "10",
      "p" : "0.07458",
      "s" : "sell",
      "i" : "VINEUSD-PERP",
      "m" : "4611686018427661848"
    }, {
      "d" : "1756434190423404850",
      "t" : 1756434190423,
      "tn" : 1756434190423404850,
      "q" : "1340",
      "p" : "0.07454",
      "s" : "buy",
      "i" : "VINEUSD-PERP",
      "m" : "4611686018427661847"
    }, {
      "d" : "1756433630711917042",
      "t" : 1756433630711,
      "tn" : 1756433630711917042,
      "q" : "1350",
      "p" : "0.07380",
      "s" : "buy",
      "i" : "VINEUSD-PERP",
      "m" : "4611686018427661846"
    }, {
      "d" : "1756433465478844501",
      "t" : 1756433465478,
      "tn" : 1756433465478844501,
      "q" : "860",
      "p" : "0.07340",
      "s" : "buy",
      "i" : "VINEUSD-PERP",
      "m" : "4611686018427661845"
    }, {
      "d" : "1756433465478842759",
      "t" : 1756433465478,
      "tn" : 1756433465478842759,
      "q" : "500",
      "p" : "0.07339",
      "s" : "buy",
      "i" : "VINEUSD-PERP",
      "m" : "4611686018427661844"
    }, {
      "d" : "1756433465476452288",
      "t" : 1756433465476,
      "tn" : 1756433465476452288,
      "q" : "1360",
      "p" : "0.07328",
      "s" : "buy",
      "i" : "VINEUSD-PERP",
      "m" : "4611686018427661843"
    }, {
      "d" : "1756433442215063067",
      "t" : 1756433442215,
      "tn" : 1756433442215063067,
      "q" : "1060",
      "p" : "0.07316",
      "s" : "buy",
      "i" : "VINEUSD-PERP",
      "m" : "4611686018427661842"
    }, {
      "d" : "1756433406271629598",
      "t" : 1756433406271,
      "tn" : 1756433406271629598,
      "q" : "1360",
      "p" : "0.07302",
      "s" : "buy",
      "i" : "VINEUSD-PERP",
      "m" : "4611686018427661841"
    }, {
      "d" : "1756433099273686979",
      "t" : 1756433099273,
      "tn" : 1756433099273686978,
      "q" : "1360",
      "p" : "0.07296",
      "s" : "buy",
      "i" : "VINEUSD-PERP",
      "m" : "4611686018427661840"
    }, {
      "d" : "1756433099273686978",
      "t" : 1756433099273,
      "tn" : 1756433099273686978,
      "q" : "10",
      "p" : "0.07296",
      "s" : "buy",
      "i" : "VINEUSD-PERP",
      "m" : "4611686018427661840"
    }, {
      "d" : "1756432992299037211",
      "t" : 1756432992299,
      "tn" : 1756432992299037210,
      "q" : "1370",
      "p" : "0.07290",
      "s" : "buy",
      "i" : "VINEUSD-PERP",
      "m" : "4611686018427661839"
    }, {
      "d" : "1756432992299037210",
      "t" : 1756432992299,
      "tn" : 1756432992299037210,
      "q" : "10",
      "p" : "0.07290",
      "s" : "buy",
      "i" : "VINEUSD-PERP",
      "m" : "4611686018427661839"
    }, {
      "d" : "1756432991737041955",
      "t" : 1756432991737,
      "tn" : 1756432991737041954,
      "q" : "10",
      "p" : "0.07288",
      "s" : "buy",
      "i" : "VINEUSD-PERP",
      "m" : "4611686018427661838"
    }, {
      "d" : "1756432991737041954",
      "t" : 1756432991737,
      "tn" : 1756432991737041954,
      "q" : "1370",
      "p" : "0.07288",
      "s" : "buy",
      "i" : "VINEUSD-PERP",
      "m" : "4611686018427661838"
    }, {
      "d" : "1756432229487710226",
      "t" : 1756432229487,
      "tn" : 1756432229487710226,
      "q" : "580",
      "p" : "0.07292",
      "s" : "buy",
      "i" : "VINEUSD-PERP",
      "m" : "4611686018427661837"
    } ]
  }
}