{
  "id" : -1,
  "method" : "public/get-trades",
  "code" : 0,
  "result" : {
    "data" : [ {
      "d" : "1756462474440641544",
      "t" : 1756462474440,
      "tn" : 1756462474440641544,
      "q" : "87",
      "p" : "1.1466",
      "s" : "buy",
      "i" : "VIRTUALUSD-PERP",
      "m" : "4611686018427802913"
    }, {
      "d" : "1756462474440630498",
      "t" : 1756462474440,
      "tn" : 1756462474440630498,
      "q" : "50",
      "p" : "1.1465",
      "s" : "buy",
      "i" : "VIRTUALUSD-PERP",
      "m" : "4611686018427802912"
    }, {
      "d" : "1756462474440627944",
      "t" : 1756462474440,
      "tn" : 1756462474440627943,
      "q" : "1",
      "p" : "1.1460",
      "s" : "buy",
      "i" : "VIRTUALUSD-PERP",
      "m" : "4611686018427802911"
    }, {
      "d" : "1756462474440627943",
      "t" : 1756462474440,
      "tn" : 1756462474440627943,
      "q" : "1",
      "p" : "1.1460",
      "s" : "buy",
      "i" : "VIRTUALUSD-PERP",
      "m" : "4611686018427802911"
    }, {
      "d" : "1756462301588885901",
      "t" : 1756462301588,
      "tn" : 1756462301588885901,
      "q" : "1",
      "p" : "1.1472",
      "s" : "sell",
      "i" : "VIRTUALUSD-PERP",
      "m" : "4611686018427802910"
    }, {
      "d" : "1756461905664018609",
      "t" : 1756461905664,
      "tn" : 1756461905664018609,
      "q" : "1",
      "p" : "1.1432",
      "s" : "sell",
      "i" : "VIRTUALUSD-PERP",
      "m" : "4611686018427802909"
    }, {
      "d" : "1756461893827340834",
      "t" : 1756461893827,
      "tn" : 1756461893827340834,
      "q" : "1",
      "p" : "1.1429",
      "s" : "sell",
      "i" : "VIRTUALUSD-PERP",
      "m" : "4611686018427802908"
    }, {
      "d" : "1756461883326474119",
      "t" : 1756461883326,
      "tn" : 1756461883326474119,
      "q" : "1",
      "p" : "1.1426",
      "s" : "sell",
      "i" : "VIRTUALUSD-PERP",
      "m" : "4611686018427802907"
    }, {
      "d" : "1756461714472524000",
      "t" : 1756461714472,
      "tn" : 1756461714472524000,
      "q" : "1",
      "p" : "1.1422",
      "s" : "sell",
      "i" : "VIRTUALUSD-PERP",
      "m" : "4611686018427802906"
    }, {
      "d" : "1756461587270434097",
      "t" : 1756461587270,
      "tn" : 1756461587270434097,
      "q" : "1",
      "p" : "1.1419",
      "s" : "sell",
      "i" : "VIRTUALUSD-PERP",
      "m" : "4611686018427802905"
    }, {
      "d" : "1756461577244548350",
      "t" : 1756461577244,
      "tn" : 1756461577244548350,
      "q" : "1",
      "p" : "1.1420",
      "s" : "sell",
      "i" : "VIRTUALUSD-PERP",
      "m" : "4611686018427802904"
    }, {
      "d" : "1756461567222502757",
      "t" : 1756461567222,
      "tn" : 1756461567222502757,
      "q" : "1",
      "p" : "1.1424",
      "s" : "sell",
      "i" : "VIRTUALUSD-PERP",
      "m" : "4611686018427802903"
    }, {
      "d" : "1756461557209851041",
      "t" : 1756461557209,
      "tn" : 1756461557209851041,
      "q" : "1",
      "p" : "1.1425",
      "s" : "sell",
      "i" : "VIRTUALUSD-PERP",
      "m" : "4611686018427802902"
    }, {
      "d" : "1756461382389783680",
      "t" : 1756461382389,
      "tn" : 1756461382389783680,
      "q" : "1",
      "p" : "1.1434",
      "s" : "sell",
      "i" : "VIRTUALUSD-PERP",
      "m" : "4611686018427802901"
    }, {
      "d" : "1756461133299551780",
      "t" : 1756461133299,
      "tn" : 1756461133299551780,
      "q" : "1",
      "p" : "1.1426",
      "s" : "sell",
      "i" : "VIRTUALUSD-PERP",
      "m" : "4611686018427802900"
    }, {
      "d" : "1756461133129157552",
      "t" : 1756461133129,
      "tn" : 1756461133129157552,
      "q" : "87",
      "p" : "1.1424",
      "s" : "buy",
      "i" : "VIRTUALUSD-PERP",
      "m" : "4611686018427802899"
    }, {
      "d" : "1756461133128707044",
      "t" : 1756461133128,
      "tn" : 1756461133128707044,
      "q" : "1",
      "p" : "1.1421",
      "s" : "buy",
      "i" : "VIRTUALUSD-PERP",
      "m" : "4611686018427802898"
    }, {
      "d" : "1756460777792960174",
      "t" : 1756460777792,
      "tn" : 1756460777792960173,
      "q" : "1",
      "p" : "1.1410",
      "s" : "buy",
      "i" : "VIRTUALUSD-PERP",
      "m" : "4611686018427802897"
    }, {
      "d" : "1756460777792960173",
      "t" : 1756460777792,
      "tn" : 1756460777792960173,
      "q" : "80",
      "p" : "1.1410",
      "s" : "buy",
      "i" : "VIRTUALUSD-PERP",
      "m" : "4611686018427802897"
    }, {
      "d" : "1756460777792956831",
      "t" : 1756460777792,
      "tn" : 1756460777792956831,
      "q" : "1",
      "p" : "1.1407",
      "s" : "buy",
      "i" : "VIRTUALUSD-PERP",
      "m" : "4611686018427802896"
    }, {
      "d" : "1756460752944040187",
      "t" : 1756460752944,
      "tn" : 1756460752944040187,
      "q" : "7",
      "p" : "1.1414",
      "s" : "buy",
      "i" : "VIRTUALUSD-PERP",
      "m" : "4611686018427802895"
    }, {
      "d" : "1756460752944029152",
      "t" : 1756460752944,
      "tn" : 1756460752944029152,
      "q" : "80",
      "p" : "1.1414",
      "s" : "buy",
      "i" : "VIRTUALUSD-PERP",
      "m" : "4611686018427802894"
    }, {
      "d" : "1756460752943558703",
      "t" : 1756460752943,
      "tn" : 1756460752943558703,
      "q" : "1",
      "p" : "1.1412",
      "s" : "buy",
      "i" : "VIRTUALUSD-PERP",
      "m" : "4611686018427802893"
    }, {
      "d" : "1756460752635821542",
      "t" : 1756460752635,
      "tn" : 1756460752635821542,
      "q" : "1",
      "p" : "1.1410",
      "s" : "buy",
      "i" : "VIRTUALUSD-PERP",
      "m" : "4611686018427802892"
    }, {
      "d" : "1756460751591008943",
      "t" : 1756460751591,
      "tn" : 1756460751591008943,
      "q" : "1",
      "p" : "1.1410",
      "s" : "buy",
      "i" : "VIRTUALUSD-PERP",
      "m" : "4611686018427802891"
    }, {
      "d" : "1756460751438211477",
      "t" : 1756460751438,
      "tn" : 1756460751438211477,
      "q" : "1",
      "p" : "1.1410",
      "s" : "buy",
      "i" : "VIRTUALUSD-PERP",
      "m" : "4611686018427802890"
    }, {
      "d" : "1756460748172252297",
      "t" : 1756460748172,
      "tn" : 1756460748172252297,
      "q" : "1",
      "p" : "1.1405",
      "s" : "buy",
      "i" : "VIRTUALUSD-PERP",
      "m" : "4611686018427802889"
    }, {
      "d" : "1756460746171050602",
      "t" : 1756460746171,
      "tn" : 1756460746171050602,
      "q" : "1",
      "p" : "1.1404",
      "s" : "buy",
      "i" : "VIRTUALUSD-PERP",
      "m" : "4611686018427802888"
    }, {
      "d" : "1756460735456522910",
      "t" : 1756460735456,
      "tn" : 1756460735456522910,
      "q" : "1",
      "p" : "1.1397",
      "s" : "buy",
      "i" : "VIRTUALUSD-PERP",
      "m" : "4611686018427802887"
    }, {
      "d" : "1756460734133149420",
      "t" : 1756460734133,
      "tn" : 1756460734133149420,
      "q" : "1",
      "p" : "1.1396",
      "s" : "buy",
      "i" : "VIRTUALUSD-PERP",
      "m" : "4611686018427802886"
    }, {
      "d" : "1756460726190024589",
      "t" : 1756460726190,
      "tn" : 1756460726190024589,
      "q" : "1",
      "p" : "1.1392",
      "s" : "buy",
      "i" : "VIRTUALUSD-PERP",
      "m" : "4611686018427802885"
    }, {
      "d" : "1756460725917117644",
      "t" : 1756460725917,
      "tn" : 1756460725917117644,
      "q" : "1",
      "p" : "1.1390",
      "s" : "buy",
      "i" : "VIRTUALUSD-PERP",
      "m" : "4611686018427802884"
    }, {
      "d" : "1756460713005186278",
      "t" : 1756460713005,
      "tn" : 1756460713005186278,
      "q" : "1",
      "p" : "1.1384",
      "s" : "buy",
      "i" : "VIRTUALUSD-PERP",
      "m" : "4611686018427802883"
    }, {
      "d" : "1756460641192621242",
      "t" : 1756460641192,
      "tn" : 1756460641192621242,
      "q" : "1",
      "p" : "1.1384",
      "s" : "buy",
      "i" : "VIRTUALUSD-PERP",
      "m" : "4611686018427802882"
    }, {
      "d" : "1756460531315663183",
      "t" : 1756460531315,
      "tn" : 1756460531315663183,
      "q" : "1",
      "p" : "1.1395",
      "s" : "buy",
      "i" : "VIRTUALUSD-PERP",
      "m" : "4611686018427802881"
    }, {
      "d" : "1756460531315163152",
      "t" : 1756460531315,
      "tn" : 1756460531315163152,
      "q" : "1",
      "p" : "1.1394",
      "s" : "buy",
      "i" : "VIRTUALUSD-PERP",
      "m" : "4611686018427802880"
    }, {
      "d" : "1756460525735034359",
      "t" : 1756460525735,
      "tn" : 1756460525735034359,
      "q" : "1",
      "p" : "1.1395",
      "s" : "buy",
      "i" : "VIRTUALUSD-PERP",
      "m" : "4611686018427802879"
    }, {
      "d" : "1756460525675511759",
      "t" : 1756460525675,
      "tn" : 1756460525675511759,
      "q" : "1",
      "p" : "1.1394",
      "s" : "buy",
      "i" : "VIRTUALUSD-PERP",
      "m" : "4611686018427802878"
    }, {
      "d" : "1756460525655411038",
      "t" : 1756460525655,
      "tn" : 1756460525655411038,
      "q" : "1",
      "p" : "1.1395",
      "s" : "buy",
      "i" : "VIRTUALUSD-PERP",
      "m" : "4611686018427802877"
    }, {
      "d" : "1756460525595286349",
      "t" : 1756460525595,
      "tn" : 1756460525595286349,
      "q" : "1",
      "p" : "1.1393",
      "s" : "buy",
      "i" : "VIRTUALUSD-PERP",
      "m" : "4611686018427802876"
    }, {
      "d" : "1756460525545253714",
      "t" : 1756460525545,
      "tn" : 1756460525545253714,
      "q" : "1",
      "p" : "1.1394",
      "s" : "buy",
      "i" : "VIRTUALUSD-PERP",
      "m" : "4611686018427802875"
    }, {
      "d" : "1756460525494983481",
      "t" : 1756460525494,
      "tn" : 1756460525494983481,
      "q" : "1",
      "p" : "1.1392",
      "s" : "buy",
      "i" : "VIRTUALUSD-PERP",
      "m" : "4611686018427802874"
    }, {
      "d" : "1756460525434012280",
      "t" : 1756460525434,
      "tn" : 1756460525434012280,
      "q" : "87",
      "p" : "1.1394",
      "s" : "buy",
      "i" : "VIRTUALUSD-PERP",
      "m" : "4611686018427802873"
    }, {
      "d" : "1756460525433153130",
      "t" : 1756460525433,
      "tn" : 1756460525433153130,
      "q" : "1",
      "p" : "1.1390",
      "s" : "buy",
      "i" : "VIRTUALUSD-PERP",
      "m" : "4611686018427802872"
    }, {
      "d" : "1756460525431671246",
      "t" : 1756460525431,
      "tn" : 1756460525431671246,
      "q" : "1",
      "p" : "1.1388",
      "s" : "buy",
      "i" : "VIRTUALUSD-PERP",
      "m" : "4611686018427802871"
    }, {
      "d" : "1756460480007210766",
      "t" : 1756460480007,
      "tn" : 1756460480007210766,
      "q" : "1",
      "p" : "1.1398",
      "s" : "buy",
      "i" : "VIRTUALUSD-PERP",
      "m" : "4611686018427802870"
    }, {
      "d" : "1756460480006813339",
      "t" : 1756460480006,
      "tn" : 1756460480006813339,
      "q" : "1",
      "p" : "1.1396",
      "s" : "buy",
      "i" : "VIRTUALUSD-PERP",
      "m" : "4611686018427802869"
    }, {
      "d" : "1756460411270379150",
      "t" : 1756460411270,
      "tn" : 1756460411270379150,
      "q" : "1",
      "p" : "1.1391",
      "s" : "buy",
      "i" : "VIRTUALUSD-PERP",
      "m" : "4611686018427802868"
    }, {
      "d" : "1756460411115316983",
      "t" : 1756460411115,
      "tn" : 1756460411115316983,
      "q" : "1",
      "p" : "1.1386",
      "s" : "buy",
      "i" : "VIRTUALUSD-PERP",
      "m" : "4611686018427802867"
    }, {
      "d" : "1756460295030929459",
      "t" : 1756460295030,
      "tn" : 1756460295030929459,
      "q" : "1",
      "p" : "1.1397",
      "s" : "buy",
      "i" : "VIRTUALUSD-PERP",
      "m" : "4611686018427802866"
    }, {
      "d" : "1756460293502893664",
      "t" : 1756460293502,
      "tn" : 1756460293502893664,
      "q" : "1",
      "p" : "1.1397",
      "s" : "buy",
      "i" : "VIRTUALUSD-PERP",
      "m" : "4611686018427802865"
    }, {
      "d" : "1756460293499689959",
      "t" : 1756460293499,
      "tn" : 1756460293499689959,
      "q" : "1",
      "p" : "1.1396",
      "s" : "buy",
      "i" : "VIRTUALUSD-PERP",
      "m" : "4611686018427802864"
    }, {
      "d" : "1756460289283555911",
      "t" : 1756460289283,
      "tn" : 1756460289283555911,
      "q" : "1",
      "p" : "1.1395",
      "s" : "buy",
      "i" : "VIRTUALUSD-PERP",
      "m" : "4611686018427802863"
    }, {
      "d" : "1756460288048675003",
      "t" : 1756460288048,
      "tn" : 1756460288048675003,
      "q" : "1",
      "p" : "1.1397",
      "s" : "buy",
      "i" : "VIRTUALUSD-PERP",
      "m" : "4611686018427802862"
    }, {
      "d" : "1756460288014411783",
      "t" : 1756460288014,
      "tn" : 1756460288014411783,
      "q" : "1",
      "p" : "1.1395",
      "s" : "buy",
      "i" : "VIRTUALUSD-PERP",
      "m" : "4611686018427802861"
    }, {
      "d" : "1756460287942009691",
      "t" : 1756460287942,
      "tn" : 1756460287942009691,
      "q" : "1",
      "p" : "1.1394",
      "s" : "buy",
      "i" : "VIRTUALUSD-PERP",
      "m" : "4611686018427802860"
    }, {
      "d" : "1756460282730422756",
      "t" : 1756460282730,
      "tn" : 1756460282730422756,
      "q" : "1",
      "p" : "1.1394",
      "s" : "buy",
      "i" : "VIRTUALUSD-PERP",
      "m" : "4611686018427802859"
    }, {
      "d" : "1756460282664161408",
      "t" : 1756460282664,
      "tn" : 1756460282664161408,
      "q" : "1",
      "p" : "1.1393",
      "s" : "buy",
      "i" : "VIRTUALUSD-PERP",
      "m" : "4611686018427802858"
    }, {
      "d" : "1756460282604011269",
      "t" : 1756460282604,
      "tn" : 1756460282604011269,
      "q" : "1",
      "p" : "1.1392",
      "s" : "buy",
      "i" : "VIRTUALUSD-PERP",
      "m" : "4611686018427802857"
    }, {
      "d" : "1756460282540322474",
      "t" : 1756460282540,
      "tn" : 1756460282540322474,
      "q" : "1",
      "p" : "1.1391",
      "s" : "buy",
      "i" : "VIRTUALUSD-PERP",
      "m" : "4611686018427802856"
    }, {
      "d" : "1756460282474930643",
      "t" : 1756460282474,
      "tn" : 1756460282474930643,
      "q" : "1",
      "p" : "1.1391",
      "s" : "buy",
      "i" : "VIRTUALUSD-PERP",
      "m" : "4611686018427802855"
    }, {
      "d" : "1756460282474380507",
      "t" : 1756460282474,
      "tn" : 1756460282474380507,
      "q" : "1",
      "p" : "1.1389",
      "s" : "buy",
      "i" : "VIRTUALUSD-PERP",
      "m" : "4611686018427802854"
    }, {
      "d" : "1756460265501248700",
      "t" : 1756460265501,
      "tn" : 1756460265501248700,
      "q" : "1",
      "p" : "1.1382",
      "s" : "buy",
      "i" : "VIRTUALUSD-PERP",
      "m" : "4611686018427802853"
    }, {
      "d" : "1756460257364902118",
      "t" : 1756460257364,
      "tn" : 1756460257364902118,
      "q" : "1",
      "p" : "1.1385",
      "s" : "buy",
      "i" : "VIRTUALUSD-PERP",
      "m" : "4611686018427802852"
    }, {
      "d" : "1756460257254697452",
      "t" : 1756460257254,
      "tn" : 1756460257254697452,
      "q" : "1",
      "p" : "1.1385",
      "s" : "buy",
      "i" : "VIRTUALUSD-PERP",
      "m" : "4611686018427802851"
    }, {
      "d" : "1756460248824877270",
      "t" : 1756460248824,
      "tn" : 1756460248824877270,
      "q" : "1",
      "p" : "1.1388",
      "s" : "buy",
      "i" : "VIRTUALUSD-PERP",
      "m" : "4611686018427802850"
    }, {
      "d" : "1756460245297359604",
      "t" : 1756460245297,
      "tn" : 1756460245297359604,
      "q" : "1",
      "p" : "1.1385",
      "s" : "buy",
      "i" : "VIRTUALUSD-PERP",
      "m" : "4611686018427802849"
    }, {
      "d" : "1756460242252138830",
      "t" : 1756460242252,
      "tn" : 1756460242252138830,
      "q" : "1",
      "p" : "1.1384",
      "s" : "buy",
      "i" : "VIRTUALUSD-PERP",
      "m" : "4611686018427802848"
    }, {
      "d" : "1756460235321363908",
      "t" : 1756460235321,
      "tn" : 1756460235321363908,
      "q" : "1",
      "p" : "1.1384",
      "s" : "buy",
      "i" : "VIRTUALUSD-PERP",
      "m" : "4611686018427802847"
    }, {
      "d" : "1756460102170147860",
      "t" : 1756460102170,
      "tn" : 1756460102170147860,
      "q" : "1",
      "p" : "1.1385",
      "s" : "buy",
      "i" : "VIRTUALUSD-PERP",
      "m" : "4611686018427802846"
    }, {
      "d" : "1756460101958259103",
      "t" : 1756460101958,
      "tn" : 1756460101958259103,
      "q" : "1",
      "p" : "1.1385",
      "s" : "buy",
      "i" : "VIRTUALUSD-PERP",
      "m" : "4611686018427802845"
    }, {
      "d" : "1756460101957805413",
      "t" : 1756460101957,
      "tn" : 1756460101957805413,
      "q" : "1",
      "p" : "1.1384",
      "s" : "buy",
      "i" : "VIRTUALUSD-PERP",
      "m" : "4611686018427802844"
    }, {
      "d" : "1756460101833747939",
      "t" : 1756460101833,
      "tn" : 1756460101833747939,
      "q" : "1",
      "p" : "1.1383",
      "s" : "buy",
      "i" : "VIRTUALUSD-PERP",
      "m" : "4611686018427802843"
    }, {
      "d" : "1756460101764532442",
      "t" : 1756460101764,
      "tn" : 1756460101764532442,
      "q" : "1",
      "p" : "1.1382",
      "s" : "buy",
      "i" : "VIRTUALUSD-PERP",
      "m" : "4611686018427802842"
    }, {
      "d" : "1756460091239588542",
      "t" : 1756460091239,
      "tn" : 1756460091239588542,
      "q" : "1",
      "p" : "1.1378",
      "s" : "buy",
      "i" : "VIRTUALUSD-PERP",
      "m" : "4611686018427802841"
    }, {
      "d" : "1756460087323600314",
      "t" : 1756460087323,
      "tn" : 1756460087323600314,
      "q" : "1",
      "p" : "1.1376",
      "s" : "buy",
      "i" : "VIRTUALUSD-PERP",
      "m" : "4611686018427802840"
    }, {
      "d" : "1756460087075840546",
      "t" : 1756460087075,
      "tn" : 1756460087075840546,
      "q" : "1",
      "p" : "1.1374",
      "s" : "buy",
      "i" : "VIRTUALUSD-PERP",
      "m" : "4611686018427802839"
    }, {
      "d" : "1756459882755841375",
      "t" : 1756459882755,
      "tn" : 1756459882755841375,
      "q" : "1",
      "p" : "1.1389",
      "s" : "buy",
      "i" : "VIRTUALUSD-PERP",
      "m" : "4611686018427802838"
    }, {
      "d" : "1756459853976294358",
      "t" : 1756459853976,
      "tn" : 1756459853976294358,
      "q" : "1",
      "p" : "1.1405",
      "s" : "buy",
      "i" : "VIRTUALUSD-PERP",
      "m" : "4611686018427802837"
    }, {
      "d" : "1756459837696720583",
      "t" : 1756459837696,
      "tn" : 1756459837696720583,
      "q" : "1",
      "p" : "1.1409",
      "s" : "buy",
      "i" : "VIRTUALUSD-PERP",
      "m" : "4611686018427802836"
    }, {
      "d" : "1756459829931009523",
      "t" : 1756459829931,
      "tn" : 1756459829931009523,
      "q" : "1",
      "p" : "1.1406",
      "s" : "buy",
      "i" : "VIRTUALUSD-PERP",
      "m" : "4611686018427802835"
    }, {
      "d" : "1756459825055446223",
      "t" : 1756459825055,
      "tn" : 1756459825055446223,
      "q" : "1",
      "p" : "1.1401",
      "s" : "buy",
      "i" : "VIRTUALUSD-PERP",
      "m" : "4611686018427802834"
    }, {
      "d" : "1756459819299507432",
      "t" : 1756459819299,
      "tn" : 1756459819299507432,
      "q" : "1",
      "p" : "1.1398",
      "s" : "buy",
      "i" : "VIRTUALUSD-PERP",
      "m" : "4611686018427802833"
    }, {
      "d" : "1756459811901790093",
      "t" : 1756459811901,
      "tn" : 1756459811901790093,
      "q" : "1",
      "p" : "1.1403",
      "s" : "buy",
      "i" : "VIRTUALUSD-PERP",
      "m" : "4611686018427802832"
    }, {
      "d" : "1756459805547170233",
      "t" : 1756459805547,
      "tn" : 1756459805547170233,
      "q" : "1",
      "p" : "1.1411",
      "s" : "buy",
      "i" : "VIRTUALUSD-PERP",
      "m" : "4611686018427802831"
    }, {
      "d" : "1756459777928711159",
      "t" : 1756459777928,
      "tn" : 1756459777928711159,
      "q" : "1",
      "p" : "1.1407",
      "s" : "buy",
      "i" : "VIRTUALUSD-PERP",
      "m" : "4611686018427802830"
    }, {
      "d" : "1756459777868016640",
      "t" : 1756459777868,
      "tn" : 1756459777868016640,
      "q" : "1",
      "p" : "1.1406",
      "s" : "buy",
      "i" : "VIRTUALUSD-PERP",
      "m" : "4611686018427802829"
    }, {
      "d" : "1756459776422186444",
      "t" : 1756459776422,
      "tn" : 1756459776422186444,
      "q" : "1",
      "p" : "1.1402",
      "s" : "buy",
      "i" : "VIRTUALUSD-PERP",
      "m" : "4611686018427802828"
    }, {
      "d" : "1756459772690974251",
      "t" : 1756459772690,
      "tn" : 1756459772690974251,
      "q" : "1",
      "p" : "1.1399",
      "s" : "buy",
      "i" : "VIRTUALUSD-PERP",
      "m" : "4611686018427802827"
    }, {
      "d" : "1756459769997451289",
      "t" : 1756459769997,
      "tn" : 1756459769997451289,
      "q" : "1",
      "p" : "1.1397",
      "s" : "buy",
      "i" : "VIRTUALUSD-PERP",
      "m" : "4611686018427802826"
    }, {
      "d" : "1756459769165956955",
      "t" : 1756459769165,
      "tn" : 1756459769165956955,
      "q" : "1",
      "p" : "1.1396",
      "s" : "buy",
      "i" : "VIRTUALUSD-PERP",
      "m" : "4611686018427802825"
    }, {
      "d" : "1756459768454716274",
      "t" : 1756459768454,
      "tn" : 1756459768454716274,
      "q" : "1",
      "p" : "1.1393",
      "s" : "buy",
      "i" : "VIRTUALUSD-PERP",
      "m" : "4611686018427802824"
    }, {
      "d" : "1756459761600821244",
      "t" : 1756459761600,
      "tn" : 1756459761600821244,
      "q" : "1",
      "p" : "1.1392",
      "s" : "buy",
      "i" : "VIRTUALUSD-PERP",
      "m" : "4611686018427802823"
    }, {
      "d" : "1756459746421496935",
      "t" : 1756459746421,
      "tn" : 1756459746421496935,
      "q" : "1",
      "p" : "1.1390",
      "s" : "buy",
      "i" : "VIRTUALUSD-PERP",
      "m" : "4611686018427802822"
    }, {
      "d" : "1756459719977963659",
      "t" : 1756459719977,
      "tn" : 1756459719977963659,
      "q" : "1",
      "p" : "1.1379",
      "s" : "buy",
      "i" : "VIRTUALUSD-PERP",
      "m" : "4611686018427802821"
    }, {
      "d" : "1756459706230782678",
      "t" : 1756459706230,
      "tn" : 1756459706230782678,
      "q" : "1",
      "p" : "1.1381",
      "s" : "buy",
      "i" : "VIRTUALUSD-PERP",
      "m" : "4611686018427802820"
    }, {
      "d" : "1756459699356402361",
      "t" : 1756459699356,
      "tn" : 1756459699356402361,
      "q" : "1",
      "p" : "1.1381",
      "s" : "buy",
      "i" : "VIRTUALUSD-PERP",
      "m" : "4611686018427802819"
    }, {
      "d" : "1756459699188211671",
      "t" : 1756459699188,
      "tn" : 1756459699188211671,
      "q" : "1",
      "p" : "1.1378",
      "s" : "buy",
      "i" : "VIRTUALUSD-PERP",
      "m" : "4611686018427802818"
    }, {
      "d" : "1756459684778622603",
      "t" : 1756459684778,
      "tn" : 1756459684778622603,
      "q" : "1",
      "p" : "1.1379",
      "s" : "buy",
      "i" : "VIRTUALUSD-PERP",
      "m" : "4611686018427802817"
    }, {
      "d" : "1756459683321314921",
      "t" : 1756459683321,
      "tn" : 1756459683321314921,
      "q" : "1",
      "p" : "1.1376",
      "s" : "buy",
      "i" : "VIRTUALUSD-PERP",
      "m" : "4611686018427802816"
    }, {
      "d" : "1756459682922365856",
      "t" : 1756459682922,
      "tn" : 1756459682922365856,
      "q" : "1",
      "p" : "1.1378",
      "s" : "buy",
      "i" : "VIRTUALUSD-PERP",
      "m" : "4611686018427802815"
    }, {
      "d" : "1756459682921797730",
      "t" : 1756459682921,
      "tn" : 1756459682921797730,
      "q" : "1",
      "p" : "1.1377",
      "s" : "buy",
      "i" : "VIRTUALUSD-PERP",
      "m" : "4611686018427802814"
    }, {
      "d" : "1756459681679852039",
      "t" : 1756459681679,
      "tn" : 1756459681679852039,
      "q" : "1",
      "p" : "1.1375",
      "s" : "buy",
      "i" : "VIRTUALUSD-PERP",
      "m" : "4611686018427802813"
    }, {
      "d" : "1756459681558980147",
      "t" : 1756459681558,
      "tn" : 1756459681558980147,
      "q" : "1",
      "p" : "1.1374",
      "s" : "buy",
      "i" : "VIRTUALUSD-PERP",
      "m" : "4611686018427802812"
    }, {
      "d" : "1756459681558544435",
      "t" : 1756459681558,
      "tn" : 1756459681558544435,
      "q" : "1",
      "p" : "1.1372",
      "s" : "buy",
      "i" : "VIRTUALUSD-PERP",
      "m" : "4611686018427802811"
    }, {
      "d" : "1756459660681199881",
      "t" : 1756459660681,
      "tn" : 1756459660681199881,
      "q" : "1",
      "p" : "1.1378",
      "s" : "buy",
      "i" : "VIRTUALUSD-PERP",
      "m" : "4611686018427802810"
    }, {
      "d" : "1756459545360128973",
      "t" : 1756459545360,
      "tn" : 1756459545360128973,
      "q" : "1",
      "p" : "1.1395",
      "s" : "buy",
      "i" : "VIRTUALUSD-PERP",
      "m" : "4611686018427802809"
    }, {
      "d" : "1756459545359343657",
      "t" : 1756459545359,
      "tn" : 1756459545359343657,
      "q" : "1",
      "p" : "1.1392",
      "s" : "buy",
      "i" : "VIRTUALUSD-PERP",
      "m" : "4611686018427802808"
    }, {
      "d" : "1756459527536999640",
      "t" : 1756459527536,
      "tn" : 1756459527536999640,
      "q" : "1",
      "p" : "1.1388",
      "s" : "buy",
      "i" : "VIRTUALUSD-PERP",
      "m" : "4611686018427802807"
    }, {
      "d" : "1756459520993231607",
      "t" : 1756459520993,
      "tn" : 1756459520993231607,
      "q" : "1",
      "p" : "1.1378",
      "s" : "buy",
      "i" : "VIRTUALUSD-PERP",
      "m" : "4611686018427802806"
    }, {
      "d" : "1756459357924360797",
      "t" : 1756459357924,
      "tn" : 1756459357924360797,
      "q" : "1",
      "p" : "1.1407",
      "s" : "buy",
      "i" : "VIRTUALUSD-PERP",
      "m" : "4611686018427802805"
    }, {
      "d" : "1756459342908409746",
      "t" : 1756459342908,
      "tn" : 1756459342908409746,
      "q" : "1",
      "p" : "1.1396",
      "s" : "buy",
      "i" : "VIRTUALUSD-PERP",
      "m" : "4611686018427802804"
    }, {
      "d" : "1756459305212514135",
      "t" : 1756459305212,
      "tn" : 1756459305212514135,
      "q" : "1",
      "p" : "1.1414",
      "s" : "buy",
      "i" : "VIRTUALUSD-PERP",
      "m" : "4611686018427802803"
    }, {
      "d" : "1756459284425420067",
      "t" : 1756459284425,
      "tn" : 1756459284425420067,
      "q" : "1",
      "p" : "1.1403",
      "s" : "buy",
      "i" : "VIRTUALUSD-PERP",
      "m" : "4611686018427802802"
    }, {
      "d" : "1756459228347411036",
      "t" : 1756459228347,
      "tn" : 1756459228347411036,
      "q" : "1",
      "p" : "1.1392",
      "s" : "buy",
      "i" : "VIRTUALUSD-PERP",
      "m" : "4611686018427802801"
    }, {
      "d" : "1756459220244359444",
      "t" : 1756459220244,
      "tn" : 1756459220244359444,
      "q" : "1",
      "p" : "1.1392",
      "s" : "buy",
      "i" : "VIRTUALUSD-PERP",
      "m" : "4611686018427802800"
    }, {
      "d" : "1756459210603857561",
      "t" : 1756459210603,
      "tn" : 1756459210603857561,
      "q" : "1",
      "p" : "1.1393",
      "s" : "buy",
      "i" : "VIRTUALUSD-PERP",
      "m" : "4611686018427802799"
    }, {
      "d" : "1756459210539719202",
      "t" : 1756459210539,
      "tn" : 1756459210539719202,
      "q" : "1",
      "p" : "1.1392",
      "s" : "buy",
      "i" : "VIRTUALUSD-PERP",
      "m" : "4611686018427802798"
    }, {
      "d" : "1756459210219631588",
      "t" : 1756459210219,
      "tn" : 1756459210219631588,
      "q" : "1",
      "p" : "1.1390",
      "s" : "buy",
      "i" : "VIRTUALUSD-PERP",
      "m" : "4611686018427802797"
    }, {
      "d" : "1756459207759846841",
      "t" : 1756459207759,
      "tn" : 1756459207759846841,
      "q" : "1",
      "p" : "1.1397",
      "s" : "buy",
      "i" : "VIRTUALUSD-PERP",
      "m" : "4611686018427802796"
    }, {
      "d" : "1756459207013827119",
      "t" : 1756459207013,
      "tn" : 1756459207013827119,
      "q" : "1",
      "p" : "1.1393",
      "s" : "buy",
      "i" : "VIRTUALUSD-PERP",
      "m" : "4611686018427802795"
    }, {
      "d" : "1756459206932356382",
      "t" : 1756459206932,
      "tn" : 1756459206932356382,
      "q" : "1",
      "p" : "1.1392",
      "s" : "buy",
      "i" : "VIRTUALUSD-PERP",
      "m" : "4611686018427802794"
    }, {
      "d" : "1756459205575608013",
      "t" : 1756459205575,
      "tn" : 1756459205575608013,
      "q" : "1",
      "p" : "1.1388",
      "s" : "buy",
      "i" : "VIRTUALUSD-PERP",
      "m" : "4611686018427802793"
    }, {
      "d" : "1756459203516251731",
      "t" : 1756459203516,
      "tn" : 1756459203516251731,
      "q" : "1",
      "p" : "1.1386",
      "s" : "buy",
      "i" : "VIRTUALUSD-PERP",
      "m" : "4611686018427802792"
    }, {
      "d" : "1756459203003223296",
      "t" : 1756459203003,
      "tn" : 1756459203003223296,
      "q" : "1",
      "p" : "1.1383",
      "s" : "buy",
      "i" : "VIRTUALUSD-PERP",
      "m" : "4611686018427802791"
    }, {
      "d" : "1756459188203135983",
      "t" : 1756459188203,
      "tn" : 1756459188203135983,
      "q" : "1",
      "p" : "1.1382",
      "s" : "buy",
      "i" : "VIRTUALUSD-PERP",
      "m" : "4611686018427802790"
    }, {
      "d" : "1756459184779284661",
      "t" : 1756459184779,
      "tn" : 1756459184779284661,
      "q" : "1",
      "p" : "1.1382",
      "s" : "buy",
      "i" : "VIRTUALUSD-PERP",
      "m" : "4611686018427802789"
    }, {
      "d" : "1756459183733995394",
      "t" : 1756459183733,
      "tn" : 1756459183733995394,
      "q" : "1",
      "p" : "1.1384",
      "s" : "buy",
      "i" : "VIRTUALUSD-PERP",
      "m" : "4611686018427802788"
    }, {
      "d" : "1756459183653842011",
      "t" : 1756459183653,
      "tn" : 1756459183653842011,
      "q" : "1",
      "p" : "1.1382",
      "s" : "buy",
      "i" : "VIRTUALUSD-PERP",
      "m" : "4611686018427802787"
    }, {
      "d" : "1756459183593750279",
      "t" : 1756459183593,
      "tn" : 1756459183593750279,
      "q" : "1",
      "p" : "1.1380",
      "s" : "buy",
      "i" : "VIRTUALUSD-PERP",
      "m" : "4611686018427802786"
    }, {
      "d" : "1756459183542832603",
      "t" : 1756459183542,
      "tn" : 1756459183542832603,
      "q" : "1",
      "p" : "1.1381",
      "s" : "buy",
      "i" : "VIRTUALUSD-PERP",
      "m" : "4611686018427802785"
    }, {
      "d" : "1756459183536972467",
      "t" : 1756459183536,
      "tn" : 1756459183536972467,
      "q" : "1",
      "p" : "1.1378",
      "s" : "buy",
      "i" : "VIRTUALUSD-PERP",
      "m" : "4611686018427802784"
    }, {
      "d" : "1756459182384133062",
      "t" : 1756459182384,
      "tn" : 1756459182384133062,
      "q" : "1",
      "p" : "1.1378",
      "s" : "buy",
      "i" : "VIRTUALUSD-PERP",
      "m" : "4611686018427802783"
    }, {
      "d" : "1756459181873522026",
      "t" : 1756459181873,
      "tn" : 1756459181873522026,
      "q" : "1",
      "p" : "1.1376",
      "s" : "buy",
      "i" : "VIRTUALUSD-PERP",
      "m" : "4611686018427802782"
    }, {
      "d" : "1756459181809760068",
      "t" : 1756459181809,
      "tn" : 1756459181809760068,
      "q" : "1",
      "p" : "1.1376",
      "s" : "buy",
      "i" : "VIRTUALUSD-PERP",
      "m" : "4611686018427802781"
    }, {
      "d" : "1756459181809134347",
      "t" : 1756459181809,
      "tn" : 1756459181809134347,
      "q" : "1",
      "p" : "1.1374",
      "s" : "buy",
      "i" : "VIRTUALUSD-PERP",
      "m" : "4611686018427802780"
    }, {
      "d" : "1756459180261527890",
      "t" : 1756459180261,
      "tn" : 1756459180261527890,
      "q" : "1",
      "p" : "1.1371",
      "s" : "buy",
      "i" : "VIRTUALUSD-PERP",
      "m" : "4611686018427802779"
    }, {
      "d" : "1756459175379619764",
      "t" : 1756459175379,
      "tn" : 1756459175379619764,
      "q" : "1",
      "p" : "1.1370",
      "s" : "buy",
      "i" : "VIRTUALUSD-PERP",
      "m" : "4611686018427802778"
    }, {
      "d" : "1756459168177756517",
      "t" : 1756459168177,
      "tn" : 1756459168177756517,
      "q" : "1",
      "p" : "1.1363",
      "s" : "buy",
      "i" : "VIRTUALUSD-PERP",
      "m" : "4611686018427802777"
    }, {
      "d" : "1756459151051435740",
      "t" : 1756459151051,
      "tn" : 1756459151051435740,
      "q" : "1",
      "p" : "1.1351",
      "s" : "buy",
      "i" : "VIRTUALUSD-PERP",
      "m" : "4611686018427802776"
    }, {
      "d" : "1756459106711081676",
      "t" : 1756459106711,
      "tn" : 1756459106711081676,
      "q" : "1",
      "p" : "1.1366",
      "s" : "buy",
      "i" : "VIRTUALUSD-PERP",
      "m" : "4611686018427802775"
    }, {
      "d" : "1756459106710592876",
      "t" : 1756459106710,
      "tn" : 1756459106710592876,
      "q" : "1",
      "p" : "1.1363",
      "s" : "buy",
      "i" : "VIRTUALUSD-PERP",
      "m" : "4611686018427802774"
    }, {
      "d" : "1756459104053501092",
      "t" : 1756459104053,
      "tn" : 1756459104053501092,
      "q" : "1",
      "p" : "1.1363",
      "s" : "buy",
      "i" : "VIRTUALUSD-PERP",
      "m" : "4611686018427802773"
    }, {
      "d" : "1756459103828627198",
      "t" : 1756459103828,
      "tn" : 1756459103828627198,
      "q" : "1",
      "p" : "1.1362",
      "s" : "buy",
      "i" : "VIRTUALUSD-PERP",
      "m" : "4611686018427802772"
    }, {
      "d" : "1756459103599827941",
      "t" : 1756459103599,
      "tn" : 1756459103599827941,
      "q" : "1",
      "p" : "1.1360",
      "s" : "buy",
      "i" : "VIRTUALUSD-PERP",
      "m" : "4611686018427802771"
    }, {
      "d" : "1756459102760004035",
      "t" : 1756459102760,
      "tn" : 1756459102760004035,
      "q" : "1",
      "p" : "1.1357",
      "s" : "buy",
      "i" : "VIRTUALUSD-PERP",
      "m" : "4611686018427802770"
    }, {
      "d" : "1756459087455127383",
      "t" : 1756459087455,
      "tn" : 1756459087455127383,
      "q" : "1",
      "p" : "1.1358",
      "s" : "buy",
      "i" : "VIRTUALUSD-PERP",
      "m" : "4611686018427802769"
    }, {
      "d" : "1756459085401952990",
      "t" : 1756459085401,
      "tn" : 1756459085401952990,
      "q" : "1",
      "p" : "1.1354",
      "s" : "buy",
      "i" : "VIRTUALUSD-PERP",
      "m" : "4611686018427802768"
    }, {
      "d" : "1756459085281342209",
      "t" : 1756459085281,
      "tn" : 1756459085281342209,
      "q" : "1",
      "p" : "1.1354",
      "s" : "buy",
      "i" : "VIRTUALUSD-PERP",
      "m" : "4611686018427802767"
    }, {
      "d" : "1756459081083434799",
      "t" : 1756459081083,
      "tn" : 1756459081083434799,
      "q" : "1",
      "p" : "1.1353",
      "s" : "buy",
      "i" : "VIRTUALUSD-PERP",
      "m" : "4611686018427802766"
    } ]
  }
}