{
  "id" : -1,
  "method" : "public/get-trades",
  "code" : 0,
  "result" : {
    "data" : [ {
      "d" : "1756462474439889809",
      "t" : 1756462474439,
      "tn" : 1756462474439889809,
      "q" : "877.9",
      "p" : "1.1466",
      "s" : "buy",
      "i" : "VIRTUAL_USDT",
      "m" : "4611686018427652669"
    }, {
      "d" : "1756462474439888329",
      "t" : 1756462474439,
      "tn" : 1756462474439888329,
      "q" : "1.1",
      "p" : "1.1458",
      "s" : "buy",
      "i" : "VIRTUAL_USDT",
      "m" : "4611686018427652668"
    }, {
      "d" : "1756462379718915807",
      "t" : 1756462379718,
      "tn" : 1756462379718915807,
      "q" : "1.1",
      "p" : "1.1490",
      "s" : "buy",
      "i" : "VIRTUAL_USDT",
      "m" : "4611686018427652667"
    }, {
      "d" : "1756461297208853058",
      "t" : 1756461297208,
      "tn" : 1756461297208853058,
      "q" : "1.1",
      "p" : "1.1427",
      "s" : "buy",
      "i" : "VIRTUAL_USDT",
      "m" : "4611686018427652666"
    }, {
      "d" : "1756461276078526721",
      "t" : 1756461276078,
      "tn" : 1756461276078526721,
      "q" : "1.1",
      "p" : "1.1420",
      "s" : "buy",
      "i" : "VIRTUAL_USDT",
      "m" : "4611686018427652665"
    }, {
      "d" : "1756461034246039848",
      "t" : 1756461034246,
      "tn" : 1756461034246039848,
      "q" : "1.1",
      "p" : "1.1422",
      "s" : "sell",
      "i" : "VIRTUAL_USDT",
      "m" : "4611686018427652664"
    }, {
      "d" : "1756459847118162443",
      "t" : 1756459847118,
      "tn" : 1756459847118162443,
      "q" : "1.1",
      "p" : "1.1410",
      "s" : "sell",
      "i" : "VIRTUAL_USDT",
      "m" : "4611686018427652663"
    }, {
      "d" : "1756459776420563621",
      "t" : 1756459776420,
      "tn" : 1756459776420563621,
      "q" : "1.1",
      "p" : "1.1404",
      "s" : "buy",
      "i" : "VIRTUAL_USDT",
      "m" : "4611686018427652662"
    }, {
      "d" : "1756459630532479844",
      "t" : 1756459630532,
      "tn" : 1756459630532479844,
      "q" : "1.1",
      "p" : "1.1383",
      "s" : "buy",
      "i" : "VIRTUAL_USDT",
      "m" : "4611686018427652661"
    }, {
      "d" : "1756459108855150416",
      "t" : 1756459108855,
      "tn" : 1756459108855150416,
      "q" : "32.4",
      "p" : "1.1361",
      "s" : "buy",
      "i" : "VIRTUAL_USDT",
      "m" : "4611686018427652660"
    }, {
      "d" : "1756459108854247441",
      "t" : 1756459108854,
      "tn" : 1756459108854247441,
      "q" : "7.8",
      "p" : "1.1361",
      "s" : "buy",
      "i" : "VIRTUAL_USDT",
      "m" : "4611686018427652659"
    }, {
      "d" : "1756459106759157721",
      "t" : 1756459106759,
      "tn" : 1756459106759157721,
      "q" : "2.9",
      "p" : "1.1361",
      "s" : "buy",
      "i" : "VIRTUAL_USDT",
      "m" : "4611686018427652658"
    }, {
      "d" : "1756459105681339103",
      "t" : 1756459105681,
      "tn" : 1756459105681339103,
      "q" : "2.7",
      "p" : "1.1361",
      "s" : "buy",
      "i" : "VIRTUAL_USDT",
      "m" : "4611686018427652657"
    }, {
      "d" : "1756459105674816300",
      "t" : 1756459105674,
      "tn" : 1756459105674816300,
      "q" : "1.1",
      "p" : "1.1365",
      "s" : "sell",
      "i" : "VIRTUAL_USDT",
      "m" : "4611686018427652656"
    }, {
      "d" : "1756458778551769077",
      "t" : 1756458778551,
      "tn" : 1756458778551769077,
      "q" : "1.1",
      "p" : "1.1338",
      "s" : "buy",
      "i" : "VIRTUAL_USDT",
      "m" : "4611686018427652655"
    }, {
      "d" : "1756458747956315956",
      "t" : 1756458747956,
      "tn" : 1756458747956315956,
      "q" : "1.1",
      "p" : "1.1320",
      "s" : "sell",
      "i" : "VIRTUAL_USDT",
      "m" : "4611686018427652654"
    }, {
      "d" : "1756458619158719771",
      "t" : 1756458619158,
      "tn" : 1756458619158719771,
      "q" : "20.5",
      "p" : "1.1288",
      "s" : "buy",
      "i" : "VIRTUAL_USDT",
      "m" : "4611686018427652653"
    }, {
      "d" : "1756458619158718042",
      "t" : 1756458619158,
      "tn" : 1756458619158718042,
      "q" : "1.1",
      "p" : "1.1286",
      "s" : "buy",
      "i" : "VIRTUAL_USDT",
      "m" : "4611686018427652652"
    }, {
      "d" : "1756458579390571918",
      "t" : 1756458579390,
      "tn" : 1756458579390571918,
      "q" : "6.2",
      "p" : "1.1298",
      "s" : "buy",
      "i" : "VIRTUAL_USDT",
      "m" : "4611686018427652651"
    }, {
      "d" : "1756458579390569909",
      "t" : 1756458579390,
      "tn" : 1756458579390569909,
      "q" : "1.1",
      "p" : "1.1293",
      "s" : "buy",
      "i" : "VIRTUAL_USDT",
      "m" : "4611686018427652650"
    }, {
      "d" : "1756458578876076415",
      "t" : 1756458578876,
      "tn" : 1756458578876076415,
      "q" : "30.6",
      "p" : "1.1298",
      "s" : "buy",
      "i" : "VIRTUAL_USDT",
      "m" : "4611686018427652649"
    }, {
      "d" : "1756458578876074760",
      "t" : 1756458578876,
      "tn" : 1756458578876074760,
      "q" : "1.1",
      "p" : "1.1293",
      "s" : "buy",
      "i" : "VIRTUAL_USDT",
      "m" : "4611686018427652648"
    }, {
      "d" : "1756458578390103297",
      "t" : 1756458578390,
      "tn" : 1756458578390103297,
      "q" : "30.6",
      "p" : "1.1298",
      "s" : "buy",
      "i" : "VIRTUAL_USDT",
      "m" : "4611686018427652647"
    }, {
      "d" : "1756458578390101857",
      "t" : 1756458578390,
      "tn" : 1756458578390101857,
      "q" : "1.1",
      "p" : "1.1293",
      "s" : "buy",
      "i" : "VIRTUAL_USDT",
      "m" : "4611686018427652646"
    }, {
      "d" : "1756458577356808522",
      "t" : 1756458577356,
      "tn" : 1756458577356808522,
      "q" : "30.6",
      "p" : "1.1298",
      "s" : "buy",
      "i" : "VIRTUAL_USDT",
      "m" : "4611686018427652645"
    }, {
      "d" : "1756458577356806516",
      "t" : 1756458577356,
      "tn" : 1756458577356806516,
      "q" : "1.1",
      "p" : "1.1293",
      "s" : "buy",
      "i" : "VIRTUAL_USDT",
      "m" : "4611686018427652644"
    }, {
      "d" : "1756458576875787176",
      "t" : 1756458576875,
      "tn" : 1756458576875787176,
      "q" : "30.6",
      "p" : "1.1298",
      "s" : "buy",
      "i" : "VIRTUAL_USDT",
      "m" : "4611686018427652643"
    }, {
      "d" : "1756458576875784873",
      "t" : 1756458576875,
      "tn" : 1756458576875784873,
      "q" : "1.1",
      "p" : "1.1292",
      "s" : "buy",
      "i" : "VIRTUAL_USDT",
      "m" : "4611686018427652642"
    }, {
      "d" : "1756458568455805363",
      "t" : 1756458568455,
      "tn" : 1756458568455805363,
      "q" : "1.0",
      "p" : "1.1286",
      "s" : "buy",
      "i" : "VIRTUAL_USDT",
      "m" : "4611686018427652641"
    }, {
      "d" : "1756458544841050458",
      "t" : 1756458544841,
      "tn" : 1756458544841050458,
      "q" : "30.5",
      "p" : "1.1299",
      "s" : "buy",
      "i" : "VIRTUAL_USDT",
      "m" : "4611686018427652640"
    }, {
      "d" : "1756458544841048174",
      "t" : 1756458544841,
      "tn" : 1756458544841048174,
      "q" : "1.1",
      "p" : "1.1295",
      "s" : "buy",
      "i" : "VIRTUAL_USDT",
      "m" : "4611686018427652639"
    }, {
      "d" : "1756458427032007756",
      "t" : 1756458427032,
      "tn" : 1756458427032007756,
      "q" : "1.1",
      "p" : "1.1283",
      "s" : "sell",
      "i" : "VIRTUAL_USDT",
      "m" : "4611686018427652638"
    }, {
      "d" : "1756458426991734508",
      "t" : 1756458426991,
      "tn" : 1756458426991734508,
      "q" : "1.1",
      "p" : "1.1283",
      "s" : "sell",
      "i" : "VIRTUAL_USDT",
      "m" : "4611686018427652637"
    }, {
      "d" : "1756458426926717423",
      "t" : 1756458426926,
      "tn" : 1756458426926717423,
      "q" : "1.1",
      "p" : "1.1283",
      "s" : "sell",
      "i" : "VIRTUAL_USDT",
      "m" : "4611686018427652636"
    }, {
      "d" : "1756458426891658377",
      "t" : 1756458426891,
      "tn" : 1756458426891658377,
      "q" : "1.1",
      "p" : "1.1283",
      "s" : "sell",
      "i" : "VIRTUAL_USDT",
      "m" : "4611686018427652635"
    }, {
      "d" : "1756458426816391711",
      "t" : 1756458426816,
      "tn" : 1756458426816391711,
      "q" : "1.1",
      "p" : "1.1283",
      "s" : "sell",
      "i" : "VIRTUAL_USDT",
      "m" : "4611686018427652634"
    }, {
      "d" : "1756458426801277471",
      "t" : 1756458426801,
      "tn" : 1756458426801277471,
      "q" : "1.1",
      "p" : "1.1283",
      "s" : "sell",
      "i" : "VIRTUAL_USDT",
      "m" : "4611686018427652633"
    }, {
      "d" : "1756458426786425438",
      "t" : 1756458426786,
      "tn" : 1756458426786425438,
      "q" : "1.1",
      "p" : "1.1283",
      "s" : "sell",
      "i" : "VIRTUAL_USDT",
      "m" : "4611686018427652632"
    }, {
      "d" : "1756458426748241347",
      "t" : 1756458426748,
      "tn" : 1756458426748241347,
      "q" : "2.1",
      "p" : "1.1283",
      "s" : "sell",
      "i" : "VIRTUAL_USDT",
      "m" : "4611686018427652631"
    }, {
      "d" : "1756458426019295746",
      "t" : 1756458426019,
      "tn" : 1756458426019295746,
      "q" : "2.1",
      "p" : "1.1283",
      "s" : "sell",
      "i" : "VIRTUAL_USDT",
      "m" : "4611686018427652630"
    }, {
      "d" : "1756458423589385372",
      "t" : 1756458423589,
      "tn" : 1756458423589385372,
      "q" : "3.7",
      "p" : "1.1283",
      "s" : "sell",
      "i" : "VIRTUAL_USDT",
      "m" : "4611686018427652629"
    }, {
      "d" : "1756458423577906381",
      "t" : 1756458423577,
      "tn" : 1756458423577906381,
      "q" : "5.8",
      "p" : "1.1283",
      "s" : "sell",
      "i" : "VIRTUAL_USDT",
      "m" : "4611686018427652628"
    }, {
      "d" : "1756458399124870932",
      "t" : 1756458399124,
      "tn" : 1756458399124870932,
      "q" : "1.1",
      "p" : "1.1282",
      "s" : "buy",
      "i" : "VIRTUAL_USDT",
      "m" : "4611686018427652627"
    }, {
      "d" : "1756458184644845011",
      "t" : 1756458184644,
      "tn" : 1756458184644845011,
      "q" : "11.4",
      "p" : "1.1254",
      "s" : "sell",
      "i" : "VIRTUAL_USDT",
      "m" : "4611686018427652626"
    }, {
      "d" : "1756458184641394763",
      "t" : 1756458184641,
      "tn" : 1756458184641394763,
      "q" : "1.1",
      "p" : "1.1242",
      "s" : "buy",
      "i" : "VIRTUAL_USDT",
      "m" : "4611686018427652625"
    }, {
      "d" : "1756458172346976715",
      "t" : 1756458172346,
      "tn" : 1756458172346976715,
      "q" : "1.1",
      "p" : "1.1293",
      "s" : "sell",
      "i" : "VIRTUAL_USDT",
      "m" : "4611686018427652624"
    }, {
      "d" : "1756457209378121924",
      "t" : 1756457209378,
      "tn" : 1756457209378121924,
      "q" : "1.1",
      "p" : "1.1392",
      "s" : "sell",
      "i" : "VIRTUAL_USDT",
      "m" : "4611686018427652623"
    }, {
      "d" : "1756457037838126937",
      "t" : 1756457037838,
      "tn" : 1756457037838126937,
      "q" : "181.9",
      "p" : "1.1400",
      "s" : "buy",
      "i" : "VIRTUAL_USDT",
      "m" : "4611686018427652622"
    }, {
      "d" : "1756457037688301150",
      "t" : 1756457037688,
      "tn" : 1756457037688301150,
      "q" : "3.9",
      "p" : "1.1400",
      "s" : "buy",
      "i" : "VIRTUAL_USDT",
      "m" : "4611686018427652621"
    }, {
      "d" : "1756457037526824745",
      "t" : 1756457037526,
      "tn" : 1756457037526824745,
      "q" : "3.9",
      "p" : "1.1400",
      "s" : "buy",
      "i" : "VIRTUAL_USDT",
      "m" : "4611686018427652620"
    }, {
      "d" : "1756457027680329008",
      "t" : 1756457027680,
      "tn" : 1756457027680329008,
      "q" : "4.3",
      "p" : "1.1400",
      "s" : "buy",
      "i" : "VIRTUAL_USDT",
      "m" : "4611686018427652619"
    }, {
      "d" : "1756456311726497363",
      "t" : 1756456311726,
      "tn" : 1756456311726497363,
      "q" : "1.1",
      "p" : "1.1417",
      "s" : "buy",
      "i" : "VIRTUAL_USDT",
      "m" : "4611686018427652618"
    }, {
      "d" : "1756456311724806867",
      "t" : 1756456311724,
      "tn" : 1756456311724806867,
      "q" : "1.1",
      "p" : "1.1416",
      "s" : "buy",
      "i" : "VIRTUAL_USDT",
      "m" : "4611686018427652617"
    }, {
      "d" : "1756456303235820890",
      "t" : 1756456303235,
      "tn" : 1756456303235820890,
      "q" : "1.1",
      "p" : "1.1415",
      "s" : "buy",
      "i" : "VIRTUAL_USDT",
      "m" : "4611686018427652616"
    }, {
      "d" : "1756455789758286306",
      "t" : 1756455789758,
      "tn" : 1756455789758286306,
      "q" : "1.1",
      "p" : "1.1397",
      "s" : "buy",
      "i" : "VIRTUAL_USDT",
      "m" : "4611686018427652615"
    }, {
      "d" : "1756455624038585168",
      "t" : 1756455624038,
      "tn" : 1756455624038585168,
      "q" : "1.1",
      "p" : "1.1402",
      "s" : "sell",
      "i" : "VIRTUAL_USDT",
      "m" : "4611686018427652614"
    }, {
      "d" : "1756455599022930257",
      "t" : 1756455599022,
      "tn" : 1756455599022930257,
      "q" : "1.1",
      "p" : "1.1419",
      "s" : "sell",
      "i" : "VIRTUAL_USDT",
      "m" : "4611686018427652613"
    }, {
      "d" : "1756455481888382888",
      "t" : 1756455481888,
      "tn" : 1756455481888382888,
      "q" : "1.1",
      "p" : "1.1432",
      "s" : "buy",
      "i" : "VIRTUAL_USDT",
      "m" : "4611686018427652612"
    }, {
      "d" : "1756455279550839080",
      "t" : 1756455279550,
      "tn" : 1756455279550839080,
      "q" : "65.3",
      "p" : "1.1420",
      "s" : "sell",
      "i" : "VIRTUAL_USDT",
      "m" : "4611686018427652611"
    }, {
      "d" : "1756454843803338729",
      "t" : 1756454843803,
      "tn" : 1756454843803338729,
      "q" : "1.1",
      "p" : "1.1498",
      "s" : "sell",
      "i" : "VIRTUAL_USDT",
      "m" : "4611686018427652610"
    }, {
      "d" : "1756454148244274292",
      "t" : 1756454148244,
      "tn" : 1756454148244274292,
      "q" : "1.1",
      "p" : "1.1471",
      "s" : "sell",
      "i" : "VIRTUAL_USDT",
      "m" : "4611686018427652609"
    }, {
      "d" : "1756454095612064938",
      "t" : 1756454095612,
      "tn" : 1756454095612064938,
      "q" : "1.1",
      "p" : "1.1490",
      "s" : "sell",
      "i" : "VIRTUAL_USDT",
      "m" : "4611686018427652608"
    }, {
      "d" : "1756453751686317016",
      "t" : 1756453751686,
      "tn" : 1756453751686317016,
      "q" : "1.1",
      "p" : "1.1505",
      "s" : "buy",
      "i" : "VIRTUAL_USDT",
      "m" : "4611686018427652607"
    }, {
      "d" : "1756453701664908409",
      "t" : 1756453701664,
      "tn" : 1756453701664908409,
      "q" : "1.1",
      "p" : "1.1506",
      "s" : "buy",
      "i" : "VIRTUAL_USDT",
      "m" : "4611686018427652606"
    }, {
      "d" : "1756453079422013689",
      "t" : 1756453079422,
      "tn" : 1756453079422013689,
      "q" : "1.1",
      "p" : "1.1504",
      "s" : "sell",
      "i" : "VIRTUAL_USDT",
      "m" : "4611686018427652605"
    }, {
      "d" : "1756453072173831536",
      "t" : 1756453072173,
      "tn" : 1756453072173831536,
      "q" : "1.1",
      "p" : "1.1508",
      "s" : "sell",
      "i" : "VIRTUAL_USDT",
      "m" : "4611686018427652604"
    }, {
      "d" : "1756453066411034477",
      "t" : 1756453066411,
      "tn" : 1756453066411034477,
      "q" : "1.1",
      "p" : "1.1511",
      "s" : "sell",
      "i" : "VIRTUAL_USDT",
      "m" : "4611686018427652603"
    }, {
      "d" : "1756452671687359507",
      "t" : 1756452671687,
      "tn" : 1756452671687359507,
      "q" : "8.5",
      "p" : "1.1535",
      "s" : "buy",
      "i" : "VIRTUAL_USDT",
      "m" : "4611686018427652602"
    }, {
      "d" : "1756452424477008537",
      "t" : 1756452424477,
      "tn" : 1756452424477008537,
      "q" : "1.1",
      "p" : "1.1488",
      "s" : "sell",
      "i" : "VIRTUAL_USDT",
      "m" : "4611686018427652601"
    }, {
      "d" : "1756452262047563234",
      "t" : 1756452262047,
      "tn" : 1756452262047563234,
      "q" : "1.1",
      "p" : "1.1538",
      "s" : "buy",
      "i" : "VIRTUAL_USDT",
      "m" : "4611686018427652600"
    }, {
      "d" : "1756452191072216840",
      "t" : 1756452191072,
      "tn" : 1756452191072216840,
      "q" : "1.1",
      "p" : "1.1557",
      "s" : "sell",
      "i" : "VIRTUAL_USDT",
      "m" : "4611686018427652599"
    }, {
      "d" : "1756451787285090849",
      "t" : 1756451787285,
      "tn" : 1756451787285090849,
      "q" : "1.1",
      "p" : "1.1568",
      "s" : "buy",
      "i" : "VIRTUAL_USDT",
      "m" : "4611686018427652598"
    }, {
      "d" : "1756451470148447818",
      "t" : 1756451470148,
      "tn" : 1756451470148447818,
      "q" : "1.1",
      "p" : "1.1639",
      "s" : "buy",
      "i" : "VIRTUAL_USDT",
      "m" : "4611686018427652597"
    }, {
      "d" : "1756451282259161610",
      "t" : 1756451282259,
      "tn" : 1756451282259161610,
      "q" : "16.0",
      "p" : "1.1657",
      "s" : "sell",
      "i" : "VIRTUAL_USDT",
      "m" : "4611686018427652596"
    }, {
      "d" : "1756451282259159596",
      "t" : 1756451282259,
      "tn" : 1756451282259159596,
      "q" : "1.1",
      "p" : "1.1666",
      "s" : "sell",
      "i" : "VIRTUAL_USDT",
      "m" : "4611686018427652595"
    }, {
      "d" : "1756451268493235473",
      "t" : 1756451268493,
      "tn" : 1756451268493235473,
      "q" : "598.0",
      "p" : "1.1678",
      "s" : "sell",
      "i" : "VIRTUAL_USDT",
      "m" : "4611686018427652594"
    }, {
      "d" : "1756451268493233996",
      "t" : 1756451268493,
      "tn" : 1756451268493233996,
      "q" : "171.7",
      "p" : "1.1679",
      "s" : "sell",
      "i" : "VIRTUAL_USDT",
      "m" : "4611686018427652593"
    }, {
      "d" : "1756451268493230303",
      "t" : 1756451268493,
      "tn" : 1756451268493230303,
      "q" : "1.1",
      "p" : "1.1685",
      "s" : "sell",
      "i" : "VIRTUAL_USDT",
      "m" : "4611686018427652592"
    }, {
      "d" : "1756451233177223169",
      "t" : 1756451233177,
      "tn" : 1756451233177223169,
      "q" : "1.1",
      "p" : "1.1696",
      "s" : "sell",
      "i" : "VIRTUAL_USDT",
      "m" : "4611686018427652591"
    }, {
      "d" : "1756451131111347615",
      "t" : 1756451131111,
      "tn" : 1756451131111347615,
      "q" : "1.1",
      "p" : "1.1755",
      "s" : "sell",
      "i" : "VIRTUAL_USDT",
      "m" : "4611686018427652590"
    }, {
      "d" : "1756451073130998162",
      "t" : 1756451073130,
      "tn" : 1756451073130998162,
      "q" : "1.1",
      "p" : "1.1758",
      "s" : "buy",
      "i" : "VIRTUAL_USDT",
      "m" : "4611686018427652589"
    }, {
      "d" : "1756450970032650376",
      "t" : 1756450970032,
      "tn" : 1756450970032650376,
      "q" : "1.1",
      "p" : "1.1700",
      "s" : "sell",
      "i" : "VIRTUAL_USDT",
      "m" : "4611686018427652588"
    }, {
      "d" : "1756450116590135396",
      "t" : 1756450116590,
      "tn" : 1756450116590135396,
      "q" : "1.1",
      "p" : "1.1826",
      "s" : "buy",
      "i" : "VIRTUAL_USDT",
      "m" : "4611686018427652587"
    }, {
      "d" : "1756449735220606476",
      "t" : 1756449735220,
      "tn" : 1756449735220606476,
      "q" : "1.1",
      "p" : "1.1772",
      "s" : "buy",
      "i" : "VIRTUAL_USDT",
      "m" : "4611686018427652586"
    }, {
      "d" : "1756449236114840069",
      "t" : 1756449236114,
      "tn" : 1756449236114840069,
      "q" : "1.1",
      "p" : "1.1825",
      "s" : "sell",
      "i" : "VIRTUAL_USDT",
      "m" : "4611686018427652585"
    }, {
      "d" : "1756449228733427990",
      "t" : 1756449228733,
      "tn" : 1756449228733427990,
      "q" : "1.1",
      "p" : "1.1827",
      "s" : "sell",
      "i" : "VIRTUAL_USDT",
      "m" : "4611686018427652584"
    }, {
      "d" : "1756449048139436635",
      "t" : 1756449048139,
      "tn" : 1756449048139436635,
      "q" : "1.1",
      "p" : "1.1831",
      "s" : "buy",
      "i" : "VIRTUAL_USDT",
      "m" : "4611686018427652583"
    }, {
      "d" : "1756449038110458572",
      "t" : 1756449038110,
      "tn" : 1756449038110458572,
      "q" : "1.1",
      "p" : "1.1831",
      "s" : "buy",
      "i" : "VIRTUAL_USDT",
      "m" : "4611686018427652582"
    }, {
      "d" : "1756449028097927756",
      "t" : 1756449028097,
      "tn" : 1756449028097927756,
      "q" : "1.1",
      "p" : "1.1831",
      "s" : "buy",
      "i" : "VIRTUAL_USDT",
      "m" : "4611686018427652581"
    }, {
      "d" : "1756449018066991073",
      "t" : 1756449018066,
      "tn" : 1756449018066991073,
      "q" : "1.1",
      "p" : "1.1831",
      "s" : "buy",
      "i" : "VIRTUAL_USDT",
      "m" : "4611686018427652580"
    }, {
      "d" : "1756449008011460108",
      "t" : 1756449008011,
      "tn" : 1756449008011460108,
      "q" : "1.1",
      "p" : "1.1831",
      "s" : "buy",
      "i" : "VIRTUAL_USDT",
      "m" : "4611686018427652579"
    }, {
      "d" : "1756448997963176120",
      "t" : 1756448997963,
      "tn" : 1756448997963176120,
      "q" : "1.1",
      "p" : "1.1831",
      "s" : "buy",
      "i" : "VIRTUAL_USDT",
      "m" : "4611686018427652578"
    }, {
      "d" : "1756448987936332028",
      "t" : 1756448987936,
      "tn" : 1756448987936332028,
      "q" : "1.1",
      "p" : "1.1831",
      "s" : "buy",
      "i" : "VIRTUAL_USDT",
      "m" : "4611686018427652577"
    }, {
      "d" : "1756448977905010446",
      "t" : 1756448977905,
      "tn" : 1756448977905010446,
      "q" : "1.1",
      "p" : "1.1831",
      "s" : "buy",
      "i" : "VIRTUAL_USDT",
      "m" : "4611686018427652576"
    }, {
      "d" : "1756448967830189528",
      "t" : 1756448967830,
      "tn" : 1756448967830189528,
      "q" : "1.1",
      "p" : "1.1831",
      "s" : "buy",
      "i" : "VIRTUAL_USDT",
      "m" : "4611686018427652575"
    }, {
      "d" : "1756448957805419149",
      "t" : 1756448957805,
      "tn" : 1756448957805419149,
      "q" : "1.1",
      "p" : "1.1830",
      "s" : "buy",
      "i" : "VIRTUAL_USDT",
      "m" : "4611686018427652574"
    }, {
      "d" : "1756448947749741712",
      "t" : 1756448947749,
      "tn" : 1756448947749741712,
      "q" : "1.1",
      "p" : "1.1832",
      "s" : "buy",
      "i" : "VIRTUAL_USDT",
      "m" : "4611686018427652573"
    }, {
      "d" : "1756448937702537860",
      "t" : 1756448937702,
      "tn" : 1756448937702537860,
      "q" : "1.1",
      "p" : "1.1832",
      "s" : "buy",
      "i" : "VIRTUAL_USDT",
      "m" : "4611686018427652572"
    }, {
      "d" : "1756448927673341444",
      "t" : 1756448927673,
      "tn" : 1756448927673341444,
      "q" : "1.1",
      "p" : "1.1832",
      "s" : "buy",
      "i" : "VIRTUAL_USDT",
      "m" : "4611686018427652571"
    }, {
      "d" : "1756448917637013594",
      "t" : 1756448917637,
      "tn" : 1756448917637013594,
      "q" : "1.1",
      "p" : "1.1832",
      "s" : "buy",
      "i" : "VIRTUAL_USDT",
      "m" : "4611686018427652570"
    }, {
      "d" : "1756448907604892843",
      "t" : 1756448907604,
      "tn" : 1756448907604892843,
      "q" : "1.1",
      "p" : "1.1832",
      "s" : "buy",
      "i" : "VIRTUAL_USDT",
      "m" : "4611686018427652569"
    }, {
      "d" : "1756448897555517759",
      "t" : 1756448897555,
      "tn" : 1756448897555517759,
      "q" : "1.1",
      "p" : "1.1832",
      "s" : "buy",
      "i" : "VIRTUAL_USDT",
      "m" : "4611686018427652568"
    }, {
      "d" : "1756448887473321140",
      "t" : 1756448887473,
      "tn" : 1756448887473321140,
      "q" : "1.1",
      "p" : "1.1832",
      "s" : "buy",
      "i" : "VIRTUAL_USDT",
      "m" : "4611686018427652567"
    }, {
      "d" : "1756448877452843365",
      "t" : 1756448877452,
      "tn" : 1756448877452843365,
      "q" : "1.1",
      "p" : "1.1832",
      "s" : "buy",
      "i" : "VIRTUAL_USDT",
      "m" : "4611686018427652566"
    }, {
      "d" : "1756448867434298427",
      "t" : 1756448867434,
      "tn" : 1756448867434298427,
      "q" : "1.1",
      "p" : "1.1832",
      "s" : "buy",
      "i" : "VIRTUAL_USDT",
      "m" : "4611686018427652565"
    }, {
      "d" : "1756448857418248906",
      "t" : 1756448857418,
      "tn" : 1756448857418248906,
      "q" : "1.1",
      "p" : "1.1831",
      "s" : "buy",
      "i" : "VIRTUAL_USDT",
      "m" : "4611686018427652564"
    }, {
      "d" : "1756448846584903236",
      "t" : 1756448846584,
      "tn" : 1756448846584903236,
      "q" : "1.1",
      "p" : "1.1831",
      "s" : "buy",
      "i" : "VIRTUAL_USDT",
      "m" : "4611686018427652563"
    }, {
      "d" : "1756448836565434177",
      "t" : 1756448836565,
      "tn" : 1756448836565434177,
      "q" : "1.1",
      "p" : "1.1831",
      "s" : "buy",
      "i" : "VIRTUAL_USDT",
      "m" : "4611686018427652562"
    }, {
      "d" : "1756448826494621252",
      "t" : 1756448826494,
      "tn" : 1756448826494621252,
      "q" : "1.1",
      "p" : "1.1832",
      "s" : "buy",
      "i" : "VIRTUAL_USDT",
      "m" : "4611686018427652561"
    }, {
      "d" : "1756448816447528986",
      "t" : 1756448816447,
      "tn" : 1756448816447528986,
      "q" : "1.1",
      "p" : "1.1832",
      "s" : "buy",
      "i" : "VIRTUAL_USDT",
      "m" : "4611686018427652560"
    }, {
      "d" : "1756448806404597140",
      "t" : 1756448806404,
      "tn" : 1756448806404597140,
      "q" : "1.1",
      "p" : "1.1832",
      "s" : "buy",
      "i" : "VIRTUAL_USDT",
      "m" : "4611686018427652559"
    }, {
      "d" : "1756448796312495908",
      "t" : 1756448796312,
      "tn" : 1756448796312495908,
      "q" : "1.1",
      "p" : "1.1832",
      "s" : "buy",
      "i" : "VIRTUAL_USDT",
      "m" : "4611686018427652558"
    }, {
      "d" : "1756448786281296284",
      "t" : 1756448786281,
      "tn" : 1756448786281296284,
      "q" : "1.1",
      "p" : "1.1832",
      "s" : "buy",
      "i" : "VIRTUAL_USDT",
      "m" : "4611686018427652557"
    }, {
      "d" : "1756448776241466714",
      "t" : 1756448776241,
      "tn" : 1756448776241466714,
      "q" : "1.1",
      "p" : "1.1832",
      "s" : "buy",
      "i" : "VIRTUAL_USDT",
      "m" : "4611686018427652556"
    }, {
      "d" : "1756448766216014427",
      "t" : 1756448766216,
      "tn" : 1756448766216014427,
      "q" : "1.1",
      "p" : "1.1832",
      "s" : "buy",
      "i" : "VIRTUAL_USDT",
      "m" : "4611686018427652555"
    }, {
      "d" : "1756448756211910301",
      "t" : 1756448756211,
      "tn" : 1756448756211910301,
      "q" : "1.1",
      "p" : "1.1832",
      "s" : "buy",
      "i" : "VIRTUAL_USDT",
      "m" : "4611686018427652554"
    }, {
      "d" : "1756448746212368768",
      "t" : 1756448746212,
      "tn" : 1756448746212368768,
      "q" : "1.1",
      "p" : "1.1832",
      "s" : "buy",
      "i" : "VIRTUAL_USDT",
      "m" : "4611686018427652553"
    }, {
      "d" : "1756448736151204839",
      "t" : 1756448736151,
      "tn" : 1756448736151204839,
      "q" : "1.1",
      "p" : "1.1832",
      "s" : "buy",
      "i" : "VIRTUAL_USDT",
      "m" : "4611686018427652552"
    }, {
      "d" : "1756448726143752085",
      "t" : 1756448726143,
      "tn" : 1756448726143752085,
      "q" : "1.1",
      "p" : "1.1832",
      "s" : "buy",
      "i" : "VIRTUAL_USDT",
      "m" : "4611686018427652551"
    }, {
      "d" : "1756448715635611572",
      "t" : 1756448715635,
      "tn" : 1756448715635611572,
      "q" : "1.1",
      "p" : "1.1832",
      "s" : "buy",
      "i" : "VIRTUAL_USDT",
      "m" : "4611686018427652550"
    }, {
      "d" : "1756448705585367751",
      "t" : 1756448705585,
      "tn" : 1756448705585367751,
      "q" : "1.1",
      "p" : "1.1832",
      "s" : "buy",
      "i" : "VIRTUAL_USDT",
      "m" : "4611686018427652549"
    }, {
      "d" : "1756448695191615512",
      "t" : 1756448695191,
      "tn" : 1756448695191615512,
      "q" : "1.1",
      "p" : "1.1832",
      "s" : "buy",
      "i" : "VIRTUAL_USDT",
      "m" : "4611686018427652548"
    }, {
      "d" : "1756448685191348932",
      "t" : 1756448685191,
      "tn" : 1756448685191348932,
      "q" : "1.1",
      "p" : "1.1832",
      "s" : "buy",
      "i" : "VIRTUAL_USDT",
      "m" : "4611686018427652547"
    }, {
      "d" : "1756448675099202952",
      "t" : 1756448675099,
      "tn" : 1756448675099202952,
      "q" : "1.1",
      "p" : "1.1832",
      "s" : "buy",
      "i" : "VIRTUAL_USDT",
      "m" : "4611686018427652546"
    }, {
      "d" : "1756448665074795257",
      "t" : 1756448665074,
      "tn" : 1756448665074795257,
      "q" : "1.1",
      "p" : "1.1832",
      "s" : "buy",
      "i" : "VIRTUAL_USDT",
      "m" : "4611686018427652545"
    }, {
      "d" : "1756448655027976144",
      "t" : 1756448655027,
      "tn" : 1756448655027976144,
      "q" : "1.1",
      "p" : "1.1832",
      "s" : "buy",
      "i" : "VIRTUAL_USDT",
      "m" : "4611686018427652544"
    }, {
      "d" : "1756448645017594715",
      "t" : 1756448645017,
      "tn" : 1756448645017594715,
      "q" : "1.1",
      "p" : "1.1832",
      "s" : "buy",
      "i" : "VIRTUAL_USDT",
      "m" : "4611686018427652543"
    }, {
      "d" : "1756448562402269956",
      "t" : 1756448562402,
      "tn" : 1756448562402269956,
      "q" : "1.1",
      "p" : "1.1836",
      "s" : "buy",
      "i" : "VIRTUAL_USDT",
      "m" : "4611686018427652542"
    }, {
      "d" : "1756448552359451319",
      "t" : 1756448552359,
      "tn" : 1756448552359451319,
      "q" : "1.1",
      "p" : "1.1837",
      "s" : "buy",
      "i" : "VIRTUAL_USDT",
      "m" : "4611686018427652541"
    }, {
      "d" : "1756448542337526950",
      "t" : 1756448542337,
      "tn" : 1756448542337526950,
      "q" : "1.1",
      "p" : "1.1837",
      "s" : "buy",
      "i" : "VIRTUAL_USDT",
      "m" : "4611686018427652540"
    }, {
      "d" : "1756448532293896745",
      "t" : 1756448532293,
      "tn" : 1756448532293896745,
      "q" : "1.1",
      "p" : "1.1838",
      "s" : "buy",
      "i" : "VIRTUAL_USDT",
      "m" : "4611686018427652539"
    }, {
      "d" : "1756448522292753812",
      "t" : 1756448522292,
      "tn" : 1756448522292753812,
      "q" : "1.1",
      "p" : "1.1838",
      "s" : "buy",
      "i" : "VIRTUAL_USDT",
      "m" : "4611686018427652538"
    }, {
      "d" : "1756448512261090348",
      "t" : 1756448512261,
      "tn" : 1756448512261090348,
      "q" : "1.1",
      "p" : "1.1838",
      "s" : "buy",
      "i" : "VIRTUAL_USDT",
      "m" : "4611686018427652537"
    }, {
      "d" : "1756448502231875303",
      "t" : 1756448502231,
      "tn" : 1756448502231875303,
      "q" : "1.1",
      "p" : "1.1838",
      "s" : "buy",
      "i" : "VIRTUAL_USDT",
      "m" : "4611686018427652536"
    }, {
      "d" : "1756448492205710756",
      "t" : 1756448492205,
      "tn" : 1756448492205710756,
      "q" : "1.1",
      "p" : "1.1838",
      "s" : "buy",
      "i" : "VIRTUAL_USDT",
      "m" : "4611686018427652535"
    }, {
      "d" : "1756448429828630665",
      "t" : 1756448429828,
      "tn" : 1756448429828630665,
      "q" : "1.1",
      "p" : "1.1839",
      "s" : "buy",
      "i" : "VIRTUAL_USDT",
      "m" : "4611686018427652534"
    }, {
      "d" : "1756448419812951724",
      "t" : 1756448419812,
      "tn" : 1756448419812951724,
      "q" : "1.1",
      "p" : "1.1842",
      "s" : "buy",
      "i" : "VIRTUAL_USDT",
      "m" : "4611686018427652533"
    }, {
      "d" : "1756447987400324014",
      "t" : 1756447987400,
      "tn" : 1756447987400324014,
      "q" : "1.1",
      "p" : "1.1901",
      "s" : "buy",
      "i" : "VIRTUAL_USDT",
      "m" : "4611686018427652532"
    }, {
      "d" : "1756447345060023040",
      "t" : 1756447345060,
      "tn" : 1756447345060023040,
      "q" : "1.1",
      "p" : "1.1941",
      "s" : "buy",
      "i" : "VIRTUAL_USDT",
      "m" : "4611686018427652531"
    }, {
      "d" : "1756446684817865320",
      "t" : 1756446684817,
      "tn" : 1756446684817865320,
      "q" : "1.1",
      "p" : "1.1941",
      "s" : "sell",
      "i" : "VIRTUAL_USDT",
      "m" : "4611686018427652530"
    }, {
      "d" : "1756446504524013104",
      "t" : 1756446504524,
      "tn" : 1756446504524013104,
      "q" : "1.1",
      "p" : "1.1974",
      "s" : "buy",
      "i" : "VIRTUAL_USDT",
      "m" : "4611686018427652529"
    }, {
      "d" : "1756446504451080308",
      "t" : 1756446504451,
      "tn" : 1756446504451080308,
      "q" : "1.1",
      "p" : "1.1974",
      "s" : "buy",
      "i" : "VIRTUAL_USDT",
      "m" : "4611686018427652528"
    }, {
      "d" : "1756445586359941923",
      "t" : 1756445586359,
      "tn" : 1756445586359941923,
      "q" : "1.1",
      "p" : "1.1905",
      "s" : "buy",
      "i" : "VIRTUAL_USDT",
      "m" : "4611686018427652527"
    }, {
      "d" : "1756445111888409048",
      "t" : 1756445111888,
      "tn" : 1756445111888409048,
      "q" : "1.1",
      "p" : "1.1903",
      "s" : "buy",
      "i" : "VIRTUAL_USDT",
      "m" : "4611686018427652526"
    }, {
      "d" : "1756444754995472265",
      "t" : 1756444754995,
      "tn" : 1756444754995472265,
      "q" : "1.1",
      "p" : "1.1933",
      "s" : "buy",
      "i" : "VIRTUAL_USDT",
      "m" : "4611686018427652525"
    }, {
      "d" : "1756444185237581987",
      "t" : 1756444185237,
      "tn" : 1756444185237581987,
      "q" : "1.1",
      "p" : "1.1977",
      "s" : "sell",
      "i" : "VIRTUAL_USDT",
      "m" : "4611686018427652524"
    }, {
      "d" : "1756443131222392437",
      "t" : 1756443131222,
      "tn" : 1756443131222392437,
      "q" : "1.1",
      "p" : "1.2007",
      "s" : "buy",
      "i" : "VIRTUAL_USDT",
      "m" : "4611686018427652523"
    }, {
      "d" : "1756442712499535399",
      "t" : 1756442712499,
      "tn" : 1756442712499535399,
      "q" : "1.1",
      "p" : "1.2018",
      "s" : "buy",
      "i" : "VIRTUAL_USDT",
      "m" : "4611686018427652522"
    }, {
      "d" : "1756442645919643663",
      "t" : 1756442645919,
      "tn" : 1756442645919643663,
      "q" : "1.1",
      "p" : "1.2011",
      "s" : "buy",
      "i" : "VIRTUAL_USDT",
      "m" : "4611686018427652521"
    }, {
      "d" : "1756441921913332185",
      "t" : 1756441921913,
      "tn" : 1756441921913332185,
      "q" : "1.1",
      "p" : "1.1990",
      "s" : "buy",
      "i" : "VIRTUAL_USDT",
      "m" : "4611686018427652520"
    } ]
  }
}