{
  "id" : -1,
  "method" : "public/get-trades",
  "code" : 0,
  "result" : {
    "data" : [ {
      "d" : "1756462474444869075",
      "t" : 1756462474444,
      "tn" : 1756462474444869075,
      "q" : "1.1",
      "p" : "1.1482",
      "s" : "buy",
      "i" : "VIRTUAL_USD",
      "m" : "4611686018428470474"
    }, {
      "d" : "1756462474439783382",
      "t" : 1756462474439,
      "tn" : 1756462474439783382,
      "q" : "279.9",
      "p" : "1.1470",
      "s" : "buy",
      "i" : "VIRTUAL_USD",
      "m" : "4611686018428470473"
    }, {
      "d" : "1756462474439781464",
      "t" : 1756462474439,
      "tn" : 1756462474439781464,
      "q" : "598.0",
      "p" : "1.1469",
      "s" : "buy",
      "i" : "VIRTUAL_USD",
      "m" : "4611686018428470472"
    }, {
      "d" : "1756462474439778600",
      "t" : 1756462474439,
      "tn" : 1756462474439778600,
      "q" : "1.1",
      "p" : "1.1460",
      "s" : "buy",
      "i" : "VIRTUAL_USD",
      "m" : "4611686018428470471"
    }, {
      "d" : "1756462379718887170",
      "t" : 1756462379718,
      "tn" : 1756462379718887169,
      "q" : "1.1",
      "p" : "1.1492",
      "s" : "buy",
      "i" : "VIRTUAL_USD",
      "m" : "4611686018428470470"
    }, {
      "d" : "1756462379718887169",
      "t" : 1756462379718,
      "tn" : 1756462379718887169,
      "q" : "34.1",
      "p" : "1.1492",
      "s" : "buy",
      "i" : "VIRTUAL_USD",
      "m" : "4611686018428470470"
    }, {
      "d" : "1756461297208743009",
      "t" : 1756461297208,
      "tn" : 1756461297208743009,
      "q" : "1.1",
      "p" : "1.1429",
      "s" : "buy",
      "i" : "VIRTUAL_USD",
      "m" : "4611686018428470469"
    }, {
      "d" : "1756461276078471140",
      "t" : 1756461276078,
      "tn" : 1756461276078471140,
      "q" : "1.1",
      "p" : "1.1422",
      "s" : "buy",
      "i" : "VIRTUAL_USD",
      "m" : "4611686018428470468"
    }, {
      "d" : "1756461224186464429",
      "t" : 1756461224186,
      "tn" : 1756461224186464429,
      "q" : "1.1",
      "p" : "1.1426",
      "s" : "buy",
      "i" : "VIRTUAL_USD",
      "m" : "4611686018428470467"
    }, {
      "d" : "1756461034246024778",
      "t" : 1756461034246,
      "tn" : 1756461034246024778,
      "q" : "1.1",
      "p" : "1.1424",
      "s" : "sell",
      "i" : "VIRTUAL_USD",
      "m" : "4611686018428470466"
    }, {
      "d" : "1756460889615441259",
      "t" : 1756460889615,
      "tn" : 1756460889615441259,
      "q" : "13.8",
      "p" : "1.1429",
      "s" : "buy",
      "i" : "VIRTUAL_USD",
      "m" : "4611686018428470465"
    }, {
      "d" : "1756460883009263912",
      "t" : 1756460883009,
      "tn" : 1756460883009263912,
      "q" : "20.5",
      "p" : "1.1429",
      "s" : "buy",
      "i" : "VIRTUAL_USD",
      "m" : "4611686018428470464"
    }, {
      "d" : "1756459847117944651",
      "t" : 1756459847117,
      "tn" : 1756459847117944651,
      "q" : "1.1",
      "p" : "1.1412",
      "s" : "sell",
      "i" : "VIRTUAL_USD",
      "m" : "4611686018428470463"
    }, {
      "d" : "1756459776420568387",
      "t" : 1756459776420,
      "tn" : 1756459776420568387,
      "q" : "1.1",
      "p" : "1.1406",
      "s" : "buy",
      "i" : "VIRTUAL_USD",
      "m" : "4611686018428470462"
    }, {
      "d" : "1756459630532591099",
      "t" : 1756459630532,
      "tn" : 1756459630532591099,
      "q" : "1.1",
      "p" : "1.1385",
      "s" : "buy",
      "i" : "VIRTUAL_USD",
      "m" : "4611686018428470461"
    }, {
      "d" : "1756459108854211735",
      "t" : 1756459108854,
      "tn" : 1756459108854211735,
      "q" : "34.5",
      "p" : "1.1364",
      "s" : "buy",
      "i" : "VIRTUAL_USD",
      "m" : "4611686018428470460"
    }, {
      "d" : "1756458778551755452",
      "t" : 1756458778551,
      "tn" : 1756458778551755452,
      "q" : "1.1",
      "p" : "1.1340",
      "s" : "buy",
      "i" : "VIRTUAL_USD",
      "m" : "4611686018428470459"
    }, {
      "d" : "1756458747956209803",
      "t" : 1756458747956,
      "tn" : 1756458747956209803,
      "q" : "1.1",
      "p" : "1.1322",
      "s" : "sell",
      "i" : "VIRTUAL_USD",
      "m" : "4611686018428470458"
    }, {
      "d" : "1756458426992649882",
      "t" : 1756458426992,
      "tn" : 1756458426992649882,
      "q" : "1.1",
      "p" : "1.1272",
      "s" : "buy",
      "i" : "VIRTUAL_USD",
      "m" : "4611686018428470457"
    }, {
      "d" : "1756458426926719861",
      "t" : 1756458426926,
      "tn" : 1756458426926719861,
      "q" : "1.1",
      "p" : "1.1272",
      "s" : "buy",
      "i" : "VIRTUAL_USD",
      "m" : "4611686018428470456"
    }, {
      "d" : "1756458426892529141",
      "t" : 1756458426892,
      "tn" : 1756458426892529141,
      "q" : "1.1",
      "p" : "1.1272",
      "s" : "buy",
      "i" : "VIRTUAL_USD",
      "m" : "4611686018428470455"
    }, {
      "d" : "1756458426816414434",
      "t" : 1756458426816,
      "tn" : 1756458426816414434,
      "q" : "1.1",
      "p" : "1.1272",
      "s" : "buy",
      "i" : "VIRTUAL_USD",
      "m" : "4611686018428470454"
    }, {
      "d" : "1756458426802084408",
      "t" : 1756458426802,
      "tn" : 1756458426802084408,
      "q" : "1.1",
      "p" : "1.1272",
      "s" : "buy",
      "i" : "VIRTUAL_USD",
      "m" : "4611686018428470453"
    }, {
      "d" : "1756458426786476984",
      "t" : 1756458426786,
      "tn" : 1756458426786476984,
      "q" : "1.1",
      "p" : "1.1272",
      "s" : "buy",
      "i" : "VIRTUAL_USD",
      "m" : "4611686018428470452"
    }, {
      "d" : "1756458189626407059",
      "t" : 1756458189626,
      "tn" : 1756458189626407059,
      "q" : "1.0",
      "p" : "1.1267",
      "s" : "sell",
      "i" : "VIRTUAL_USD",
      "m" : "4611686018428470451"
    }, {
      "d" : "1756458184646935930",
      "t" : 1756458184646,
      "tn" : 1756458184646935930,
      "q" : "1.1",
      "p" : "1.1244",
      "s" : "buy",
      "i" : "VIRTUAL_USD",
      "m" : "4611686018428470450"
    }, {
      "d" : "1756458183713354669",
      "t" : 1756458183713,
      "tn" : 1756458183713354669,
      "q" : "90.0",
      "p" : "1.1243",
      "s" : "sell",
      "i" : "VIRTUAL_USD",
      "m" : "4611686018428470449"
    }, {
      "d" : "1756458176660992217",
      "t" : 1756458176660,
      "tn" : 1756458176660992217,
      "q" : "3.9",
      "p" : "1.1283",
      "s" : "sell",
      "i" : "VIRTUAL_USD",
      "m" : "4611686018428470448"
    }, {
      "d" : "1756458172351780114",
      "t" : 1756458172351,
      "tn" : 1756458172351780114,
      "q" : "30.7",
      "p" : "1.1289",
      "s" : "sell",
      "i" : "VIRTUAL_USD",
      "m" : "4611686018428470447"
    }, {
      "d" : "1756458172346884402",
      "t" : 1756458172346,
      "tn" : 1756458172346884402,
      "q" : "1.1",
      "p" : "1.1295",
      "s" : "sell",
      "i" : "VIRTUAL_USD",
      "m" : "4611686018428470446"
    }, {
      "d" : "1756458161047349541",
      "t" : 1756458161047,
      "tn" : 1756458161047349541,
      "q" : "34.5",
      "p" : "1.1299",
      "s" : "sell",
      "i" : "VIRTUAL_USD",
      "m" : "4611686018428470445"
    }, {
      "d" : "1756457578036139770",
      "t" : 1756457578036,
      "tn" : 1756457578036139770,
      "q" : "34.3",
      "p" : "1.1364",
      "s" : "sell",
      "i" : "VIRTUAL_USD",
      "m" : "4611686018428470444"
    }, {
      "d" : "1756457209378125076",
      "t" : 1756457209378,
      "tn" : 1756457209378125076,
      "q" : "1.1",
      "p" : "1.1394",
      "s" : "sell",
      "i" : "VIRTUAL_USD",
      "m" : "4611686018428470443"
    }, {
      "d" : "1756456311724736548",
      "t" : 1756456311724,
      "tn" : 1756456311724736548,
      "q" : "1.1",
      "p" : "1.1418",
      "s" : "buy",
      "i" : "VIRTUAL_USD",
      "m" : "4611686018428470442"
    }, {
      "d" : "1756456303235810704",
      "t" : 1756456303235,
      "tn" : 1756456303235810704,
      "q" : "1.1",
      "p" : "1.1417",
      "s" : "buy",
      "i" : "VIRTUAL_USD",
      "m" : "4611686018428470441"
    }, {
      "d" : "1756455789758244891",
      "t" : 1756455789758,
      "tn" : 1756455789758244891,
      "q" : "1.1",
      "p" : "1.1400",
      "s" : "buy",
      "i" : "VIRTUAL_USD",
      "m" : "4611686018428470440"
    }, {
      "d" : "1756455624038543444",
      "t" : 1756455624038,
      "tn" : 1756455624038543444,
      "q" : "1.1",
      "p" : "1.1405",
      "s" : "sell",
      "i" : "VIRTUAL_USD",
      "m" : "4611686018428470439"
    }, {
      "d" : "1756455599022902635",
      "t" : 1756455599022,
      "tn" : 1756455599022902635,
      "q" : "1.1",
      "p" : "1.1422",
      "s" : "sell",
      "i" : "VIRTUAL_USD",
      "m" : "4611686018428470438"
    }, {
      "d" : "1756455481888409065",
      "t" : 1756455481888,
      "tn" : 1756455481888409065,
      "q" : "1.1",
      "p" : "1.1435",
      "s" : "buy",
      "i" : "VIRTUAL_USD",
      "m" : "4611686018428470437"
    }, {
      "d" : "1756455441459135569",
      "t" : 1756455441459,
      "tn" : 1756455441459135569,
      "q" : "14.1",
      "p" : "1.1399",
      "s" : "sell",
      "i" : "VIRTUAL_USD",
      "m" : "4611686018428470436"
    }, {
      "d" : "1756455441351226812",
      "t" : 1756455441351,
      "tn" : 1756455441351226812,
      "q" : "200.0",
      "p" : "1.1400",
      "s" : "sell",
      "i" : "VIRTUAL_USD",
      "m" : "4611686018428470435"
    }, {
      "d" : "1756455032598554822",
      "t" : 1756455032598,
      "tn" : 1756455032598554822,
      "q" : "34.1",
      "p" : "1.1429",
      "s" : "sell",
      "i" : "VIRTUAL_USD",
      "m" : "4611686018428470434"
    }, {
      "d" : "1756454843803287904",
      "t" : 1756454843803,
      "tn" : 1756454843803287904,
      "q" : "1.1",
      "p" : "1.1501",
      "s" : "sell",
      "i" : "VIRTUAL_USD",
      "m" : "4611686018428470433"
    }, {
      "d" : "1756454141544625169",
      "t" : 1756454141544,
      "tn" : 1756454141544625169,
      "q" : "1.1",
      "p" : "1.1468",
      "s" : "buy",
      "i" : "VIRTUAL_USD",
      "m" : "4611686018428470432"
    }, {
      "d" : "1756454091164650661",
      "t" : 1756454091164,
      "tn" : 1756454091164650661,
      "q" : "33.9",
      "p" : "1.1492",
      "s" : "sell",
      "i" : "VIRTUAL_USD",
      "m" : "4611686018428470431"
    }, {
      "d" : "1756454043030669669",
      "t" : 1756454043030,
      "tn" : 1756454043030669669,
      "q" : "1.1",
      "p" : "1.1498",
      "s" : "buy",
      "i" : "VIRTUAL_USD",
      "m" : "4611686018428470430"
    }, {
      "d" : "1756453168539004316",
      "t" : 1756453168539,
      "tn" : 1756453168539004316,
      "q" : "1.1",
      "p" : "1.1523",
      "s" : "sell",
      "i" : "VIRTUAL_USD",
      "m" : "4611686018428470429"
    }, {
      "d" : "1756453085340018068",
      "t" : 1756453085340,
      "tn" : 1756453085340018068,
      "q" : "1.1",
      "p" : "1.1516",
      "s" : "sell",
      "i" : "VIRTUAL_USD",
      "m" : "4611686018428470428"
    }, {
      "d" : "1756453079422042857",
      "t" : 1756453079422,
      "tn" : 1756453079422042857,
      "q" : "1.1",
      "p" : "1.1507",
      "s" : "sell",
      "i" : "VIRTUAL_USD",
      "m" : "4611686018428470427"
    }, {
      "d" : "1756453066412773742",
      "t" : 1756453066412,
      "tn" : 1756453066412773742,
      "q" : "44.1",
      "p" : "1.1509",
      "s" : "sell",
      "i" : "VIRTUAL_USD",
      "m" : "4611686018428470426"
    }, {
      "d" : "1756453066411063669",
      "t" : 1756453066411,
      "tn" : 1756453066411063669,
      "q" : "1.1",
      "p" : "1.1514",
      "s" : "sell",
      "i" : "VIRTUAL_USD",
      "m" : "4611686018428470425"
    }, {
      "d" : "1756452963282766326",
      "t" : 1756452963282,
      "tn" : 1756452963282766326,
      "q" : "7.6",
      "p" : "1.1554",
      "s" : "sell",
      "i" : "VIRTUAL_USD",
      "m" : "4611686018428470424"
    }, {
      "d" : "1756452729831881057",
      "t" : 1756452729831,
      "tn" : 1756452729831881057,
      "q" : "33.9",
      "p" : "1.1556",
      "s" : "buy",
      "i" : "VIRTUAL_USD",
      "m" : "4611686018428470423"
    }, {
      "d" : "1756452671685263676",
      "t" : 1756452671685,
      "tn" : 1756452671685263676,
      "q" : "48.2",
      "p" : "1.1538",
      "s" : "buy",
      "i" : "VIRTUAL_USD",
      "m" : "4611686018428470422"
    }, {
      "d" : "1756452424476977797",
      "t" : 1756452424476,
      "tn" : 1756452424476977797,
      "q" : "1.1",
      "p" : "1.1491",
      "s" : "sell",
      "i" : "VIRTUAL_USD",
      "m" : "4611686018428470421"
    }, {
      "d" : "1756452405426882491",
      "t" : 1756452405426,
      "tn" : 1756452405426882491,
      "q" : "33.9",
      "p" : "1.1492",
      "s" : "sell",
      "i" : "VIRTUAL_USD",
      "m" : "4611686018428470420"
    }, {
      "d" : "1756452401915707330",
      "t" : 1756452401915,
      "tn" : 1756452401915707330,
      "q" : "268.8",
      "p" : "1.1500",
      "s" : "sell",
      "i" : "VIRTUAL_USD",
      "m" : "4611686018428470419"
    }, {
      "d" : "1756452399583822423",
      "t" : 1756452399583,
      "tn" : 1756452399583822423,
      "q" : "43.0",
      "p" : "1.1500",
      "s" : "sell",
      "i" : "VIRTUAL_USD",
      "m" : "4611686018428470418"
    }, {
      "d" : "1756452262047558033",
      "t" : 1756452262047,
      "tn" : 1756452262047558033,
      "q" : "1.1",
      "p" : "1.1540",
      "s" : "buy",
      "i" : "VIRTUAL_USD",
      "m" : "4611686018428470417"
    }, {
      "d" : "1756451787285193039",
      "t" : 1756451787285,
      "tn" : 1756451787285193039,
      "q" : "1.1",
      "p" : "1.1572",
      "s" : "buy",
      "i" : "VIRTUAL_USD",
      "m" : "4611686018428470416"
    }, {
      "d" : "1756451683957335836",
      "t" : 1756451683957,
      "tn" : 1756451683957335836,
      "q" : "19.6",
      "p" : "1.1556",
      "s" : "sell",
      "i" : "VIRTUAL_USD",
      "m" : "4611686018428470415"
    }, {
      "d" : "1756451667097370946",
      "t" : 1756451667097,
      "tn" : 1756451667097370946,
      "q" : "14.1",
      "p" : "1.1556",
      "s" : "sell",
      "i" : "VIRTUAL_USD",
      "m" : "4611686018428470414"
    }, {
      "d" : "1756451627353830844",
      "t" : 1756451627353,
      "tn" : 1756451627353830844,
      "q" : "598.0",
      "p" : "1.1586",
      "s" : "sell",
      "i" : "VIRTUAL_USD",
      "m" : "4611686018428470413"
    }, {
      "d" : "1756451627353828558",
      "t" : 1756451627353,
      "tn" : 1756451627353828558,
      "q" : "22.7",
      "p" : "1.1587",
      "s" : "sell",
      "i" : "VIRTUAL_USD",
      "m" : "4611686018428470412"
    }, {
      "d" : "1756451616636003604",
      "t" : 1756451616636,
      "tn" : 1756451616636003604,
      "q" : "1.1",
      "p" : "1.1593",
      "s" : "sell",
      "i" : "VIRTUAL_USD",
      "m" : "4611686018428470411"
    }, {
      "d" : "1756451616636000916",
      "t" : 1756451616636,
      "tn" : 1756451616636000916,
      "q" : "13.9",
      "p" : "1.1598",
      "s" : "sell",
      "i" : "VIRTUAL_USD",
      "m" : "4611686018428470410"
    }, {
      "d" : "1756451553494332522",
      "t" : 1756451553494,
      "tn" : 1756451553494332522,
      "q" : "33.5",
      "p" : "1.1620",
      "s" : "sell",
      "i" : "VIRTUAL_USD",
      "m" : "4611686018428470409"
    }, {
      "d" : "1756451470148472549",
      "t" : 1756451470148,
      "tn" : 1756451470148472549,
      "q" : "1.1",
      "p" : "1.1643",
      "s" : "buy",
      "i" : "VIRTUAL_USD",
      "m" : "4611686018428470408"
    }, {
      "d" : "1756451282259142016",
      "t" : 1756451282259,
      "tn" : 1756451282259142016,
      "q" : "1.1",
      "p" : "1.1670",
      "s" : "sell",
      "i" : "VIRTUAL_USD",
      "m" : "4611686018428470407"
    }, {
      "d" : "1756451268496697411",
      "t" : 1756451268496,
      "tn" : 1756451268496697411,
      "q" : "41.4",
      "p" : "1.1682",
      "s" : "sell",
      "i" : "VIRTUAL_USD",
      "m" : "4611686018428470406"
    }, {
      "d" : "1756451268495189493",
      "t" : 1756451268495,
      "tn" : 1756451268495189493,
      "q" : "41.4",
      "p" : "1.1682",
      "s" : "sell",
      "i" : "VIRTUAL_USD",
      "m" : "4611686018428470405"
    }, {
      "d" : "1756451268493225566",
      "t" : 1756451268493,
      "tn" : 1756451268493225566,
      "q" : "33.3",
      "p" : "1.1685",
      "s" : "sell",
      "i" : "VIRTUAL_USD",
      "m" : "4611686018428470404"
    }, {
      "d" : "1756451268493222985",
      "t" : 1756451268493,
      "tn" : 1756451268493222985,
      "q" : "1.1",
      "p" : "1.1689",
      "s" : "sell",
      "i" : "VIRTUAL_USD",
      "m" : "4611686018428470403"
    }, {
      "d" : "1756451233178402048",
      "t" : 1756451233178,
      "tn" : 1756451233178402048,
      "q" : "1.1",
      "p" : "1.1700",
      "s" : "sell",
      "i" : "VIRTUAL_USD",
      "m" : "4611686018428470402"
    }, {
      "d" : "1756451200186136588",
      "t" : 1756451200186,
      "tn" : 1756451200186136588,
      "q" : "41.0",
      "p" : "1.1715",
      "s" : "sell",
      "i" : "VIRTUAL_USD",
      "m" : "4611686018428470401"
    }, {
      "d" : "1756451200186135099",
      "t" : 1756451200186,
      "tn" : 1756451200186135099,
      "q" : "1.1",
      "p" : "1.1721",
      "s" : "sell",
      "i" : "VIRTUAL_USD",
      "m" : "4611686018428470400"
    }, {
      "d" : "1756451131111281420",
      "t" : 1756451131111,
      "tn" : 1756451131111281420,
      "q" : "1.1",
      "p" : "1.1759",
      "s" : "sell",
      "i" : "VIRTUAL_USD",
      "m" : "4611686018428470399"
    }, {
      "d" : "1756451073130973339",
      "t" : 1756451073130,
      "tn" : 1756451073130973339,
      "q" : "1.1",
      "p" : "1.1762",
      "s" : "buy",
      "i" : "VIRTUAL_USD",
      "m" : "4611686018428470398"
    }, {
      "d" : "1756451055732790268",
      "t" : 1756451055732,
      "tn" : 1756451055732790268,
      "q" : "33.3",
      "p" : "1.1750",
      "s" : "buy",
      "i" : "VIRTUAL_USD",
      "m" : "4611686018428470397"
    }, {
      "d" : "1756450970041222779",
      "t" : 1756450970041,
      "tn" : 1756450970041222779,
      "q" : "33.3",
      "p" : "1.1685",
      "s" : "sell",
      "i" : "VIRTUAL_USD",
      "m" : "4611686018428470396"
    }, {
      "d" : "1756450970032679319",
      "t" : 1756450970032,
      "tn" : 1756450970032679319,
      "q" : "1.1",
      "p" : "1.1704",
      "s" : "sell",
      "i" : "VIRTUAL_USD",
      "m" : "4611686018428470395"
    }, {
      "d" : "1756450962679867929",
      "t" : 1756450962679,
      "tn" : 1756450962679867929,
      "q" : "1.1",
      "p" : "1.1716",
      "s" : "buy",
      "i" : "VIRTUAL_USD",
      "m" : "4611686018428470394"
    }, {
      "d" : "1756450946119215366",
      "t" : 1756450946119,
      "tn" : 1756450946119215366,
      "q" : "33.1",
      "p" : "1.1750",
      "s" : "sell",
      "i" : "VIRTUAL_USD",
      "m" : "4611686018428470393"
    }, {
      "d" : "1756450355383713504",
      "t" : 1756450355383,
      "tn" : 1756450355383713504,
      "q" : "1.1",
      "p" : "1.1854",
      "s" : "sell",
      "i" : "VIRTUAL_USD",
      "m" : "4611686018428470392"
    }, {
      "d" : "1756450012917802261",
      "t" : 1756450012917,
      "tn" : 1756450012917802261,
      "q" : "1.1",
      "p" : "1.1812",
      "s" : "buy",
      "i" : "VIRTUAL_USD",
      "m" : "4611686018428470391"
    }, {
      "d" : "1756449756784553773",
      "t" : 1756449756784,
      "tn" : 1756449756784553773,
      "q" : "1.1",
      "p" : "1.1788",
      "s" : "buy",
      "i" : "VIRTUAL_USD",
      "m" : "4611686018428470390"
    }, {
      "d" : "1756449735220568979",
      "t" : 1756449735220,
      "tn" : 1756449735220568979,
      "q" : "1.1",
      "p" : "1.1775",
      "s" : "buy",
      "i" : "VIRTUAL_USD",
      "m" : "4611686018428470389"
    }, {
      "d" : "1756449602071999322",
      "t" : 1756449602071,
      "tn" : 1756449602071999322,
      "q" : "13.6",
      "p" : "1.1797",
      "s" : "sell",
      "i" : "VIRTUAL_USD",
      "m" : "4611686018428470388"
    }, {
      "d" : "1756449546669941158",
      "t" : 1756449546669,
      "tn" : 1756449546669941158,
      "q" : "33.0",
      "p" : "1.1814",
      "s" : "sell",
      "i" : "VIRTUAL_USD",
      "m" : "4611686018428470387"
    }, {
      "d" : "1756449236114938286",
      "t" : 1756449236114,
      "tn" : 1756449236114938286,
      "q" : "1.1",
      "p" : "1.1828",
      "s" : "sell",
      "i" : "VIRTUAL_USD",
      "m" : "4611686018428470386"
    }, {
      "d" : "1756449228733141510",
      "t" : 1756449228733,
      "tn" : 1756449228733141510,
      "q" : "1.1",
      "p" : "1.1830",
      "s" : "sell",
      "i" : "VIRTUAL_USD",
      "m" : "4611686018428470385"
    }, {
      "d" : "1756448138335169635",
      "t" : 1756448138335,
      "tn" : 1756448138335169635,
      "q" : "32.8",
      "p" : "1.1875",
      "s" : "sell",
      "i" : "VIRTUAL_USD",
      "m" : "4611686018428470384"
    }, {
      "d" : "1756448118877522872",
      "t" : 1756448118877,
      "tn" : 1756448118877522872,
      "q" : "4.2",
      "p" : "1.1880",
      "s" : "sell",
      "i" : "VIRTUAL_USD",
      "m" : "4611686018428470383"
    }, {
      "d" : "1756447345060029052",
      "t" : 1756447345060,
      "tn" : 1756447345060029052,
      "q" : "1.1",
      "p" : "1.1943",
      "s" : "buy",
      "i" : "VIRTUAL_USD",
      "m" : "4611686018428470382"
    }, {
      "d" : "1756446684817832018",
      "t" : 1756446684817,
      "tn" : 1756446684817832018,
      "q" : "1.1",
      "p" : "1.1943",
      "s" : "sell",
      "i" : "VIRTUAL_USD",
      "m" : "4611686018428470381"
    }, {
      "d" : "1756445958635363256",
      "t" : 1756445958635,
      "tn" : 1756445958635363256,
      "q" : "1.1",
      "p" : "1.1928",
      "s" : "sell",
      "i" : "VIRTUAL_USD",
      "m" : "4611686018428470380"
    }, {
      "d" : "1756444754995467225",
      "t" : 1756444754995,
      "tn" : 1756444754995467225,
      "q" : "1.1",
      "p" : "1.1935",
      "s" : "buy",
      "i" : "VIRTUAL_USD",
      "m" : "4611686018428470379"
    }, {
      "d" : "1756444659085455338",
      "t" : 1756444659085,
      "tn" : 1756444659085455338,
      "q" : "32.7",
      "p" : "1.1915",
      "s" : "sell",
      "i" : "VIRTUAL_USD",
      "m" : "4611686018428470378"
    }, {
      "d" : "1756444185237568882",
      "t" : 1756444185237,
      "tn" : 1756444185237568882,
      "q" : "1.1",
      "p" : "1.1979",
      "s" : "sell",
      "i" : "VIRTUAL_USD",
      "m" : "4611686018428470377"
    }, {
      "d" : "1756443143800305529",
      "t" : 1756443143800,
      "tn" : 1756443143800305529,
      "q" : "1.1",
      "p" : "1.1995",
      "s" : "sell",
      "i" : "VIRTUAL_USD",
      "m" : "4611686018428470376"
    }, {
      "d" : "1756443131222293792",
      "t" : 1756443131222,
      "tn" : 1756443131222293792,
      "q" : "1.1",
      "p" : "1.2009",
      "s" : "buy",
      "i" : "VIRTUAL_USD",
      "m" : "4611686018428470375"
    }, {
      "d" : "1756442645919427658",
      "t" : 1756442645919,
      "tn" : 1756442645919427658,
      "q" : "1.1",
      "p" : "1.2013",
      "s" : "buy",
      "i" : "VIRTUAL_USD",
      "m" : "4611686018428470374"
    }, {
      "d" : "1756442447314043781",
      "t" : 1756442447314,
      "tn" : 1756442447314043781,
      "q" : "46.3",
      "p" : "1.2000",
      "s" : "buy",
      "i" : "VIRTUAL_USD",
      "m" : "4611686018428470373"
    }, {
      "d" : "1756441921913310028",
      "t" : 1756441921913,
      "tn" : 1756441921913310028,
      "q" : "1.1",
      "p" : "1.1992",
      "s" : "buy",
      "i" : "VIRTUAL_USD",
      "m" : "4611686018428470372"
    }, {
      "d" : "1756441888721959350",
      "t" : 1756441888721,
      "tn" : 1756441888721959350,
      "q" : "1.1",
      "p" : "1.1989",
      "s" : "buy",
      "i" : "VIRTUAL_USD",
      "m" : "4611686018428470371"
    }, {
      "d" : "1756441685286690965",
      "t" : 1756441685286,
      "tn" : 1756441685286690965,
      "q" : "32.6",
      "p" : "1.2005",
      "s" : "buy",
      "i" : "VIRTUAL_USD",
      "m" : "4611686018428470370"
    }, {
      "d" : "1756440889474678681",
      "t" : 1756440889474,
      "tn" : 1756440889474678681,
      "q" : "1.1",
      "p" : "1.1916",
      "s" : "sell",
      "i" : "VIRTUAL_USD",
      "m" : "4611686018428470369"
    }, {
      "d" : "1756440486466176098",
      "t" : 1756440486466,
      "tn" : 1756440486466176098,
      "q" : "32.6",
      "p" : "1.1934",
      "s" : "sell",
      "i" : "VIRTUAL_USD",
      "m" : "4611686018428470368"
    }, {
      "d" : "1756440229892740985",
      "t" : 1756440229892,
      "tn" : 1756440229892740985,
      "q" : "81.9",
      "p" : "1.1995",
      "s" : "sell",
      "i" : "VIRTUAL_USD",
      "m" : "4611686018428470367"
    }, {
      "d" : "1756440229892738602",
      "t" : 1756440229892,
      "tn" : 1756440229892738602,
      "q" : "1.1",
      "p" : "1.1998",
      "s" : "sell",
      "i" : "VIRTUAL_USD",
      "m" : "4611686018428470366"
    }, {
      "d" : "1756439653790439890",
      "t" : 1756439653790,
      "tn" : 1756439653790439890,
      "q" : "1.1",
      "p" : "1.2015",
      "s" : "sell",
      "i" : "VIRTUAL_USD",
      "m" : "4611686018428470365"
    }, {
      "d" : "1756439618785970767",
      "t" : 1756439618785,
      "tn" : 1756439618785970767,
      "q" : "35.7",
      "p" : "1.2005",
      "s" : "sell",
      "i" : "VIRTUAL_USD",
      "m" : "4611686018428470364"
    }, {
      "d" : "1756439618785969146",
      "t" : 1756439618785,
      "tn" : 1756439618785969146,
      "q" : "46.2",
      "p" : "1.2006",
      "s" : "sell",
      "i" : "VIRTUAL_USD",
      "m" : "4611686018428470363"
    }, {
      "d" : "1756439618785965611",
      "t" : 1756439618785,
      "tn" : 1756439618785965611,
      "q" : "1.1",
      "p" : "1.2007",
      "s" : "sell",
      "i" : "VIRTUAL_USD",
      "m" : "4611686018428470362"
    }, {
      "d" : "1756439607255944002",
      "t" : 1756439607255,
      "tn" : 1756439607255944002,
      "q" : "32.6",
      "p" : "1.2005",
      "s" : "buy",
      "i" : "VIRTUAL_USD",
      "m" : "4611686018428470361"
    }, {
      "d" : "1756437926281404142",
      "t" : 1756437926281,
      "tn" : 1756437926281404142,
      "q" : "1.1",
      "p" : "1.1934",
      "s" : "buy",
      "i" : "VIRTUAL_USD",
      "m" : "4611686018428470360"
    }, {
      "d" : "1756437926024258424",
      "t" : 1756437926024,
      "tn" : 1756437926024258424,
      "q" : "1.1",
      "p" : "1.1932",
      "s" : "buy",
      "i" : "VIRTUAL_USD",
      "m" : "4611686018428470359"
    }, {
      "d" : "1756437321888984916",
      "t" : 1756437321888,
      "tn" : 1756437321888984916,
      "q" : "1.1",
      "p" : "1.1912",
      "s" : "buy",
      "i" : "VIRTUAL_USD",
      "m" : "4611686018428470358"
    }, {
      "d" : "1756437300523010535",
      "t" : 1756437300523,
      "tn" : 1756437300523010535,
      "q" : "1.1",
      "p" : "1.1898",
      "s" : "sell",
      "i" : "VIRTUAL_USD",
      "m" : "4611686018428470357"
    }, {
      "d" : "1756436894581598330",
      "t" : 1756436894581,
      "tn" : 1756436894581598330,
      "q" : "1.1",
      "p" : "1.1917",
      "s" : "buy",
      "i" : "VIRTUAL_USD",
      "m" : "4611686018428470356"
    }, {
      "d" : "1756436415694140291",
      "t" : 1756436415694,
      "tn" : 1756436415694140291,
      "q" : "32.6",
      "p" : "1.1941",
      "s" : "sell",
      "i" : "VIRTUAL_USD",
      "m" : "4611686018428470355"
    }, {
      "d" : "1756436071213479493",
      "t" : 1756436071213,
      "tn" : 1756436071213479493,
      "q" : "1.1",
      "p" : "1.1943",
      "s" : "buy",
      "i" : "VIRTUAL_USD",
      "m" : "4611686018428470354"
    }, {
      "d" : "1756436042318812707",
      "t" : 1756436042318,
      "tn" : 1756436042318812706,
      "q" : "46.5",
      "p" : "1.1952",
      "s" : "sell",
      "i" : "VIRTUAL_USD",
      "m" : "4611686018428470353"
    }, {
      "d" : "1756436042318812706",
      "t" : 1756436042318,
      "tn" : 1756436042318812706,
      "q" : "1.1",
      "p" : "1.1952",
      "s" : "sell",
      "i" : "VIRTUAL_USD",
      "m" : "4611686018428470353"
    }, {
      "d" : "1756434777398306393",
      "t" : 1756434777398,
      "tn" : 1756434777398306393,
      "q" : "1.1",
      "p" : "1.1958",
      "s" : "sell",
      "i" : "VIRTUAL_USD",
      "m" : "4611686018428470352"
    }, {
      "d" : "1756434723710759029",
      "t" : 1756434723710,
      "tn" : 1756434723710759029,
      "q" : "1.1",
      "p" : "1.1977",
      "s" : "buy",
      "i" : "VIRTUAL_USD",
      "m" : "4611686018428470351"
    }, {
      "d" : "1756434356233301544",
      "t" : 1756434356233,
      "tn" : 1756434356233301544,
      "q" : "81.9",
      "p" : "1.2013",
      "s" : "sell",
      "i" : "VIRTUAL_USD",
      "m" : "4611686018428470350"
    }, {
      "d" : "1756434356233299565",
      "t" : 1756434356233,
      "tn" : 1756434356233299565,
      "q" : "1.1",
      "p" : "1.2015",
      "s" : "sell",
      "i" : "VIRTUAL_USD",
      "m" : "4611686018428470349"
    }, {
      "d" : "1756434304580334852",
      "t" : 1756434304580,
      "tn" : 1756434304580334852,
      "q" : "1.1",
      "p" : "1.2018",
      "s" : "buy",
      "i" : "VIRTUAL_USD",
      "m" : "4611686018428470348"
    }, {
      "d" : "1756434273200644226",
      "t" : 1756434273200,
      "tn" : 1756434273200644226,
      "q" : "1.1",
      "p" : "1.2057",
      "s" : "buy",
      "i" : "VIRTUAL_USD",
      "m" : "4611686018428470347"
    }, {
      "d" : "1756434221040685895",
      "t" : 1756434221040,
      "tn" : 1756434221040685895,
      "q" : "80.9",
      "p" : "1.2035",
      "s" : "sell",
      "i" : "VIRTUAL_USD",
      "m" : "4611686018428470346"
    }, {
      "d" : "1756434221040683810",
      "t" : 1756434221040,
      "tn" : 1756434221040683810,
      "q" : "1.1",
      "p" : "1.2038",
      "s" : "sell",
      "i" : "VIRTUAL_USD",
      "m" : "4611686018428470345"
    }, {
      "d" : "1756433703710072994",
      "t" : 1756433703710,
      "tn" : 1756433703710072994,
      "q" : "1.1",
      "p" : "1.2005",
      "s" : "buy",
      "i" : "VIRTUAL_USD",
      "m" : "4611686018428470344"
    }, {
      "d" : "1756433661595053234",
      "t" : 1756433661595,
      "tn" : 1756433661595053234,
      "q" : "1.1",
      "p" : "1.2026",
      "s" : "buy",
      "i" : "VIRTUAL_USD",
      "m" : "4611686018428470343"
    }, {
      "d" : "1756433649994013714",
      "t" : 1756433649994,
      "tn" : 1756433649994013714,
      "q" : "32.7",
      "p" : "1.2005",
      "s" : "buy",
      "i" : "VIRTUAL_USD",
      "m" : "4611686018428470342"
    }, {
      "d" : "1756433607134487173",
      "t" : 1756433607134,
      "tn" : 1756433607134487173,
      "q" : "1.1",
      "p" : "1.1985",
      "s" : "buy",
      "i" : "VIRTUAL_USD",
      "m" : "4611686018428470341"
    }, {
      "d" : "1756433295454186784",
      "t" : 1756433295454,
      "tn" : 1756433295454186784,
      "q" : "32.8",
      "p" : "1.1951",
      "s" : "sell",
      "i" : "VIRTUAL_USD",
      "m" : "4611686018428470340"
    }, {
      "d" : "1756433227197861090",
      "t" : 1756433227197,
      "tn" : 1756433227197861090,
      "q" : "32.8",
      "p" : "1.1941",
      "s" : "buy",
      "i" : "VIRTUAL_USD",
      "m" : "4611686018428470339"
    }, {
      "d" : "1756432468367736709",
      "t" : 1756432468367,
      "tn" : 1756432468367736709,
      "q" : "1.1",
      "p" : "1.1875",
      "s" : "buy",
      "i" : "VIRTUAL_USD",
      "m" : "4611686018428470338"
    }, {
      "d" : "1756432208911723454",
      "t" : 1756432208911,
      "tn" : 1756432208911723454,
      "q" : "1.1",
      "p" : "1.1864",
      "s" : "sell",
      "i" : "VIRTUAL_USD",
      "m" : "4611686018428470337"
    }, {
      "d" : "1756432145153278238",
      "t" : 1756432145153,
      "tn" : 1756432145153278238,
      "q" : "1.1",
      "p" : "1.1855",
      "s" : "sell",
      "i" : "VIRTUAL_USD",
      "m" : "4611686018428470336"
    }, {
      "d" : "1756432001570894976",
      "t" : 1756432001570,
      "tn" : 1756432001570894976,
      "q" : "1.1",
      "p" : "1.1876",
      "s" : "sell",
      "i" : "VIRTUAL_USD",
      "m" : "4611686018428470335"
    }, {
      "d" : "1756431919175276747",
      "t" : 1756431919175,
      "tn" : 1756431919175276747,
      "q" : "1.1",
      "p" : "1.1915",
      "s" : "buy",
      "i" : "VIRTUAL_USD",
      "m" : "4611686018428470334"
    }, {
      "d" : "1756431754168291745",
      "t" : 1756431754168,
      "tn" : 1756431754168291745,
      "q" : "41.7",
      "p" : "1.1931",
      "s" : "buy",
      "i" : "VIRTUAL_USD",
      "m" : "4611686018428470333"
    }, {
      "d" : "1756431754163102510",
      "t" : 1756431754163,
      "tn" : 1756431754163102510,
      "q" : "48.2",
      "p" : "1.1931",
      "s" : "buy",
      "i" : "VIRTUAL_USD",
      "m" : "4611686018428470332"
    }, {
      "d" : "1756431754163062894",
      "t" : 1756431754163,
      "tn" : 1756431754163062894,
      "q" : "1.1",
      "p" : "1.1925",
      "s" : "buy",
      "i" : "VIRTUAL_USD",
      "m" : "4611686018428470331"
    }, {
      "d" : "1756431681891099660",
      "t" : 1756431681891,
      "tn" : 1756431681891099660,
      "q" : "1.1",
      "p" : "1.1904",
      "s" : "buy",
      "i" : "VIRTUAL_USD",
      "m" : "4611686018428470330"
    }, {
      "d" : "1756431573998441183",
      "t" : 1756431573998,
      "tn" : 1756431573998441183,
      "q" : "1.1",
      "p" : "1.1892",
      "s" : "buy",
      "i" : "VIRTUAL_USD",
      "m" : "4611686018428470329"
    }, {
      "d" : "1756431570670999923",
      "t" : 1756431570670,
      "tn" : 1756431570670999923,
      "q" : "33.0",
      "p" : "1.1877",
      "s" : "buy",
      "i" : "VIRTUAL_USD",
      "m" : "4611686018428470328"
    }, {
      "d" : "1756431569875819146",
      "t" : 1756431569875,
      "tn" : 1756431569875819146,
      "q" : "1.1",
      "p" : "1.1846",
      "s" : "buy",
      "i" : "VIRTUAL_USD",
      "m" : "4611686018428470327"
    } ]
  }
}