{
  "id" : -1,
  "method" : "public/get-trades",
  "code" : 0,
  "result" : {
    "data" : [ {
      "d" : "1756462829280199780",
      "t" : 1756462829280,
      "tn" : 1756462829280199780,
      "q" : "172",
      "p" : "0.03006",
      "s" : "sell",
      "i" : "VNO_USD",
      "m" : "4611686018429492764"
    }, {
      "d" : "1756462710977898575",
      "t" : 1756462710977,
      "tn" : 1756462710977898575,
      "q" : "1561",
      "p" : "0.03016",
      "s" : "buy",
      "i" : "VNO_USD",
      "m" : "4611686018429492763"
    }, {
      "d" : "1756462672022974486",
      "t" : 1756462672022,
      "tn" : 1756462672022974486,
      "q" : "235",
      "p" : "0.03006",
      "s" : "sell",
      "i" : "VNO_USD",
      "m" : "4611686018429492762"
    }, {
      "d" : "1756462557752614796",
      "t" : 1756462557752,
      "tn" : 1756462557752614796,
      "q" : "1000",
      "p" : "0.03006",
      "s" : "sell",
      "i" : "VNO_USD",
      "m" : "4611686018429492761"
    }, {
      "d" : "1756462538852797115",
      "t" : 1756462538852,
      "tn" : 1756462538852797115,
      "q" : "280",
      "p" : "0.03006",
      "s" : "sell",
      "i" : "VNO_USD",
      "m" : "4611686018429492760"
    }, {
      "d" : "1756462449843433296",
      "t" : 1756462449843,
      "tn" : 1756462449843433296,
      "q" : "862",
      "p" : "0.02998",
      "s" : "buy",
      "i" : "VNO_USD",
      "m" : "4611686018429492759"
    }, {
      "d" : "1756462234089392672",
      "t" : 1756462234089,
      "tn" : 1756462234089392672,
      "q" : "15511",
      "p" : "0.02981",
      "s" : "sell",
      "i" : "VNO_USD",
      "m" : "4611686018429492758"
    }, {
      "d" : "1756462233781643206",
      "t" : 1756462233781,
      "tn" : 1756462233781643206,
      "q" : "9836",
      "p" : "0.02985",
      "s" : "sell",
      "i" : "VNO_USD",
      "m" : "4611686018429492757"
    }, {
      "d" : "1756462183980583461",
      "t" : 1756462183980,
      "tn" : 1756462183980583461,
      "q" : "296",
      "p" : "0.02985",
      "s" : "sell",
      "i" : "VNO_USD",
      "m" : "4611686018429492756"
    }, {
      "d" : "1756462086341917630",
      "t" : 1756462086341,
      "tn" : 1756462086341917630,
      "q" : "114",
      "p" : "0.02964",
      "s" : "buy",
      "i" : "VNO_USD",
      "m" : "4611686018429492755"
    }, {
      "d" : "1756462084827998979",
      "t" : 1756462084827,
      "tn" : 1756462084827998979,
      "q" : "20242",
      "p" : "0.02964",
      "s" : "buy",
      "i" : "VNO_USD",
      "m" : "4611686018429492754"
    }, {
      "d" : "1756461986062320476",
      "t" : 1756461986062,
      "tn" : 1756461986062320476,
      "q" : "132",
      "p" : "0.02963",
      "s" : "sell",
      "i" : "VNO_USD",
      "m" : "4611686018429492753"
    }, {
      "d" : "1756461977805143059",
      "t" : 1756461977805,
      "tn" : 1756461977805143059,
      "q" : "138",
      "p" : "0.02964",
      "s" : "buy",
      "i" : "VNO_USD",
      "m" : "4611686018429492752"
    }, {
      "d" : "1756461958613296278",
      "t" : 1756461958613,
      "tn" : 1756461958613296278,
      "q" : "20242",
      "p" : "0.02964",
      "s" : "buy",
      "i" : "VNO_USD",
      "m" : "4611686018429492751"
    }, {
      "d" : "1756461890935727368",
      "t" : 1756461890935,
      "tn" : 1756461890935727368,
      "q" : "673",
      "p" : "0.02963",
      "s" : "sell",
      "i" : "VNO_USD",
      "m" : "4611686018429492750"
    }, {
      "d" : "1756461800185073263",
      "t" : 1756461800185,
      "tn" : 1756461800185073263,
      "q" : "153",
      "p" : "0.02959",
      "s" : "sell",
      "i" : "VNO_USD",
      "m" : "4611686018429492749"
    }, {
      "d" : "1756461749988176664",
      "t" : 1756461749988,
      "tn" : 1756461749988176664,
      "q" : "2000",
      "p" : "0.02959",
      "s" : "sell",
      "i" : "VNO_USD",
      "m" : "4611686018429492748"
    }, {
      "d" : "1756461741857371293",
      "t" : 1756461741857,
      "tn" : 1756461741857371293,
      "q" : "575",
      "p" : "0.02964",
      "s" : "buy",
      "i" : "VNO_USD",
      "m" : "4611686018429492747"
    }, {
      "d" : "1756461472728501457",
      "t" : 1756461472728,
      "tn" : 1756461472728501457,
      "q" : "721",
      "p" : "0.02964",
      "s" : "buy",
      "i" : "VNO_USD",
      "m" : "4611686018429492746"
    }, {
      "d" : "1756461071620809047",
      "t" : 1756461071620,
      "tn" : 1756461071620809047,
      "q" : "1324",
      "p" : "0.02960",
      "s" : "sell",
      "i" : "VNO_USD",
      "m" : "4611686018429492745"
    }, {
      "d" : "1756461067003321621",
      "t" : 1756461067003,
      "tn" : 1756461067003321621,
      "q" : "1283",
      "p" : "0.02960",
      "s" : "sell",
      "i" : "VNO_USD",
      "m" : "4611686018429492744"
    }, {
      "d" : "1756460996786134664",
      "t" : 1756460996786,
      "tn" : 1756460996786134663,
      "q" : "32310",
      "p" : "0.02964",
      "s" : "sell",
      "i" : "VNO_USD",
      "m" : "4611686018429492743"
    }, {
      "d" : "1756460996786134663",
      "t" : 1756460996786,
      "tn" : 1756460996786134663,
      "q" : "10132",
      "p" : "0.02964",
      "s" : "sell",
      "i" : "VNO_USD",
      "m" : "4611686018429492743"
    }, {
      "d" : "1756460920087544966",
      "t" : 1756460920087,
      "tn" : 1756460920087544966,
      "q" : "364",
      "p" : "0.02965",
      "s" : "sell",
      "i" : "VNO_USD",
      "m" : "4611686018429492742"
    }, {
      "d" : "1756460871732285331",
      "t" : 1756460871732,
      "tn" : 1756460871732285331,
      "q" : "1314",
      "p" : "0.02965",
      "s" : "sell",
      "i" : "VNO_USD",
      "m" : "4611686018429492741"
    }, {
      "d" : "1756460752917027585",
      "t" : 1756460752917,
      "tn" : 1756460752917027585,
      "q" : "3499",
      "p" : "0.02966",
      "s" : "sell",
      "i" : "VNO_USD",
      "m" : "4611686018429492740"
    }, {
      "d" : "1756460752739788613",
      "t" : 1756460752739,
      "tn" : 1756460752739788613,
      "q" : "10132",
      "p" : "0.02967",
      "s" : "sell",
      "i" : "VNO_USD",
      "m" : "4611686018429492739"
    }, {
      "d" : "1756460738802017601",
      "t" : 1756460738802,
      "tn" : 1756460738802017601,
      "q" : "1688",
      "p" : "0.02976",
      "s" : "buy",
      "i" : "VNO_USD",
      "m" : "4611686018429492738"
    }, {
      "d" : "1756460695526190101",
      "t" : 1756460695526,
      "tn" : 1756460695526190101,
      "q" : "172",
      "p" : "0.02976",
      "s" : "buy",
      "i" : "VNO_USD",
      "m" : "4611686018429492737"
    }, {
      "d" : "1756460621940387157",
      "t" : 1756460621940,
      "tn" : 1756460621940387157,
      "q" : "273",
      "p" : "0.02976",
      "s" : "buy",
      "i" : "VNO_USD",
      "m" : "4611686018429492736"
    }, {
      "d" : "1756460564413044823",
      "t" : 1756460564413,
      "tn" : 1756460564413044823,
      "q" : "1608",
      "p" : "0.02967",
      "s" : "sell",
      "i" : "VNO_USD",
      "m" : "4611686018429492735"
    }, {
      "d" : "1756460471339530861",
      "t" : 1756460471339,
      "tn" : 1756460471339530861,
      "q" : "1196",
      "p" : "0.02967",
      "s" : "sell",
      "i" : "VNO_USD",
      "m" : "4611686018429492734"
    }, {
      "d" : "1756460347028614409",
      "t" : 1756460347028,
      "tn" : 1756460347028614409,
      "q" : "158",
      "p" : "0.02976",
      "s" : "buy",
      "i" : "VNO_USD",
      "m" : "4611686018429492733"
    }, {
      "d" : "1756460262897118596",
      "t" : 1756460262897,
      "tn" : 1756460262897118596,
      "q" : "2773",
      "p" : "0.02968",
      "s" : "sell",
      "i" : "VNO_USD",
      "m" : "4611686018429492732"
    }, {
      "d" : "1756460259421057688",
      "t" : 1756460259421,
      "tn" : 1756460259421057688,
      "q" : "192",
      "p" : "0.02968",
      "s" : "sell",
      "i" : "VNO_USD",
      "m" : "4611686018429492731"
    }, {
      "d" : "1756460239844579434",
      "t" : 1756460239844,
      "tn" : 1756460239844579434,
      "q" : "182",
      "p" : "0.02976",
      "s" : "buy",
      "i" : "VNO_USD",
      "m" : "4611686018429492730"
    }, {
      "d" : "1756460074644608025",
      "t" : 1756460074644,
      "tn" : 1756460074644608025,
      "q" : "499",
      "p" : "0.02968",
      "s" : "sell",
      "i" : "VNO_USD",
      "m" : "4611686018429492729"
    }, {
      "d" : "1756460025418827583",
      "t" : 1756460025418,
      "tn" : 1756460025418827583,
      "q" : "420",
      "p" : "0.02976",
      "s" : "buy",
      "i" : "VNO_USD",
      "m" : "4611686018429492728"
    }, {
      "d" : "1756459952464074526",
      "t" : 1756459952464,
      "tn" : 1756459952464074526,
      "q" : "267",
      "p" : "0.02968",
      "s" : "sell",
      "i" : "VNO_USD",
      "m" : "4611686018429492727"
    }, {
      "d" : "1756459567181223114",
      "t" : 1756459567181,
      "tn" : 1756459567181223114,
      "q" : "383",
      "p" : "0.02945",
      "s" : "buy",
      "i" : "VNO_USD",
      "m" : "4611686018429492726"
    }, {
      "d" : "1756459557279219756",
      "t" : 1756459557279,
      "tn" : 1756459557279219756,
      "q" : "267",
      "p" : "0.02937",
      "s" : "sell",
      "i" : "VNO_USD",
      "m" : "4611686018429492725"
    }, {
      "d" : "1756459512852226750",
      "t" : 1756459512852,
      "tn" : 1756459512852226750,
      "q" : "6318",
      "p" : "0.02934",
      "s" : "sell",
      "i" : "VNO_USD",
      "m" : "4611686018429492724"
    }, {
      "d" : "1756459472391749688",
      "t" : 1756459472391,
      "tn" : 1756459472391749688,
      "q" : "436",
      "p" : "0.02926",
      "s" : "sell",
      "i" : "VNO_USD",
      "m" : "4611686018429492723"
    }, {
      "d" : "1756459454117903166",
      "t" : 1756459454117,
      "tn" : 1756459454117903166,
      "q" : "4057",
      "p" : "0.02926",
      "s" : "sell",
      "i" : "VNO_USD",
      "m" : "4611686018429492722"
    }, {
      "d" : "1756459256459682267",
      "t" : 1756459256459,
      "tn" : 1756459256459682267,
      "q" : "21464",
      "p" : "0.02938",
      "s" : "buy",
      "i" : "VNO_USD",
      "m" : "4611686018429492721"
    }, {
      "d" : "1756459250637515107",
      "t" : 1756459250637,
      "tn" : 1756459250637515107,
      "q" : "177",
      "p" : "0.02943",
      "s" : "buy",
      "i" : "VNO_USD",
      "m" : "4611686018429492720"
    }, {
      "d" : "1756459211936618422",
      "t" : 1756459211936,
      "tn" : 1756459211936618422,
      "q" : "1670",
      "p" : "0.02943",
      "s" : "buy",
      "i" : "VNO_USD",
      "m" : "4611686018429492719"
    }, {
      "d" : "1756459209283927460",
      "t" : 1756459209283,
      "tn" : 1756459209283927460,
      "q" : "138",
      "p" : "0.02933",
      "s" : "sell",
      "i" : "VNO_USD",
      "m" : "4611686018429492718"
    }, {
      "d" : "1756459170577853383",
      "t" : 1756459170577,
      "tn" : 1756459170577853383,
      "q" : "1573",
      "p" : "0.02938",
      "s" : "buy",
      "i" : "VNO_USD",
      "m" : "4611686018429492717"
    }, {
      "d" : "1756459156282432566",
      "t" : 1756459156282,
      "tn" : 1756459156282432566,
      "q" : "5646",
      "p" : "0.02931",
      "s" : "sell",
      "i" : "VNO_USD",
      "m" : "4611686018429492716"
    }, {
      "d" : "1756459156109438121",
      "t" : 1756459156109,
      "tn" : 1756459156109438121,
      "q" : "10132",
      "p" : "0.02932",
      "s" : "sell",
      "i" : "VNO_USD",
      "m" : "4611686018429492715"
    }, {
      "d" : "1756459141568682889",
      "t" : 1756459141568,
      "tn" : 1756459141568682889,
      "q" : "3123",
      "p" : "0.02933",
      "s" : "sell",
      "i" : "VNO_USD",
      "m" : "4611686018429492714"
    }, {
      "d" : "1756459104679448831",
      "t" : 1756459104679,
      "tn" : 1756459104679448831,
      "q" : "286",
      "p" : "0.02933",
      "s" : "sell",
      "i" : "VNO_USD",
      "m" : "4611686018429492713"
    }, {
      "d" : "1756459016520772816",
      "t" : 1756459016520,
      "tn" : 1756459016520772816,
      "q" : "109",
      "p" : "0.02933",
      "s" : "sell",
      "i" : "VNO_USD",
      "m" : "4611686018429492712"
    }, {
      "d" : "1756459002898074713",
      "t" : 1756459002898,
      "tn" : 1756459002898074713,
      "q" : "1434",
      "p" : "0.02933",
      "s" : "sell",
      "i" : "VNO_USD",
      "m" : "4611686018429492711"
    }, {
      "d" : "1756458999594073069",
      "t" : 1756458999594,
      "tn" : 1756458999594073069,
      "q" : "1444",
      "p" : "0.02934",
      "s" : "sell",
      "i" : "VNO_USD",
      "m" : "4611686018429492710"
    }, {
      "d" : "1756458848659041109",
      "t" : 1756458848659,
      "tn" : 1756458848659041109,
      "q" : "121",
      "p" : "0.02928",
      "s" : "sell",
      "i" : "VNO_USD",
      "m" : "4611686018429492709"
    }, {
      "d" : "1756458825434436785",
      "t" : 1756458825434,
      "tn" : 1756458825434436785,
      "q" : "553",
      "p" : "0.02928",
      "s" : "sell",
      "i" : "VNO_USD",
      "m" : "4611686018429492708"
    }, {
      "d" : "1756458817074625312",
      "t" : 1756458817074,
      "tn" : 1756458817074625312,
      "q" : "261",
      "p" : "0.02928",
      "s" : "sell",
      "i" : "VNO_USD",
      "m" : "4611686018429492707"
    }, {
      "d" : "1756458723851598178",
      "t" : 1756458723851,
      "tn" : 1756458723851598178,
      "q" : "113",
      "p" : "0.02928",
      "s" : "sell",
      "i" : "VNO_USD",
      "m" : "4611686018429492706"
    }, {
      "d" : "1756458566472057130",
      "t" : 1756458566472,
      "tn" : 1756458566472057130,
      "q" : "348",
      "p" : "0.02936",
      "s" : "buy",
      "i" : "VNO_USD",
      "m" : "4611686018429492705"
    }, {
      "d" : "1756458519089278999",
      "t" : 1756458519089,
      "tn" : 1756458519089278999,
      "q" : "1602",
      "p" : "0.02926",
      "s" : "sell",
      "i" : "VNO_USD",
      "m" : "4611686018429492704"
    }, {
      "d" : "1756458368354027802",
      "t" : 1756458368354,
      "tn" : 1756458368354027802,
      "q" : "1670",
      "p" : "0.02936",
      "s" : "buy",
      "i" : "VNO_USD",
      "m" : "4611686018429492703"
    }, {
      "d" : "1756458366652520864",
      "t" : 1756458366652,
      "tn" : 1756458366652520864,
      "q" : "1867",
      "p" : "0.02927",
      "s" : "sell",
      "i" : "VNO_USD",
      "m" : "4611686018429492702"
    }, {
      "d" : "1756458231230042835",
      "t" : 1756458231230,
      "tn" : 1756458231230042835,
      "q" : "1590",
      "p" : "0.02936",
      "s" : "sell",
      "i" : "VNO_USD",
      "m" : "4611686018429492701"
    }, {
      "d" : "1756458104279736110",
      "t" : 1756458104279,
      "tn" : 1756458104279736110,
      "q" : "338",
      "p" : "0.02936",
      "s" : "sell",
      "i" : "VNO_USD",
      "m" : "4611686018429492700"
    }, {
      "d" : "1756458018389247322",
      "t" : 1756458018389,
      "tn" : 1756458018389247322,
      "q" : "367",
      "p" : "0.02950",
      "s" : "sell",
      "i" : "VNO_USD",
      "m" : "4611686018429492699"
    }, {
      "d" : "1756458006220106927",
      "t" : 1756458006220,
      "tn" : 1756458006220106927,
      "q" : "915",
      "p" : "0.02950",
      "s" : "sell",
      "i" : "VNO_USD",
      "m" : "4611686018429492698"
    }, {
      "d" : "1756457974059587885",
      "t" : 1756457974059,
      "tn" : 1756457974059587885,
      "q" : "7492",
      "p" : "0.02952",
      "s" : "sell",
      "i" : "VNO_USD",
      "m" : "4611686018429492697"
    }, {
      "d" : "1756457907224304491",
      "t" : 1756457907224,
      "tn" : 1756457907224304491,
      "q" : "196",
      "p" : "0.02967",
      "s" : "sell",
      "i" : "VNO_USD",
      "m" : "4611686018429492696"
    }, {
      "d" : "1756457892002375190",
      "t" : 1756457892002,
      "tn" : 1756457892002375190,
      "q" : "1483",
      "p" : "0.02977",
      "s" : "sell",
      "i" : "VNO_USD",
      "m" : "4611686018429492695"
    }, {
      "d" : "1756457804926078520",
      "t" : 1756457804926,
      "tn" : 1756457804926078520,
      "q" : "128",
      "p" : "0.02977",
      "s" : "sell",
      "i" : "VNO_USD",
      "m" : "4611686018429492694"
    }, {
      "d" : "1756457493249121242",
      "t" : 1756457493249,
      "tn" : 1756457493249121242,
      "q" : "249",
      "p" : "0.02986",
      "s" : "buy",
      "i" : "VNO_USD",
      "m" : "4611686018429492693"
    }, {
      "d" : "1756457385352400340",
      "t" : 1756457385352,
      "tn" : 1756457385352400340,
      "q" : "2968",
      "p" : "0.02977",
      "s" : "sell",
      "i" : "VNO_USD",
      "m" : "4611686018429492692"
    }, {
      "d" : "1756457332928488607",
      "t" : 1756457332928,
      "tn" : 1756457332928488607,
      "q" : "754",
      "p" : "0.02982",
      "s" : "sell",
      "i" : "VNO_USD",
      "m" : "4611686018429492691"
    }, {
      "d" : "1756457168209330662",
      "t" : 1756457168209,
      "tn" : 1756457168209330662,
      "q" : "1376",
      "p" : "0.02982",
      "s" : "sell",
      "i" : "VNO_USD",
      "m" : "4611686018429492690"
    }, {
      "d" : "1756456794661216051",
      "t" : 1756456794661,
      "tn" : 1756456794661216051,
      "q" : "302",
      "p" : "0.02982",
      "s" : "sell",
      "i" : "VNO_USD",
      "m" : "4611686018429492689"
    }, {
      "d" : "1756456756430290563",
      "t" : 1756456756430,
      "tn" : 1756456756430290563,
      "q" : "139",
      "p" : "0.02982",
      "s" : "sell",
      "i" : "VNO_USD",
      "m" : "4611686018429492688"
    }, {
      "d" : "1756456698263844314",
      "t" : 1756456698263,
      "tn" : 1756456698263844314,
      "q" : "658",
      "p" : "0.02982",
      "s" : "sell",
      "i" : "VNO_USD",
      "m" : "4611686018429492687"
    }, {
      "d" : "1756456631977459601",
      "t" : 1756456631977,
      "tn" : 1756456631977459601,
      "q" : "1524",
      "p" : "0.02983",
      "s" : "sell",
      "i" : "VNO_USD",
      "m" : "4611686018429492686"
    }, {
      "d" : "1756456578367558333",
      "t" : 1756456578367,
      "tn" : 1756456578367558333,
      "q" : "262",
      "p" : "0.02983",
      "s" : "sell",
      "i" : "VNO_USD",
      "m" : "4611686018429492685"
    }, {
      "d" : "1756456575062989943",
      "t" : 1756456575062,
      "tn" : 1756456575062989943,
      "q" : "4213",
      "p" : "0.02984",
      "s" : "sell",
      "i" : "VNO_USD",
      "m" : "4611686018429492684"
    }, {
      "d" : "1756456486385335870",
      "t" : 1756456486385,
      "tn" : 1756456486385335870,
      "q" : "2667",
      "p" : "0.02985",
      "s" : "sell",
      "i" : "VNO_USD",
      "m" : "4611686018429492683"
    }, {
      "d" : "1756456361993827649",
      "t" : 1756456361993,
      "tn" : 1756456361993827649,
      "q" : "1232",
      "p" : "0.02985",
      "s" : "sell",
      "i" : "VNO_USD",
      "m" : "4611686018429492682"
    }, {
      "d" : "1756456118958046504",
      "t" : 1756456118958,
      "tn" : 1756456118958046504,
      "q" : "5935",
      "p" : "0.02985",
      "s" : "sell",
      "i" : "VNO_USD",
      "m" : "4611686018429492681"
    }, {
      "d" : "1756456109181701296",
      "t" : 1756456109181,
      "tn" : 1756456109181701296,
      "q" : "134",
      "p" : "0.02985",
      "s" : "sell",
      "i" : "VNO_USD",
      "m" : "4611686018429492680"
    }, {
      "d" : "1756456034357382782",
      "t" : 1756456034357,
      "tn" : 1756456034357382782,
      "q" : "2663",
      "p" : "0.02986",
      "s" : "sell",
      "i" : "VNO_USD",
      "m" : "4611686018429492679"
    }, {
      "d" : "1756456006164563335",
      "t" : 1756456006164,
      "tn" : 1756456006164563335,
      "q" : "1000",
      "p" : "0.02986",
      "s" : "sell",
      "i" : "VNO_USD",
      "m" : "4611686018429492678"
    }, {
      "d" : "1756455918168436711",
      "t" : 1756455918168,
      "tn" : 1756455918168436711,
      "q" : "5000",
      "p" : "0.02988",
      "s" : "sell",
      "i" : "VNO_USD",
      "m" : "4611686018429492677"
    }, {
      "d" : "1756455883649055307",
      "t" : 1756455883649,
      "tn" : 1756455883649055307,
      "q" : "1579",
      "p" : "0.02990",
      "s" : "sell",
      "i" : "VNO_USD",
      "m" : "4611686018429492676"
    }, {
      "d" : "1756455883451696998",
      "t" : 1756455883451,
      "tn" : 1756455883451696998,
      "q" : "7253",
      "p" : "0.03000",
      "s" : "sell",
      "i" : "VNO_USD",
      "m" : "4611686018429492675"
    }, {
      "d" : "1756455869423668133",
      "t" : 1756455869423,
      "tn" : 1756455869423668133,
      "q" : "122",
      "p" : "0.03000",
      "s" : "sell",
      "i" : "VNO_USD",
      "m" : "4611686018429492674"
    }, {
      "d" : "1756455781171094319",
      "t" : 1756455781171,
      "tn" : 1756455781171094319,
      "q" : "249",
      "p" : "0.03000",
      "s" : "sell",
      "i" : "VNO_USD",
      "m" : "4611686018429492673"
    }, {
      "d" : "1756455715971697853",
      "t" : 1756455715971,
      "tn" : 1756455715971697853,
      "q" : "106",
      "p" : "0.03000",
      "s" : "sell",
      "i" : "VNO_USD",
      "m" : "4611686018429492672"
    }, {
      "d" : "1756455676330295011",
      "t" : 1756455676330,
      "tn" : 1756455676330295011,
      "q" : "290",
      "p" : "0.03000",
      "s" : "sell",
      "i" : "VNO_USD",
      "m" : "4611686018429492671"
    }, {
      "d" : "1756455595707839000",
      "t" : 1756455595707,
      "tn" : 1756455595707839000,
      "q" : "486",
      "p" : "0.03001",
      "s" : "buy",
      "i" : "VNO_USD",
      "m" : "4611686018429492670"
    }, {
      "d" : "1756455547870377880",
      "t" : 1756455547870,
      "tn" : 1756455547870377880,
      "q" : "2999",
      "p" : "0.03001",
      "s" : "buy",
      "i" : "VNO_USD",
      "m" : "4611686018429492669"
    }, {
      "d" : "1756455455954905970",
      "t" : 1756455455954,
      "tn" : 1756455455954905970,
      "q" : "1848",
      "p" : "0.03000",
      "s" : "sell",
      "i" : "VNO_USD",
      "m" : "4611686018429492668"
    }, {
      "d" : "1756455453634877721",
      "t" : 1756455453634,
      "tn" : 1756455453634877721,
      "q" : "2999",
      "p" : "0.03001",
      "s" : "buy",
      "i" : "VNO_USD",
      "m" : "4611686018429492667"
    }, {
      "d" : "1756455453624180075",
      "t" : 1756455453624,
      "tn" : 1756455453624180075,
      "q" : "9831",
      "p" : "0.03001",
      "s" : "sell",
      "i" : "VNO_USD",
      "m" : "4611686018429492666"
    }, {
      "d" : "1756455432808844117",
      "t" : 1756455432808,
      "tn" : 1756455432808844117,
      "q" : "301",
      "p" : "0.03001",
      "s" : "sell",
      "i" : "VNO_USD",
      "m" : "4611686018429492665"
    }, {
      "d" : "1756455372975162570",
      "t" : 1756455372975,
      "tn" : 1756455372975162570,
      "q" : "514",
      "p" : "0.03002",
      "s" : "sell",
      "i" : "VNO_USD",
      "m" : "4611686018429492664"
    }, {
      "d" : "1756455369835442078",
      "t" : 1756455369835,
      "tn" : 1756455369835442078,
      "q" : "233",
      "p" : "0.03002",
      "s" : "sell",
      "i" : "VNO_USD",
      "m" : "4611686018429492663"
    }, {
      "d" : "1756455360948840638",
      "t" : 1756455360948,
      "tn" : 1756455360948840638,
      "q" : "1328",
      "p" : "0.03012",
      "s" : "buy",
      "i" : "VNO_USD",
      "m" : "4611686018429492662"
    }, {
      "d" : "1756455360938766901",
      "t" : 1756455360938,
      "tn" : 1756455360938766901,
      "q" : "1328",
      "p" : "0.03013",
      "s" : "buy",
      "i" : "VNO_USD",
      "m" : "4611686018429492661"
    }, {
      "d" : "1756455233912258733",
      "t" : 1756455233912,
      "tn" : 1756455233912258733,
      "q" : "540",
      "p" : "0.03021",
      "s" : "buy",
      "i" : "VNO_USD",
      "m" : "4611686018429492660"
    }, {
      "d" : "1756455194791809381",
      "t" : 1756455194791,
      "tn" : 1756455194791809381,
      "q" : "247",
      "p" : "0.03011",
      "s" : "sell",
      "i" : "VNO_USD",
      "m" : "4611686018429492659"
    }, {
      "d" : "1756455172568036389",
      "t" : 1756455172568,
      "tn" : 1756455172568036389,
      "q" : "1985",
      "p" : "0.03023",
      "s" : "buy",
      "i" : "VNO_USD",
      "m" : "4611686018429492658"
    }, {
      "d" : "1756455172555005509",
      "t" : 1756455172555,
      "tn" : 1756455172555005509,
      "q" : "1323",
      "p" : "0.03024",
      "s" : "buy",
      "i" : "VNO_USD",
      "m" : "4611686018429492657"
    }, {
      "d" : "1756455172545085965",
      "t" : 1756455172545,
      "tn" : 1756455172545085965,
      "q" : "1323",
      "p" : "0.03024",
      "s" : "buy",
      "i" : "VNO_USD",
      "m" : "4611686018429492656"
    }, {
      "d" : "1756455113224813810",
      "t" : 1756455113224,
      "tn" : 1756455113224813810,
      "q" : "2190",
      "p" : "0.03024",
      "s" : "sell",
      "i" : "VNO_USD",
      "m" : "4611686018429492655"
    }, {
      "d" : "1756455101010879718",
      "t" : 1756455101010,
      "tn" : 1756455101010879718,
      "q" : "3987",
      "p" : "0.03026",
      "s" : "sell",
      "i" : "VNO_USD",
      "m" : "4611686018429492654"
    }, {
      "d" : "1756454944364634649",
      "t" : 1756454944364,
      "tn" : 1756454944364634649,
      "q" : "4929",
      "p" : "0.03043",
      "s" : "buy",
      "i" : "VNO_USD",
      "m" : "4611686018429492653"
    }, {
      "d" : "1756454944252206417",
      "t" : 1756454944252,
      "tn" : 1756454944252206417,
      "q" : "123",
      "p" : "0.03046",
      "s" : "buy",
      "i" : "VNO_USD",
      "m" : "4611686018429492652"
    }, {
      "d" : "1756454901460127487",
      "t" : 1756454901460,
      "tn" : 1756454901460127487,
      "q" : "704",
      "p" : "0.03041",
      "s" : "sell",
      "i" : "VNO_USD",
      "m" : "4611686018429492651"
    }, {
      "d" : "1756454850163614232",
      "t" : 1756454850163,
      "tn" : 1756454850163614232,
      "q" : "441",
      "p" : "0.03041",
      "s" : "sell",
      "i" : "VNO_USD",
      "m" : "4611686018429492650"
    }, {
      "d" : "1756454823978302628",
      "t" : 1756454823978,
      "tn" : 1756454823978302628,
      "q" : "1311",
      "p" : "0.03052",
      "s" : "buy",
      "i" : "VNO_USD",
      "m" : "4611686018429492649"
    }, {
      "d" : "1756454749334851330",
      "t" : 1756454749334,
      "tn" : 1756454749334851330,
      "q" : "2201",
      "p" : "0.03046",
      "s" : "sell",
      "i" : "VNO_USD",
      "m" : "4611686018429492648"
    }, {
      "d" : "1756454748617607767",
      "t" : 1756454748617,
      "tn" : 1756454748617607767,
      "q" : "10132",
      "p" : "0.03054",
      "s" : "sell",
      "i" : "VNO_USD",
      "m" : "4611686018429492647"
    }, {
      "d" : "1756454649731761448",
      "t" : 1756454649731,
      "tn" : 1756454649731761448,
      "q" : "367",
      "p" : "0.03063",
      "s" : "buy",
      "i" : "VNO_USD",
      "m" : "4611686018429492646"
    }, {
      "d" : "1756454548082172076",
      "t" : 1756454548082,
      "tn" : 1756454548082172076,
      "q" : "119",
      "p" : "0.03055",
      "s" : "sell",
      "i" : "VNO_USD",
      "m" : "4611686018429492645"
    }, {
      "d" : "1756454539673655600",
      "t" : 1756454539673,
      "tn" : 1756454539673655600,
      "q" : "2937",
      "p" : "0.03064",
      "s" : "buy",
      "i" : "VNO_USD",
      "m" : "4611686018429492644"
    }, {
      "d" : "1756454535357388461",
      "t" : 1756454535357,
      "tn" : 1756454535357388461,
      "q" : "1651",
      "p" : "0.03054",
      "s" : "sell",
      "i" : "VNO_USD",
      "m" : "4611686018429492643"
    }, {
      "d" : "1756454522129322781",
      "t" : 1756454522129,
      "tn" : 1756454522129322781,
      "q" : "320",
      "p" : "0.03054",
      "s" : "sell",
      "i" : "VNO_USD",
      "m" : "4611686018429492642"
    }, {
      "d" : "1756454506851276983",
      "t" : 1756454506851,
      "tn" : 1756454506851276983,
      "q" : "941",
      "p" : "0.03056",
      "s" : "sell",
      "i" : "VNO_USD",
      "m" : "4611686018429492641"
    }, {
      "d" : "1756454503726784222",
      "t" : 1756454503726,
      "tn" : 1756454503726784222,
      "q" : "1011",
      "p" : "0.03056",
      "s" : "sell",
      "i" : "VNO_USD",
      "m" : "4611686018429492640"
    }, {
      "d" : "1756454432664423345",
      "t" : 1756454432664,
      "tn" : 1756454432664423345,
      "q" : "2184",
      "p" : "0.03078",
      "s" : "sell",
      "i" : "VNO_USD",
      "m" : "4611686018429492639"
    }, {
      "d" : "1756454374768765113",
      "t" : 1756454374768,
      "tn" : 1756454374768765113,
      "q" : "3000",
      "p" : "0.03088",
      "s" : "sell",
      "i" : "VNO_USD",
      "m" : "4611686018429492638"
    }, {
      "d" : "1756454352614565514",
      "t" : 1756454352614,
      "tn" : 1756454352614565514,
      "q" : "2869",
      "p" : "0.03091",
      "s" : "sell",
      "i" : "VNO_USD",
      "m" : "4611686018429492637"
    }, {
      "d" : "1756454339936918131",
      "t" : 1756454339936,
      "tn" : 1756454339936918131,
      "q" : "303",
      "p" : "0.03099",
      "s" : "buy",
      "i" : "VNO_USD",
      "m" : "4611686018429492636"
    }, {
      "d" : "1756454297799901258",
      "t" : 1756454297799,
      "tn" : 1756454297799901258,
      "q" : "256",
      "p" : "0.03096",
      "s" : "sell",
      "i" : "VNO_USD",
      "m" : "4611686018429492635"
    }, {
      "d" : "1756454183876758989",
      "t" : 1756454183876,
      "tn" : 1756454183876758989,
      "q" : "441",
      "p" : "0.03096",
      "s" : "sell",
      "i" : "VNO_USD",
      "m" : "4611686018429492634"
    }, {
      "d" : "1756454100175623850",
      "t" : 1756454100175,
      "tn" : 1756454100175623850,
      "q" : "298",
      "p" : "0.03090",
      "s" : "sell",
      "i" : "VNO_USD",
      "m" : "4611686018429492633"
    }, {
      "d" : "1756453958792482596",
      "t" : 1756453958792,
      "tn" : 1756453958792482596,
      "q" : "883",
      "p" : "0.03088",
      "s" : "sell",
      "i" : "VNO_USD",
      "m" : "4611686018429492632"
    }, {
      "d" : "1756453823876525451",
      "t" : 1756453823876,
      "tn" : 1756453823876525451,
      "q" : "134",
      "p" : "0.03070",
      "s" : "sell",
      "i" : "VNO_USD",
      "m" : "4611686018429492631"
    }, {
      "d" : "1756453618231903386",
      "t" : 1756453618231,
      "tn" : 1756453618231903386,
      "q" : "1965",
      "p" : "0.03053",
      "s" : "buy",
      "i" : "VNO_USD",
      "m" : "4611686018429492630"
    }, {
      "d" : "1756453571109140102",
      "t" : 1756453571109,
      "tn" : 1756453571109140102,
      "q" : "1987",
      "p" : "0.03051",
      "s" : "sell",
      "i" : "VNO_USD",
      "m" : "4611686018429492629"
    }, {
      "d" : "1756453533390964945",
      "t" : 1756453533390,
      "tn" : 1756453533390964945,
      "q" : "1965",
      "p" : "0.03053",
      "s" : "buy",
      "i" : "VNO_USD",
      "m" : "4611686018429492628"
    }, {
      "d" : "1756453405095528347",
      "t" : 1756453405095,
      "tn" : 1756453405095528347,
      "q" : "383",
      "p" : "0.03068",
      "s" : "buy",
      "i" : "VNO_USD",
      "m" : "4611686018429492627"
    }, {
      "d" : "1756453355673213098",
      "t" : 1756453355673,
      "tn" : 1756453355673213098,
      "q" : "1017",
      "p" : "0.03066",
      "s" : "sell",
      "i" : "VNO_USD",
      "m" : "4611686018429492626"
    }, {
      "d" : "1756453191850082410",
      "t" : 1756453191850,
      "tn" : 1756453191850082410,
      "q" : "115",
      "p" : "0.03048",
      "s" : "sell",
      "i" : "VNO_USD",
      "m" : "4611686018429492625"
    }, {
      "d" : "1756453190757509253",
      "t" : 1756453190757,
      "tn" : 1756453190757509253,
      "q" : "117",
      "p" : "0.03048",
      "s" : "sell",
      "i" : "VNO_USD",
      "m" : "4611686018429492624"
    }, {
      "d" : "1756453087500406568",
      "t" : 1756453087500,
      "tn" : 1756453087500406568,
      "q" : "324",
      "p" : "0.03048",
      "s" : "sell",
      "i" : "VNO_USD",
      "m" : "4611686018429492623"
    }, {
      "d" : "1756453040670024583",
      "t" : 1756453040670,
      "tn" : 1756453040670024583,
      "q" : "338",
      "p" : "0.03048",
      "s" : "sell",
      "i" : "VNO_USD",
      "m" : "4611686018429492622"
    }, {
      "d" : "1756452853510250696",
      "t" : 1756452853510,
      "tn" : 1756452853510250696,
      "q" : "1321",
      "p" : "0.03029",
      "s" : "buy",
      "i" : "VNO_USD",
      "m" : "4611686018429492621"
    }, {
      "d" : "1756452840493571600",
      "t" : 1756452840493,
      "tn" : 1756452840493571600,
      "q" : "1982",
      "p" : "0.03027",
      "s" : "buy",
      "i" : "VNO_USD",
      "m" : "4611686018429492620"
    }, {
      "d" : "1756452832308859032",
      "t" : 1756452832308,
      "tn" : 1756452832308859032,
      "q" : "1982",
      "p" : "0.03028",
      "s" : "buy",
      "i" : "VNO_USD",
      "m" : "4611686018429492619"
    }, {
      "d" : "1756452828162726570",
      "t" : 1756452828162,
      "tn" : 1756452828162726570,
      "q" : "1982",
      "p" : "0.03028",
      "s" : "buy",
      "i" : "VNO_USD",
      "m" : "4611686018429492618"
    }, {
      "d" : "1756452816463553332",
      "t" : 1756452816463,
      "tn" : 1756452816463553332,
      "q" : "1982",
      "p" : "0.03027",
      "s" : "buy",
      "i" : "VNO_USD",
      "m" : "4611686018429492617"
    }, {
      "d" : "1756452808465496902",
      "t" : 1756452808465,
      "tn" : 1756452808465496902,
      "q" : "1983",
      "p" : "0.03026",
      "s" : "buy",
      "i" : "VNO_USD",
      "m" : "4611686018429492616"
    } ]
  }
}