{
  "id" : -1,
  "method" : "public/get-trades",
  "code" : 0,
  "result" : {
    "data" : [ {
      "d" : "1756460206693526872",
      "t" : 1756460206693,
      "tn" : 1756460206693526872,
      "q" : "420",
      "p" : "0.05548",
      "s" : "buy",
      "i" : "VOXEL_USD",
      "m" : "4611686018430114984"
    }, {
      "d" : "1756455212801824380",
      "t" : 1756455212801,
      "tn" : 1756455212801824380,
      "q" : "235",
      "p" : "0.05639",
      "s" : "sell",
      "i" : "VOXEL_USD",
      "m" : "4611686018430114983"
    }, {
      "d" : "1756451784604466412",
      "t" : 1756451784604,
      "tn" : 1756451784604466412,
      "q" : "73",
      "p" : "0.05697",
      "s" : "buy",
      "i" : "VOXEL_USD",
      "m" : "4611686018430114982"
    }, {
      "d" : "1756451627769109043",
      "t" : 1756451627769,
      "tn" : 1756451627769109043,
      "q" : "167",
      "p" : "0.05707",
      "s" : "buy",
      "i" : "VOXEL_USD",
      "m" : "4611686018430114981"
    }, {
      "d" : "1756451074660437508",
      "t" : 1756451074660,
      "tn" : 1756451074660437508,
      "q" : "381",
      "p" : "0.05769",
      "s" : "buy",
      "i" : "VOXEL_USD",
      "m" : "4611686018430114980"
    }, {
      "d" : "1756443065342987457",
      "t" : 1756443065342,
      "tn" : 1756443065342987457,
      "q" : "437",
      "p" : "0.05854",
      "s" : "sell",
      "i" : "VOXEL_USD",
      "m" : "4611686018430114979"
    }, {
      "d" : "1756441461522745324",
      "t" : 1756441461522,
      "tn" : 1756441461522745324,
      "q" : "34",
      "p" : "0.05878",
      "s" : "buy",
      "i" : "VOXEL_USD",
      "m" : "4611686018430114978"
    }, {
      "d" : "1756440978768165186",
      "t" : 1756440978768,
      "tn" : 1756440978768165186,
      "q" : "18",
      "p" : "0.05854",
      "s" : "sell",
      "i" : "VOXEL_USD",
      "m" : "4611686018430114977"
    }, {
      "d" : "1756433658566953450",
      "t" : 1756433658566,
      "tn" : 1756433658566953450,
      "q" : "165",
      "p" : "0.05854",
      "s" : "buy",
      "i" : "VOXEL_USD",
      "m" : "4611686018430114976"
    }, {
      "d" : "1756432666686199252",
      "t" : 1756432666686,
      "tn" : 1756432666686199252,
      "q" : "167",
      "p" : "0.05811",
      "s" : "buy",
      "i" : "VOXEL_USD",
      "m" : "4611686018430114975"
    }, {
      "d" : "1756431990573887458",
      "t" : 1756431990573,
      "tn" : 1756431990573887458,
      "q" : "167",
      "p" : "0.05854",
      "s" : "sell",
      "i" : "VOXEL_USD",
      "m" : "4611686018430114974"
    }, {
      "d" : "1756425721539651456",
      "t" : 1756425721539,
      "tn" : 1756425721539651456,
      "q" : "27",
      "p" : "0.05945",
      "s" : "sell",
      "i" : "VOXEL_USD",
      "m" : "4611686018430114973"
    }, {
      "d" : "1756412081753270571",
      "t" : 1756412081753,
      "tn" : 1756412081753270571,
      "q" : "637",
      "p" : "0.05794",
      "s" : "buy",
      "i" : "VOXEL_USD",
      "m" : "4611686018430114972"
    }, {
      "d" : "1756411969547015518",
      "t" : 1756411969547,
      "tn" : 1756411969547015518,
      "q" : "87",
      "p" : "0.05804",
      "s" : "buy",
      "i" : "VOXEL_USD",
      "m" : "4611686018430114971"
    }, {
      "d" : "1756411874961084706",
      "t" : 1756411874961,
      "tn" : 1756411874961084706,
      "q" : "358",
      "p" : "0.05783",
      "s" : "sell",
      "i" : "VOXEL_USD",
      "m" : "4611686018430114970"
    }, {
      "d" : "1756410934576808290",
      "t" : 1756410934576,
      "tn" : 1756410934576808290,
      "q" : "88",
      "p" : "0.05849",
      "s" : "sell",
      "i" : "VOXEL_USD",
      "m" : "4611686018430114969"
    }, {
      "d" : "1756410078944744970",
      "t" : 1756410078944,
      "tn" : 1756410078944744970,
      "q" : "314",
      "p" : "0.05835",
      "s" : "buy",
      "i" : "VOXEL_USD",
      "m" : "4611686018430114968"
    }, {
      "d" : "1756402896580707766",
      "t" : 1756402896580,
      "tn" : 1756402896580707766,
      "q" : "181",
      "p" : "0.05856",
      "s" : "buy",
      "i" : "VOXEL_USD",
      "m" : "4611686018430114967"
    }, {
      "d" : "1756401769218738976",
      "t" : 1756401769218,
      "tn" : 1756401769218738976,
      "q" : "789",
      "p" : "0.05843",
      "s" : "buy",
      "i" : "VOXEL_USD",
      "m" : "4611686018430114966"
    }, {
      "d" : "1756399670551425296",
      "t" : 1756399670551,
      "tn" : 1756399670551425296,
      "q" : "121",
      "p" : "0.05874",
      "s" : "sell",
      "i" : "VOXEL_USD",
      "m" : "4611686018430114965"
    }, {
      "d" : "1756399240440046737",
      "t" : 1756399240440,
      "tn" : 1756399240440046737,
      "q" : "790",
      "p" : "0.05917",
      "s" : "sell",
      "i" : "VOXEL_USD",
      "m" : "4611686018430114964"
    }, {
      "d" : "1756394866988884113",
      "t" : 1756394866988,
      "tn" : 1756394866988884113,
      "q" : "69",
      "p" : "0.05878",
      "s" : "buy",
      "i" : "VOXEL_USD",
      "m" : "4611686018430114963"
    }, {
      "d" : "1756392618705575927",
      "t" : 1756392618705,
      "tn" : 1756392618705575927,
      "q" : "469",
      "p" : "0.05842",
      "s" : "sell",
      "i" : "VOXEL_USD",
      "m" : "4611686018430114962"
    }, {
      "d" : "1756392437027144409",
      "t" : 1756392437027,
      "tn" : 1756392437027144409,
      "q" : "982",
      "p" : "0.05858",
      "s" : "buy",
      "i" : "VOXEL_USD",
      "m" : "4611686018430114961"
    }, {
      "d" : "1756391610663614570",
      "t" : 1756391610663,
      "tn" : 1756391610663614570,
      "q" : "170",
      "p" : "0.05845",
      "s" : "sell",
      "i" : "VOXEL_USD",
      "m" : "4611686018430114960"
    }, {
      "d" : "1756391379117684285",
      "t" : 1756391379117,
      "tn" : 1756391379117684285,
      "q" : "29",
      "p" : "0.05888",
      "s" : "sell",
      "i" : "VOXEL_USD",
      "m" : "4611686018430114959"
    }, {
      "d" : "1756389799653376178",
      "t" : 1756389799653,
      "tn" : 1756389799653376178,
      "q" : "61",
      "p" : "0.05868",
      "s" : "buy",
      "i" : "VOXEL_USD",
      "m" : "4611686018430114958"
    }, {
      "d" : "1756387822702526080",
      "t" : 1756387822702,
      "tn" : 1756387822702526080,
      "q" : "4159",
      "p" : "0.05845",
      "s" : "buy",
      "i" : "VOXEL_USD",
      "m" : "4611686018430114957"
    }, {
      "d" : "1756387822699947173",
      "t" : 1756387822699,
      "tn" : 1756387822699947173,
      "q" : "1443",
      "p" : "0.05845",
      "s" : "buy",
      "i" : "VOXEL_USD",
      "m" : "4611686018430114956"
    }, {
      "d" : "1756387822693261296",
      "t" : 1756387822693,
      "tn" : 1756387822693261296,
      "q" : "1422",
      "p" : "0.05845",
      "s" : "sell",
      "i" : "VOXEL_USD",
      "m" : "4611686018430114955"
    }, {
      "d" : "1756387690845274233",
      "t" : 1756387690845,
      "tn" : 1756387690845274233,
      "q" : "881",
      "p" : "0.05894",
      "s" : "sell",
      "i" : "VOXEL_USD",
      "m" : "4611686018430114954"
    }, {
      "d" : "1756387690803025662",
      "t" : 1756387690803,
      "tn" : 1756387690803025662,
      "q" : "168",
      "p" : "0.05894",
      "s" : "sell",
      "i" : "VOXEL_USD",
      "m" : "4611686018430114953"
    }, {
      "d" : "1756387690745205321",
      "t" : 1756387690745,
      "tn" : 1756387690745205321,
      "q" : "1454",
      "p" : "0.05894",
      "s" : "sell",
      "i" : "VOXEL_USD",
      "m" : "4611686018430114952"
    }, {
      "d" : "1756387690697805138",
      "t" : 1756387690697,
      "tn" : 1756387690697805138,
      "q" : "168",
      "p" : "0.05894",
      "s" : "sell",
      "i" : "VOXEL_USD",
      "m" : "4611686018430114951"
    }, {
      "d" : "1756387690645030697",
      "t" : 1756387690645,
      "tn" : 1756387690645030697,
      "q" : "1427",
      "p" : "0.05894",
      "s" : "sell",
      "i" : "VOXEL_USD",
      "m" : "4611686018430114950"
    }, {
      "d" : "1756387690529494966",
      "t" : 1756387690529,
      "tn" : 1756387690529494966,
      "q" : "1458",
      "p" : "0.05894",
      "s" : "sell",
      "i" : "VOXEL_USD",
      "m" : "4611686018430114949"
    }, {
      "d" : "1756387690525765242",
      "t" : 1756387690525,
      "tn" : 1756387690525765242,
      "q" : "1466",
      "p" : "0.05894",
      "s" : "sell",
      "i" : "VOXEL_USD",
      "m" : "4611686018430114948"
    }, {
      "d" : "1756387690524240011",
      "t" : 1756387690524,
      "tn" : 1756387690524240011,
      "q" : "9978",
      "p" : "0.05894",
      "s" : "sell",
      "i" : "VOXEL_USD",
      "m" : "4611686018430114947"
    }, {
      "d" : "1756387500507346326",
      "t" : 1756387500507,
      "tn" : 1756387500507346326,
      "q" : "1418",
      "p" : "0.05893",
      "s" : "sell",
      "i" : "VOXEL_USD",
      "m" : "4611686018430114946"
    }, {
      "d" : "1756387500497348346",
      "t" : 1756387500497,
      "tn" : 1756387500497348346,
      "q" : "1493",
      "p" : "0.05893",
      "s" : "sell",
      "i" : "VOXEL_USD",
      "m" : "4611686018430114945"
    }, {
      "d" : "1756387496503573367",
      "t" : 1756387496503,
      "tn" : 1756387496503573367,
      "q" : "589",
      "p" : "0.05885",
      "s" : "buy",
      "i" : "VOXEL_USD",
      "m" : "4611686018430114944"
    }, {
      "d" : "1756387086594092186",
      "t" : 1756387086594,
      "tn" : 1756387086594092186,
      "q" : "590",
      "p" : "0.05885",
      "s" : "sell",
      "i" : "VOXEL_USD",
      "m" : "4611686018430114943"
    }, {
      "d" : "1756385512568122976",
      "t" : 1756385512568,
      "tn" : 1756385512568122976,
      "q" : "1007",
      "p" : "0.05864",
      "s" : "buy",
      "i" : "VOXEL_USD",
      "m" : "4611686018430114942"
    }, {
      "d" : "1756384885370630153",
      "t" : 1756384885370,
      "tn" : 1756384885370630153,
      "q" : "237",
      "p" : "0.05900",
      "s" : "sell",
      "i" : "VOXEL_USD",
      "m" : "4611686018430114941"
    }, {
      "d" : "1756384885364697286",
      "t" : 1756384885364,
      "tn" : 1756384885364697286,
      "q" : "1457",
      "p" : "0.05900",
      "s" : "sell",
      "i" : "VOXEL_USD",
      "m" : "4611686018430114940"
    }, {
      "d" : "1756379026559948399",
      "t" : 1756379026559,
      "tn" : 1756379026559948399,
      "q" : "703",
      "p" : "0.05874",
      "s" : "sell",
      "i" : "VOXEL_USD",
      "m" : "4611686018430114939"
    }, {
      "d" : "1756376596545906374",
      "t" : 1756376596545,
      "tn" : 1756376596545906374,
      "q" : "705",
      "p" : "0.05852",
      "s" : "buy",
      "i" : "VOXEL_USD",
      "m" : "4611686018430114938"
    } ]
  }
}