{
  "id" : -1,
  "method" : "public/get-trades",
  "code" : 0,
  "result" : {
    "data" : [ {
      "d" : "1756460141900409808",
      "t" : 1756460141900,
      "tn" : 1756460141900409808,
      "q" : "236",
      "p" : "0.05559",
      "s" : "sell",
      "i" : "VOXEL_USDT",
      "m" : "4611686018430829230"
    }, {
      "d" : "1756458245286331111",
      "t" : 1756458245286,
      "tn" : 1756458245286331111,
      "q" : "1493",
      "p" : "0.05534",
      "s" : "buy",
      "i" : "VOXEL_USDT",
      "m" : "4611686018430829229"
    }, {
      "d" : "1756458228065447486",
      "t" : 1756458228065,
      "tn" : 1756458228065447486,
      "q" : "1471",
      "p" : "0.05514",
      "s" : "buy",
      "i" : "VOXEL_USDT",
      "m" : "4611686018430829228"
    }, {
      "d" : "1756458151667252279",
      "t" : 1756458151667,
      "tn" : 1756458151667252279,
      "q" : "1493",
      "p" : "0.05560",
      "s" : "sell",
      "i" : "VOXEL_USDT",
      "m" : "4611686018430829227"
    }, {
      "d" : "1756457903901427470",
      "t" : 1756457903901,
      "tn" : 1756457903901427470,
      "q" : "1428",
      "p" : "0.05591",
      "s" : "sell",
      "i" : "VOXEL_USDT",
      "m" : "4611686018430829226"
    }, {
      "d" : "1756457889987039601",
      "t" : 1756457889987,
      "tn" : 1756457889987039601,
      "q" : "1465",
      "p" : "0.05591",
      "s" : "sell",
      "i" : "VOXEL_USDT",
      "m" : "4611686018430829225"
    }, {
      "d" : "1756457692030217295",
      "t" : 1756457692030,
      "tn" : 1756457692030217295,
      "q" : "1469",
      "p" : "0.05592",
      "s" : "sell",
      "i" : "VOXEL_USDT",
      "m" : "4611686018430829224"
    }, {
      "d" : "1756457062980355051",
      "t" : 1756457062980,
      "tn" : 1756457062980355051,
      "q" : "1436",
      "p" : "0.05610",
      "s" : "sell",
      "i" : "VOXEL_USDT",
      "m" : "4611686018430829223"
    }, {
      "d" : "1756456805562338797",
      "t" : 1756456805562,
      "tn" : 1756456805562338797,
      "q" : "1472",
      "p" : "0.05612",
      "s" : "sell",
      "i" : "VOXEL_USDT",
      "m" : "4611686018430829222"
    }, {
      "d" : "1756456684560920248",
      "t" : 1756456684560,
      "tn" : 1756456684560920248,
      "q" : "1435",
      "p" : "0.05613",
      "s" : "sell",
      "i" : "VOXEL_USDT",
      "m" : "4611686018430829221"
    }, {
      "d" : "1756456360492401434",
      "t" : 1756456360492,
      "tn" : 1756456360492401434,
      "q" : "1429",
      "p" : "0.05619",
      "s" : "sell",
      "i" : "VOXEL_USDT",
      "m" : "4611686018430829220"
    }, {
      "d" : "1756455953873419591",
      "t" : 1756455953873,
      "tn" : 1756455953873419591,
      "q" : "1425",
      "p" : "0.05610",
      "s" : "sell",
      "i" : "VOXEL_USDT",
      "m" : "4611686018430829219"
    }, {
      "d" : "1756455713399141083",
      "t" : 1756455713399,
      "tn" : 1756455713399141083,
      "q" : "1475",
      "p" : "0.05611",
      "s" : "sell",
      "i" : "VOXEL_USDT",
      "m" : "4611686018430829218"
    }, {
      "d" : "1756455611855272032",
      "t" : 1756455611855,
      "tn" : 1756455611855272032,
      "q" : "1481",
      "p" : "0.05611",
      "s" : "sell",
      "i" : "VOXEL_USDT",
      "m" : "4611686018430829217"
    }, {
      "d" : "1756455440289267244",
      "t" : 1756455440289,
      "tn" : 1756455440289267244,
      "q" : "1486",
      "p" : "0.05614",
      "s" : "sell",
      "i" : "VOXEL_USDT",
      "m" : "4611686018430829216"
    }, {
      "d" : "1756455212801796368",
      "t" : 1756455212801,
      "tn" : 1756455212801796368,
      "q" : "235",
      "p" : "0.05625",
      "s" : "buy",
      "i" : "VOXEL_USDT",
      "m" : "4611686018430829215"
    }, {
      "d" : "1756454895593131134",
      "t" : 1756454895593,
      "tn" : 1756454895593131134,
      "q" : "1440",
      "p" : "0.05642",
      "s" : "sell",
      "i" : "VOXEL_USDT",
      "m" : "4611686018430829214"
    }, {
      "d" : "1756454134888764514",
      "t" : 1756454134888,
      "tn" : 1756454134888764514,
      "q" : "1482",
      "p" : "0.05670",
      "s" : "sell",
      "i" : "VOXEL_USDT",
      "m" : "4611686018430829213"
    }, {
      "d" : "1756452794457125712",
      "t" : 1756452794457,
      "tn" : 1756452794457125712,
      "q" : "1446",
      "p" : "0.05699",
      "s" : "sell",
      "i" : "VOXEL_USDT",
      "m" : "4611686018430829212"
    }, {
      "d" : "1756452641371041493",
      "t" : 1756452641371,
      "tn" : 1756452641371041493,
      "q" : "1440",
      "p" : "0.05669",
      "s" : "sell",
      "i" : "VOXEL_USDT",
      "m" : "4611686018430829211"
    }, {
      "d" : "1756452358675142269",
      "t" : 1756452358675,
      "tn" : 1756452358675142269,
      "q" : "1468",
      "p" : "0.05673",
      "s" : "sell",
      "i" : "VOXEL_USDT",
      "m" : "4611686018430829210"
    }, {
      "d" : "1756452037271102953",
      "t" : 1756452037271,
      "tn" : 1756452037271102953,
      "q" : "694",
      "p" : "0.05691",
      "s" : "sell",
      "i" : "VOXEL_USDT",
      "m" : "4611686018430829209"
    }, {
      "d" : "1756452037271090186",
      "t" : 1756452037271,
      "tn" : 1756452037271090186,
      "q" : "780",
      "p" : "0.05691",
      "s" : "sell",
      "i" : "VOXEL_USDT",
      "m" : "4611686018430829208"
    }, {
      "d" : "1756451757754626855",
      "t" : 1756451757754,
      "tn" : 1756451757754626855,
      "q" : "1456",
      "p" : "0.05703",
      "s" : "sell",
      "i" : "VOXEL_USDT",
      "m" : "4611686018430829207"
    }, {
      "d" : "1756451668248802372",
      "t" : 1756451668248,
      "tn" : 1756451668248802372,
      "q" : "1427",
      "p" : "0.05699",
      "s" : "sell",
      "i" : "VOXEL_USDT",
      "m" : "4611686018430829206"
    }, {
      "d" : "1756451623146104879",
      "t" : 1756451623146,
      "tn" : 1756451623146104879,
      "q" : "1459",
      "p" : "0.05711",
      "s" : "sell",
      "i" : "VOXEL_USDT",
      "m" : "4611686018430829205"
    }, {
      "d" : "1756451074660457561",
      "t" : 1756451074660,
      "tn" : 1756451074660457561,
      "q" : "381",
      "p" : "0.05774",
      "s" : "sell",
      "i" : "VOXEL_USDT",
      "m" : "4611686018430829204"
    }, {
      "d" : "1756450992505099970",
      "t" : 1756450992505,
      "tn" : 1756450992505099970,
      "q" : "1456",
      "p" : "0.05752",
      "s" : "sell",
      "i" : "VOXEL_USDT",
      "m" : "4611686018430829203"
    }, {
      "d" : "1756450888883420997",
      "t" : 1756450888883,
      "tn" : 1756450888883420997,
      "q" : "930",
      "p" : "0.05795",
      "s" : "sell",
      "i" : "VOXEL_USDT",
      "m" : "4611686018430829202"
    }, {
      "d" : "1756450888883208346",
      "t" : 1756450888883,
      "tn" : 1756450888883208346,
      "q" : "511",
      "p" : "0.05795",
      "s" : "sell",
      "i" : "VOXEL_USDT",
      "m" : "4611686018430829201"
    }, {
      "d" : "1756450815836099227",
      "t" : 1756450815836,
      "tn" : 1756450815836099227,
      "q" : "511",
      "p" : "0.05799",
      "s" : "sell",
      "i" : "VOXEL_USDT",
      "m" : "4611686018430829200"
    }, {
      "d" : "1756449543460989530",
      "t" : 1756449543460,
      "tn" : 1756449543460989530,
      "q" : "1435",
      "p" : "0.05801",
      "s" : "sell",
      "i" : "VOXEL_USDT",
      "m" : "4611686018430829199"
    }, {
      "d" : "1756448154052128467",
      "t" : 1756448154052,
      "tn" : 1756448154052128467,
      "q" : "1480",
      "p" : "0.05810",
      "s" : "sell",
      "i" : "VOXEL_USDT",
      "m" : "4611686018430829198"
    }, {
      "d" : "1756448132748018893",
      "t" : 1756448132748,
      "tn" : 1756448132748018893,
      "q" : "1431",
      "p" : "0.05822",
      "s" : "sell",
      "i" : "VOXEL_USDT",
      "m" : "4611686018430829197"
    }, {
      "d" : "1756447951963596556",
      "t" : 1756447951963,
      "tn" : 1756447951963596556,
      "q" : "1471",
      "p" : "0.05829",
      "s" : "sell",
      "i" : "VOXEL_USDT",
      "m" : "4611686018430829196"
    }, {
      "d" : "1756446803678887354",
      "t" : 1756446803678,
      "tn" : 1756446803678887354,
      "q" : "1459",
      "p" : "0.05844",
      "s" : "sell",
      "i" : "VOXEL_USDT",
      "m" : "4611686018430829195"
    }, {
      "d" : "1756446618156159440",
      "t" : 1756446618156,
      "tn" : 1756446618156159440,
      "q" : "1445",
      "p" : "0.05863",
      "s" : "sell",
      "i" : "VOXEL_USDT",
      "m" : "4611686018430829194"
    }, {
      "d" : "1756444937752388530",
      "t" : 1756444937752,
      "tn" : 1756444937752388530,
      "q" : "1458",
      "p" : "0.05850",
      "s" : "sell",
      "i" : "VOXEL_USDT",
      "m" : "4611686018430829193"
    }, {
      "d" : "1756444680388978745",
      "t" : 1756444680388,
      "tn" : 1756444680388978745,
      "q" : "1432",
      "p" : "0.05849",
      "s" : "sell",
      "i" : "VOXEL_USDT",
      "m" : "4611686018430829192"
    }, {
      "d" : "1756444680387328658",
      "t" : 1756444680387,
      "tn" : 1756444680387328658,
      "q" : "1432",
      "p" : "0.05849",
      "s" : "sell",
      "i" : "VOXEL_USDT",
      "m" : "4611686018430829191"
    }, {
      "d" : "1756443703724156558",
      "t" : 1756443703724,
      "tn" : 1756443703724156558,
      "q" : "1481",
      "p" : "0.05839",
      "s" : "sell",
      "i" : "VOXEL_USDT",
      "m" : "4611686018430829190"
    }, {
      "d" : "1756443299297244413",
      "t" : 1756443299297,
      "tn" : 1756443299297244413,
      "q" : "1429",
      "p" : "0.05841",
      "s" : "sell",
      "i" : "VOXEL_USDT",
      "m" : "4611686018430829189"
    }, {
      "d" : "1756443065342932921",
      "t" : 1756443065342,
      "tn" : 1756443065342932921,
      "q" : "437",
      "p" : "0.05846",
      "s" : "buy",
      "i" : "VOXEL_USDT",
      "m" : "4611686018430829188"
    }, {
      "d" : "1756442383016278055",
      "t" : 1756442383016,
      "tn" : 1756442383016278055,
      "q" : "1426",
      "p" : "0.05871",
      "s" : "sell",
      "i" : "VOXEL_USDT",
      "m" : "4611686018430829187"
    }, {
      "d" : "1756441658823787129",
      "t" : 1756441658823,
      "tn" : 1756441658823787129,
      "q" : "1436",
      "p" : "0.05883",
      "s" : "sell",
      "i" : "VOXEL_USDT",
      "m" : "4611686018430829186"
    }, {
      "d" : "1756441355007836991",
      "t" : 1756441355007,
      "tn" : 1756441355007836991,
      "q" : "1464",
      "p" : "0.05869",
      "s" : "sell",
      "i" : "VOXEL_USDT",
      "m" : "4611686018430829185"
    }, {
      "d" : "1756440895002032754",
      "t" : 1756440895002,
      "tn" : 1756440895002032754,
      "q" : "1429",
      "p" : "0.05862",
      "s" : "sell",
      "i" : "VOXEL_USDT",
      "m" : "4611686018430829184"
    }, {
      "d" : "1756440148448167840",
      "t" : 1756440148448,
      "tn" : 1756440148448167840,
      "q" : "1453",
      "p" : "0.05900",
      "s" : "sell",
      "i" : "VOXEL_USDT",
      "m" : "4611686018430829183"
    }, {
      "d" : "1756439742403244168",
      "t" : 1756439742403,
      "tn" : 1756439742403244168,
      "q" : "1490",
      "p" : "0.05889",
      "s" : "sell",
      "i" : "VOXEL_USDT",
      "m" : "4611686018430829182"
    }, {
      "d" : "1756439712462780938",
      "t" : 1756439712462,
      "tn" : 1756439712462780938,
      "q" : "1486",
      "p" : "0.05899",
      "s" : "sell",
      "i" : "VOXEL_USDT",
      "m" : "4611686018430829181"
    }, {
      "d" : "1756438978299028197",
      "t" : 1756438978299,
      "tn" : 1756438978299028197,
      "q" : "1449",
      "p" : "0.05899",
      "s" : "sell",
      "i" : "VOXEL_USDT",
      "m" : "4611686018430829180"
    }, {
      "d" : "1756438274276850317",
      "t" : 1756438274276,
      "tn" : 1756438274276850317,
      "q" : "1465",
      "p" : "0.05872",
      "s" : "sell",
      "i" : "VOXEL_USDT",
      "m" : "4611686018430829179"
    }, {
      "d" : "1756437282707122316",
      "t" : 1756437282707,
      "tn" : 1756437282707122316,
      "q" : "1482",
      "p" : "0.05871",
      "s" : "sell",
      "i" : "VOXEL_USDT",
      "m" : "4611686018430829178"
    }, {
      "d" : "1756436436356205971",
      "t" : 1756436436356,
      "tn" : 1756436436356205971,
      "q" : "1488",
      "p" : "0.05879",
      "s" : "sell",
      "i" : "VOXEL_USDT",
      "m" : "4611686018430829177"
    }, {
      "d" : "1756434702958854481",
      "t" : 1756434702958,
      "tn" : 1756434702958854481,
      "q" : "166",
      "p" : "0.05866",
      "s" : "buy",
      "i" : "VOXEL_USDT",
      "m" : "4611686018430829176"
    }, {
      "d" : "1756434077178690441",
      "t" : 1756434077178,
      "tn" : 1756434077178690441,
      "q" : "1483",
      "p" : "0.05859",
      "s" : "sell",
      "i" : "VOXEL_USDT",
      "m" : "4611686018430829175"
    }, {
      "d" : "1756434054139824329",
      "t" : 1756434054139,
      "tn" : 1756434054139824329,
      "q" : "1485",
      "p" : "0.05860",
      "s" : "sell",
      "i" : "VOXEL_USDT",
      "m" : "4611686018430829174"
    }, {
      "d" : "1756433802408169922",
      "t" : 1756433802408,
      "tn" : 1756433802408169922,
      "q" : "1482",
      "p" : "0.05849",
      "s" : "sell",
      "i" : "VOXEL_USDT",
      "m" : "4611686018430829173"
    }, {
      "d" : "1756433076521860740",
      "t" : 1756433076521,
      "tn" : 1756433076521860740,
      "q" : "1436",
      "p" : "0.05820",
      "s" : "sell",
      "i" : "VOXEL_USDT",
      "m" : "4611686018430829172"
    }, {
      "d" : "1756432845206424530",
      "t" : 1756432845206,
      "tn" : 1756432845206424530,
      "q" : "1494",
      "p" : "0.05812",
      "s" : "sell",
      "i" : "VOXEL_USDT",
      "m" : "4611686018430829171"
    }, {
      "d" : "1756432666687534393",
      "t" : 1756432666687,
      "tn" : 1756432666687534393,
      "q" : "167",
      "p" : "0.05817",
      "s" : "sell",
      "i" : "VOXEL_USDT",
      "m" : "4611686018430829170"
    }, {
      "d" : "1756431990574926054",
      "t" : 1756431990574,
      "tn" : 1756431990574926054,
      "q" : "167",
      "p" : "0.05833",
      "s" : "buy",
      "i" : "VOXEL_USDT",
      "m" : "4611686018430829169"
    }, {
      "d" : "1756431952453845723",
      "t" : 1756431952453,
      "tn" : 1756431952453845723,
      "q" : "1426",
      "p" : "0.05840",
      "s" : "sell",
      "i" : "VOXEL_USDT",
      "m" : "4611686018430829168"
    }, {
      "d" : "1756431653868743040",
      "t" : 1756431653868,
      "tn" : 1756431653868743040,
      "q" : "1473",
      "p" : "0.05839",
      "s" : "sell",
      "i" : "VOXEL_USDT",
      "m" : "4611686018430829167"
    }, {
      "d" : "1756430718830057948",
      "t" : 1756430718830,
      "tn" : 1756430718830057948,
      "q" : "1485",
      "p" : "0.05831",
      "s" : "sell",
      "i" : "VOXEL_USDT",
      "m" : "4611686018430829166"
    }, {
      "d" : "1756430452669246380",
      "t" : 1756430452669,
      "tn" : 1756430452669246380,
      "q" : "1447",
      "p" : "0.05851",
      "s" : "sell",
      "i" : "VOXEL_USDT",
      "m" : "4611686018430829165"
    }, {
      "d" : "1756429707658070045",
      "t" : 1756429707658,
      "tn" : 1756429707658070045,
      "q" : "1471",
      "p" : "0.05871",
      "s" : "sell",
      "i" : "VOXEL_USDT",
      "m" : "4611686018430829164"
    }, {
      "d" : "1756429607766987205",
      "t" : 1756429607766,
      "tn" : 1756429607766987205,
      "q" : "1488",
      "p" : "0.05879",
      "s" : "sell",
      "i" : "VOXEL_USDT",
      "m" : "4611686018430829163"
    }, {
      "d" : "1756429327535120632",
      "t" : 1756429327535,
      "tn" : 1756429327535120632,
      "q" : "1427",
      "p" : "0.05899",
      "s" : "sell",
      "i" : "VOXEL_USDT",
      "m" : "4611686018430829162"
    }, {
      "d" : "1756428307073912862",
      "t" : 1756428307073,
      "tn" : 1756428307073912862,
      "q" : "1438",
      "p" : "0.05921",
      "s" : "sell",
      "i" : "VOXEL_USDT",
      "m" : "4611686018430829161"
    }, {
      "d" : "1756428049900936697",
      "t" : 1756428049900,
      "tn" : 1756428049900936697,
      "q" : "1460",
      "p" : "0.05930",
      "s" : "sell",
      "i" : "VOXEL_USDT",
      "m" : "4611686018430829160"
    }, {
      "d" : "1756426889976316041",
      "t" : 1756426889976,
      "tn" : 1756426889976316041,
      "q" : "1441",
      "p" : "0.05920",
      "s" : "sell",
      "i" : "VOXEL_USDT",
      "m" : "4611686018430829159"
    }, {
      "d" : "1756425721539614562",
      "t" : 1756425721539,
      "tn" : 1756425721539614562,
      "q" : "27",
      "p" : "0.05938",
      "s" : "buy",
      "i" : "VOXEL_USDT",
      "m" : "4611686018430829158"
    }, {
      "d" : "1756423914965881953",
      "t" : 1756423914965,
      "tn" : 1756423914965881953,
      "q" : "1015",
      "p" : "0.05917",
      "s" : "sell",
      "i" : "VOXEL_USDT",
      "m" : "4611686018430829157"
    }, {
      "d" : "1756421515513835474",
      "t" : 1756421515513,
      "tn" : 1756421515513835474,
      "q" : "1458",
      "p" : "0.05922",
      "s" : "sell",
      "i" : "VOXEL_USDT",
      "m" : "4611686018430829156"
    }, {
      "d" : "1756421515438228737",
      "t" : 1756421515438,
      "tn" : 1756421515438228737,
      "q" : "1447",
      "p" : "0.05922",
      "s" : "sell",
      "i" : "VOXEL_USDT",
      "m" : "4611686018430829155"
    }, {
      "d" : "1756421515370939330",
      "t" : 1756421515370,
      "tn" : 1756421515370939330,
      "q" : "1499",
      "p" : "0.05942",
      "s" : "sell",
      "i" : "VOXEL_USDT",
      "m" : "4611686018430829154"
    }, {
      "d" : "1756421503176305441",
      "t" : 1756421503176,
      "tn" : 1756421503176305441,
      "q" : "1433",
      "p" : "0.05945",
      "s" : "sell",
      "i" : "VOXEL_USDT",
      "m" : "4611686018430829153"
    }, {
      "d" : "1756421502934085060",
      "t" : 1756421502934,
      "tn" : 1756421502934085060,
      "q" : "1480",
      "p" : "0.05919",
      "s" : "buy",
      "i" : "VOXEL_USDT",
      "m" : "4611686018430829152"
    }, {
      "d" : "1756418961460483586",
      "t" : 1756418961460,
      "tn" : 1756418961460483586,
      "q" : "1473",
      "p" : "0.05921",
      "s" : "sell",
      "i" : "VOXEL_USDT",
      "m" : "4611686018430829151"
    }, {
      "d" : "1756417149079789689",
      "t" : 1756417149079,
      "tn" : 1756417149079789689,
      "q" : "11487",
      "p" : "0.05900",
      "s" : "buy",
      "i" : "VOXEL_USDT",
      "m" : "4611686018430829150"
    }, {
      "d" : "1756417149078253671",
      "t" : 1756417149078,
      "tn" : 1756417149078253671,
      "q" : "30351",
      "p" : "0.05900",
      "s" : "buy",
      "i" : "VOXEL_USDT",
      "m" : "4611686018430829149"
    }, {
      "d" : "1756417149076786360",
      "t" : 1756417149076,
      "tn" : 1756417149076786360,
      "q" : "15136",
      "p" : "0.05900",
      "s" : "buy",
      "i" : "VOXEL_USDT",
      "m" : "4611686018430829148"
    }, {
      "d" : "1756417149075232591",
      "t" : 1756417149075,
      "tn" : 1756417149075232591,
      "q" : "5071",
      "p" : "0.05900",
      "s" : "buy",
      "i" : "VOXEL_USDT",
      "m" : "4611686018430829147"
    }, {
      "d" : "1756417149073846672",
      "t" : 1756417149073,
      "tn" : 1756417149073846672,
      "q" : "5071",
      "p" : "0.05900",
      "s" : "buy",
      "i" : "VOXEL_USDT",
      "m" : "4611686018430829146"
    }, {
      "d" : "1756417149071854677",
      "t" : 1756417149071,
      "tn" : 1756417149071854677,
      "q" : "1490",
      "p" : "0.05900",
      "s" : "buy",
      "i" : "VOXEL_USDT",
      "m" : "4611686018430829145"
    }, {
      "d" : "1756417149069624536",
      "t" : 1756417149069,
      "tn" : 1756417149069624536,
      "q" : "1493",
      "p" : "0.05900",
      "s" : "buy",
      "i" : "VOXEL_USDT",
      "m" : "4611686018430829144"
    }, {
      "d" : "1756417149069085485",
      "t" : 1756417149069,
      "tn" : 1756417149069085485,
      "q" : "37441",
      "p" : "0.05900",
      "s" : "buy",
      "i" : "VOXEL_USDT",
      "m" : "4611686018430829143"
    }, {
      "d" : "1756417149068940189",
      "t" : 1756417149068,
      "tn" : 1756417149068940189,
      "q" : "1490",
      "p" : "0.05900",
      "s" : "buy",
      "i" : "VOXEL_USDT",
      "m" : "4611686018430829142"
    }, {
      "d" : "1756416654776884703",
      "t" : 1756416654776,
      "tn" : 1756416654776884703,
      "q" : "1238",
      "p" : "0.05898",
      "s" : "sell",
      "i" : "VOXEL_USDT",
      "m" : "4611686018430829141"
    }, {
      "d" : "1756416145445410276",
      "t" : 1756416145445,
      "tn" : 1756416145445410276,
      "q" : "349",
      "p" : "0.05876",
      "s" : "sell",
      "i" : "VOXEL_USDT",
      "m" : "4611686018430829140"
    }, {
      "d" : "1756415993957484818",
      "t" : 1756415993957,
      "tn" : 1756415993957484818,
      "q" : "726",
      "p" : "0.05861",
      "s" : "sell",
      "i" : "VOXEL_USDT",
      "m" : "4611686018430829139"
    }, {
      "d" : "1756414409205231834",
      "t" : 1756414409205,
      "tn" : 1756414409205231834,
      "q" : "634",
      "p" : "0.05843",
      "s" : "sell",
      "i" : "VOXEL_USDT",
      "m" : "4611686018430829138"
    }, {
      "d" : "1756414122135837903",
      "t" : 1756414122135,
      "tn" : 1756414122135837903,
      "q" : "629",
      "p" : "0.05830",
      "s" : "buy",
      "i" : "VOXEL_USDT",
      "m" : "4611686018430829137"
    }, {
      "d" : "1756412081758050971",
      "t" : 1756412081758,
      "tn" : 1756412081758050971,
      "q" : "637",
      "p" : "0.05805",
      "s" : "sell",
      "i" : "VOXEL_USDT",
      "m" : "4611686018430829136"
    }, {
      "d" : "1756411874961747782",
      "t" : 1756411874961,
      "tn" : 1756411874961747782,
      "q" : "358",
      "p" : "0.05806",
      "s" : "sell",
      "i" : "VOXEL_USDT",
      "m" : "4611686018430829135"
    }, {
      "d" : "1756410934578093888",
      "t" : 1756410934578,
      "tn" : 1756410934578093888,
      "q" : "88",
      "p" : "0.05822",
      "s" : "buy",
      "i" : "VOXEL_USDT",
      "m" : "4611686018430829134"
    }, {
      "d" : "1756410078944776159",
      "t" : 1756410078944,
      "tn" : 1756410078944776159,
      "q" : "314",
      "p" : "0.05846",
      "s" : "sell",
      "i" : "VOXEL_USDT",
      "m" : "4611686018430829133"
    }, {
      "d" : "1756407714931337912",
      "t" : 1756407714931,
      "tn" : 1756407714931337912,
      "q" : "534",
      "p" : "0.05896",
      "s" : "buy",
      "i" : "VOXEL_USDT",
      "m" : "4611686018430829132"
    }, {
      "d" : "1756402896580784776",
      "t" : 1756402896580,
      "tn" : 1756402896580784776,
      "q" : "181",
      "p" : "0.05866",
      "s" : "sell",
      "i" : "VOXEL_USDT",
      "m" : "4611686018430829131"
    }, {
      "d" : "1756402757554007190",
      "t" : 1756402757554,
      "tn" : 1756402757554007190,
      "q" : "1707",
      "p" : "0.05855",
      "s" : "buy",
      "i" : "VOXEL_USDT",
      "m" : "4611686018430829130"
    }, {
      "d" : "1756402757554005169",
      "t" : 1756402757554,
      "tn" : 1756402757554005169,
      "q" : "1708",
      "p" : "0.05849",
      "s" : "buy",
      "i" : "VOXEL_USDT",
      "m" : "4611686018430829129"
    }, {
      "d" : "1756402366183542417",
      "t" : 1756402366183,
      "tn" : 1756402366183542417,
      "q" : "1495",
      "p" : "0.05854",
      "s" : "sell",
      "i" : "VOXEL_USDT",
      "m" : "4611686018430829128"
    }, {
      "d" : "1756402363013383828",
      "t" : 1756402363013,
      "tn" : 1756402363013383828,
      "q" : "1474",
      "p" : "0.05854",
      "s" : "sell",
      "i" : "VOXEL_USDT",
      "m" : "4611686018430829127"
    }, {
      "d" : "1756402353084029971",
      "t" : 1756402353084,
      "tn" : 1756402353084029971,
      "q" : "1434",
      "p" : "0.05856",
      "s" : "sell",
      "i" : "VOXEL_USDT",
      "m" : "4611686018430829126"
    }, {
      "d" : "1756399670552040409",
      "t" : 1756399670552,
      "tn" : 1756399670552040409,
      "q" : "121",
      "p" : "0.05896",
      "s" : "sell",
      "i" : "VOXEL_USDT",
      "m" : "4611686018430829125"
    }, {
      "d" : "1756399240490162945",
      "t" : 1756399240490,
      "tn" : 1756399240490162945,
      "q" : "169",
      "p" : "0.05899",
      "s" : "buy",
      "i" : "VOXEL_USDT",
      "m" : "4611686018430829124"
    }, {
      "d" : "1756399240441701745",
      "t" : 1756399240441,
      "tn" : 1756399240441701745,
      "q" : "792",
      "p" : "0.05900",
      "s" : "buy",
      "i" : "VOXEL_USDT",
      "m" : "4611686018430829123"
    }, {
      "d" : "1756396190272374624",
      "t" : 1756396190272,
      "tn" : 1756396190272374624,
      "q" : "1454",
      "p" : "0.05826",
      "s" : "buy",
      "i" : "VOXEL_USDT",
      "m" : "4611686018430829122"
    }, {
      "d" : "1756392618706262625",
      "t" : 1756392618706,
      "tn" : 1756392618706262625,
      "q" : "469",
      "p" : "0.05861",
      "s" : "sell",
      "i" : "VOXEL_USDT",
      "m" : "4611686018430829121"
    }, {
      "d" : "1756391610663638176",
      "t" : 1756391610663,
      "tn" : 1756391610663638176,
      "q" : "170",
      "p" : "0.05838",
      "s" : "buy",
      "i" : "VOXEL_USDT",
      "m" : "4611686018430829120"
    }, {
      "d" : "1756391379117724617",
      "t" : 1756391379117,
      "tn" : 1756391379117724617,
      "q" : "29",
      "p" : "0.05845",
      "s" : "buy",
      "i" : "VOXEL_USDT",
      "m" : "4611686018430829119"
    }, {
      "d" : "1756390686674216180",
      "t" : 1756390686674,
      "tn" : 1756390686674216180,
      "q" : "845",
      "p" : "0.05857",
      "s" : "buy",
      "i" : "VOXEL_USDT",
      "m" : "4611686018430829118"
    }, {
      "d" : "1756390572821170546",
      "t" : 1756390572821,
      "tn" : 1756390572821170546,
      "q" : "1427",
      "p" : "0.05865",
      "s" : "buy",
      "i" : "VOXEL_USDT",
      "m" : "4611686018430829117"
    }, {
      "d" : "1756388107269793892",
      "t" : 1756388107269,
      "tn" : 1756388107269793892,
      "q" : "25",
      "p" : "0.05868",
      "s" : "buy",
      "i" : "VOXEL_USDT",
      "m" : "4611686018430829116"
    }, {
      "d" : "1756388105204846645",
      "t" : 1756388105204,
      "tn" : 1756388105204846645,
      "q" : "1461",
      "p" : "0.05869",
      "s" : "buy",
      "i" : "VOXEL_USDT",
      "m" : "4611686018430829115"
    }, {
      "d" : "1756387837995201026",
      "t" : 1756387837995,
      "tn" : 1756387837995201026,
      "q" : "1436",
      "p" : "0.05865",
      "s" : "buy",
      "i" : "VOXEL_USDT",
      "m" : "4611686018430829114"
    }, {
      "d" : "1756387822702847775",
      "t" : 1756387822702,
      "tn" : 1756387822702847775,
      "q" : "1482",
      "p" : "0.05869",
      "s" : "sell",
      "i" : "VOXEL_USDT",
      "m" : "4611686018430829113"
    }, {
      "d" : "1756387822693915787",
      "t" : 1756387822693,
      "tn" : 1756387822693915787,
      "q" : "1422",
      "p" : "0.05870",
      "s" : "sell",
      "i" : "VOXEL_USDT",
      "m" : "4611686018430829112"
    }, {
      "d" : "1756387805049696851",
      "t" : 1756387805049,
      "tn" : 1756387805049696851,
      "q" : "1360",
      "p" : "0.05875",
      "s" : "sell",
      "i" : "VOXEL_USDT",
      "m" : "4611686018430829111"
    }, {
      "d" : "1756387690845282156",
      "t" : 1756387690845,
      "tn" : 1756387690845282156,
      "q" : "883",
      "p" : "0.05878",
      "s" : "buy",
      "i" : "VOXEL_USDT",
      "m" : "4611686018430829110"
    }, {
      "d" : "1756387690745211917",
      "t" : 1756387690745,
      "tn" : 1756387690745211917,
      "q" : "1454",
      "p" : "0.05878",
      "s" : "buy",
      "i" : "VOXEL_USDT",
      "m" : "4611686018430829109"
    }, {
      "d" : "1756387690645035596",
      "t" : 1756387690645,
      "tn" : 1756387690645035596,
      "q" : "1427",
      "p" : "0.05878",
      "s" : "buy",
      "i" : "VOXEL_USDT",
      "m" : "4611686018430829108"
    }, {
      "d" : "1756387690529501194",
      "t" : 1756387690529,
      "tn" : 1756387690529501194,
      "q" : "97",
      "p" : "0.05876",
      "s" : "buy",
      "i" : "VOXEL_USDT",
      "m" : "4611686018430829107"
    }, {
      "d" : "1756387690529122031",
      "t" : 1756387690529,
      "tn" : 1756387690529122031,
      "q" : "1361",
      "p" : "0.05876",
      "s" : "buy",
      "i" : "VOXEL_USDT",
      "m" : "4611686018430829106"
    }, {
      "d" : "1756387690525812124",
      "t" : 1756387690525,
      "tn" : 1756387690525812124,
      "q" : "1466",
      "p" : "0.05877",
      "s" : "buy",
      "i" : "VOXEL_USDT",
      "m" : "4611686018430829105"
    }, {
      "d" : "1756387500507343920",
      "t" : 1756387500507,
      "tn" : 1756387500507343920,
      "q" : "1419",
      "p" : "0.05885",
      "s" : "buy",
      "i" : "VOXEL_USDT",
      "m" : "4611686018430829104"
    }, {
      "d" : "1756387500497344924",
      "t" : 1756387500497,
      "tn" : 1756387500497344924,
      "q" : "1493",
      "p" : "0.05886",
      "s" : "buy",
      "i" : "VOXEL_USDT",
      "m" : "4611686018430829103"
    }, {
      "d" : "1756387086597411396",
      "t" : 1756387086597,
      "tn" : 1756387086597411396,
      "q" : "591",
      "p" : "0.05873",
      "s" : "buy",
      "i" : "VOXEL_USDT",
      "m" : "4611686018430829102"
    }, {
      "d" : "1756384885364729587",
      "t" : 1756384885364,
      "tn" : 1756384885364729587,
      "q" : "1457",
      "p" : "0.05886",
      "s" : "buy",
      "i" : "VOXEL_USDT",
      "m" : "4611686018430829101"
    }, {
      "d" : "1756379740599819705",
      "t" : 1756379740599,
      "tn" : 1756379740599819705,
      "q" : "994",
      "p" : "0.05844",
      "s" : "sell",
      "i" : "VOXEL_USDT",
      "m" : "4611686018430829100"
    }, {
      "d" : "1756379553607466227",
      "t" : 1756379553607,
      "tn" : 1756379553607466227,
      "q" : "1492",
      "p" : "0.05855",
      "s" : "sell",
      "i" : "VOXEL_USDT",
      "m" : "4611686018430829099"
    }, {
      "d" : "1756379483952232467",
      "t" : 1756379483952,
      "tn" : 1756379483952232467,
      "q" : "1430",
      "p" : "0.05863",
      "s" : "sell",
      "i" : "VOXEL_USDT",
      "m" : "4611686018430829098"
    }, {
      "d" : "1756376596546808914",
      "t" : 1756376596546,
      "tn" : 1756376596546808914,
      "q" : "705",
      "p" : "0.05858",
      "s" : "sell",
      "i" : "VOXEL_USDT",
      "m" : "4611686018430829097"
    } ]
  }
}