{
  "id" : -1,
  "method" : "public/get-trades",
  "code" : 0,
  "result" : {
    "data" : [ {
      "d" : "1756462205045712719",
      "t" : 1756462205045,
      "tn" : 1756462205045712719,
      "q" : "41600",
      "p" : "0.0013846",
      "s" : "sell",
      "i" : "VRA_USD",
      "m" : "4611686018430853236"
    }, {
      "d" : "1756461328075464260",
      "t" : 1756461328075,
      "tn" : 1756461328075464260,
      "q" : "8900",
      "p" : "0.0013832",
      "s" : "sell",
      "i" : "VRA_USD",
      "m" : "4611686018430853235"
    }, {
      "d" : "1756461196291117752",
      "t" : 1756461196291,
      "tn" : 1756461196291117752,
      "q" : "13100",
      "p" : "0.0013985",
      "s" : "buy",
      "i" : "VRA_USD",
      "m" : "4611686018430853234"
    }, {
      "d" : "1756461186975024678",
      "t" : 1756461186975,
      "tn" : 1756461186975024678,
      "q" : "11000",
      "p" : "0.0013935",
      "s" : "sell",
      "i" : "VRA_USD",
      "m" : "4611686018430853233"
    }, {
      "d" : "1756461186972079494",
      "t" : 1756461186972,
      "tn" : 1756461186972079494,
      "q" : "10000",
      "p" : "0.0013935",
      "s" : "sell",
      "i" : "VRA_USD",
      "m" : "4611686018430853232"
    }, {
      "d" : "1756461186870138547",
      "t" : 1756461186870,
      "tn" : 1756461186870138547,
      "q" : "15000",
      "p" : "0.0013935",
      "s" : "sell",
      "i" : "VRA_USD",
      "m" : "4611686018430853231"
    }, {
      "d" : "1756461186868103548",
      "t" : 1756461186868,
      "tn" : 1756461186868103548,
      "q" : "15000",
      "p" : "0.0013935",
      "s" : "sell",
      "i" : "VRA_USD",
      "m" : "4611686018430853230"
    }, {
      "d" : "1756461186864618143",
      "t" : 1756461186864,
      "tn" : 1756461186864618143,
      "q" : "15400",
      "p" : "0.0013935",
      "s" : "sell",
      "i" : "VRA_USD",
      "m" : "4611686018430853229"
    }, {
      "d" : "1756460962278036191",
      "t" : 1756460962278,
      "tn" : 1756460962278036191,
      "q" : "824600",
      "p" : "0.0013997",
      "s" : "buy",
      "i" : "VRA_USD",
      "m" : "4611686018430853228"
    }, {
      "d" : "1756460956053251076",
      "t" : 1756460956053,
      "tn" : 1756460956053251076,
      "q" : "557900",
      "p" : "0.0013988",
      "s" : "buy",
      "i" : "VRA_USD",
      "m" : "4611686018430853227"
    }, {
      "d" : "1756460956053249368",
      "t" : 1756460956053,
      "tn" : 1756460956053249368,
      "q" : "7000",
      "p" : "0.0013984",
      "s" : "buy",
      "i" : "VRA_USD",
      "m" : "4611686018430853226"
    }, {
      "d" : "1756460956053247150",
      "t" : 1756460956053,
      "tn" : 1756460956053247150,
      "q" : "393600",
      "p" : "0.0013983",
      "s" : "buy",
      "i" : "VRA_USD",
      "m" : "4611686018430853225"
    }, {
      "d" : "1756460532179182301",
      "t" : 1756460532179,
      "tn" : 1756460532179182301,
      "q" : "24500",
      "p" : "0.0013837",
      "s" : "sell",
      "i" : "VRA_USD",
      "m" : "4611686018430853224"
    }, {
      "d" : "1756460532179180131",
      "t" : 1756460532179,
      "tn" : 1756460532179180131,
      "q" : "78700",
      "p" : "0.0013838",
      "s" : "sell",
      "i" : "VRA_USD",
      "m" : "4611686018430853223"
    }, {
      "d" : "1756460274558325831",
      "t" : 1756460274558,
      "tn" : 1756460274558325831,
      "q" : "16600",
      "p" : "0.0013964",
      "s" : "sell",
      "i" : "VRA_USD",
      "m" : "4611686018430853222"
    }, {
      "d" : "1756460273853536221",
      "t" : 1756460273853,
      "tn" : 1756460273853536221,
      "q" : "11000",
      "p" : "0.0013964",
      "s" : "sell",
      "i" : "VRA_USD",
      "m" : "4611686018430853221"
    }, {
      "d" : "1756460273838845665",
      "t" : 1756460273838,
      "tn" : 1756460273838845665,
      "q" : "37000",
      "p" : "0.0013964",
      "s" : "sell",
      "i" : "VRA_USD",
      "m" : "4611686018430853220"
    }, {
      "d" : "1756460273824002953",
      "t" : 1756460273824,
      "tn" : 1756460273824002953,
      "q" : "37000",
      "p" : "0.0013964",
      "s" : "sell",
      "i" : "VRA_USD",
      "m" : "4611686018430853219"
    }, {
      "d" : "1756460270479035068",
      "t" : 1756460270479,
      "tn" : 1756460270479035068,
      "q" : "13000",
      "p" : "0.0013949",
      "s" : "sell",
      "i" : "VRA_USD",
      "m" : "4611686018430853218"
    }, {
      "d" : "1756460270475332817",
      "t" : 1756460270475,
      "tn" : 1756460270475332817,
      "q" : "13000",
      "p" : "0.0013949",
      "s" : "sell",
      "i" : "VRA_USD",
      "m" : "4611686018430853217"
    }, {
      "d" : "1756460264506669214",
      "t" : 1756460264506,
      "tn" : 1756460264506669214,
      "q" : "24300",
      "p" : "0.0013949",
      "s" : "sell",
      "i" : "VRA_USD",
      "m" : "4611686018430853216"
    }, {
      "d" : "1756460264496303069",
      "t" : 1756460264496,
      "tn" : 1756460264496303069,
      "q" : "24300",
      "p" : "0.0013949",
      "s" : "sell",
      "i" : "VRA_USD",
      "m" : "4611686018430853215"
    }, {
      "d" : "1756460264463963770",
      "t" : 1756460264463,
      "tn" : 1756460264463963770,
      "q" : "24300",
      "p" : "0.0013949",
      "s" : "sell",
      "i" : "VRA_USD",
      "m" : "4611686018430853214"
    }, {
      "d" : "1756459853327167406",
      "t" : 1756459853327,
      "tn" : 1756459853327167406,
      "q" : "28800",
      "p" : "0.0013888",
      "s" : "buy",
      "i" : "VRA_USD",
      "m" : "4611686018430853213"
    }, {
      "d" : "1756459853257177428",
      "t" : 1756459853257,
      "tn" : 1756459853257177428,
      "q" : "30700",
      "p" : "0.0013888",
      "s" : "buy",
      "i" : "VRA_USD",
      "m" : "4611686018430853212"
    }, {
      "d" : "1756458809069573567",
      "t" : 1756458809069,
      "tn" : 1756458809069573567,
      "q" : "38800",
      "p" : "0.0013785",
      "s" : "sell",
      "i" : "VRA_USD",
      "m" : "4611686018430853211"
    }, {
      "d" : "1756458170131453435",
      "t" : 1756458170131,
      "tn" : 1756458170131453435,
      "q" : "14000",
      "p" : "0.0013874",
      "s" : "sell",
      "i" : "VRA_USD",
      "m" : "4611686018430853210"
    }, {
      "d" : "1756458170108035875",
      "t" : 1756458170108,
      "tn" : 1756458170108035875,
      "q" : "28000",
      "p" : "0.0013874",
      "s" : "sell",
      "i" : "VRA_USD",
      "m" : "4611686018430853209"
    }, {
      "d" : "1756458170107973745",
      "t" : 1756458170107,
      "tn" : 1756458170107973745,
      "q" : "28000",
      "p" : "0.0013874",
      "s" : "sell",
      "i" : "VRA_USD",
      "m" : "4611686018430853208"
    }, {
      "d" : "1756458170082696360",
      "t" : 1756458170082,
      "tn" : 1756458170082696360,
      "q" : "10000",
      "p" : "0.0013874",
      "s" : "sell",
      "i" : "VRA_USD",
      "m" : "4611686018430853207"
    }, {
      "d" : "1756458170062838362",
      "t" : 1756458170062,
      "tn" : 1756458170062838362,
      "q" : "11400",
      "p" : "0.0013874",
      "s" : "sell",
      "i" : "VRA_USD",
      "m" : "4611686018430853206"
    }, {
      "d" : "1756458170062836511",
      "t" : 1756458170062,
      "tn" : 1756458170062836511,
      "q" : "2600",
      "p" : "0.0013875",
      "s" : "sell",
      "i" : "VRA_USD",
      "m" : "4611686018430853205"
    }, {
      "d" : "1756458170060997340",
      "t" : 1756458170060,
      "tn" : 1756458170060997340,
      "q" : "14000",
      "p" : "0.0013875",
      "s" : "sell",
      "i" : "VRA_USD",
      "m" : "4611686018430853204"
    }, {
      "d" : "1756458170049648478",
      "t" : 1756458170049,
      "tn" : 1756458170049648478,
      "q" : "12700",
      "p" : "0.0013875",
      "s" : "sell",
      "i" : "VRA_USD",
      "m" : "4611686018430853203"
    }, {
      "d" : "1756458170029722996",
      "t" : 1756458170029,
      "tn" : 1756458170029722996,
      "q" : "14000",
      "p" : "0.0013875",
      "s" : "sell",
      "i" : "VRA_USD",
      "m" : "4611686018430853202"
    }, {
      "d" : "1756458170028157667",
      "t" : 1756458170028,
      "tn" : 1756458170028157667,
      "q" : "14000",
      "p" : "0.0013875",
      "s" : "sell",
      "i" : "VRA_USD",
      "m" : "4611686018430853201"
    }, {
      "d" : "1756457325066642403",
      "t" : 1756457325066,
      "tn" : 1756457325066642403,
      "q" : "9100",
      "p" : "0.0014110",
      "s" : "buy",
      "i" : "VRA_USD",
      "m" : "4611686018430853200"
    }, {
      "d" : "1756457127659689124",
      "t" : 1756457127659,
      "tn" : 1756457127659689124,
      "q" : "69600",
      "p" : "0.0014072",
      "s" : "buy",
      "i" : "VRA_USD",
      "m" : "4611686018430853199"
    }, {
      "d" : "1756456659155438628",
      "t" : 1756456659155,
      "tn" : 1756456659155438627,
      "q" : "72300",
      "p" : "0.0013943",
      "s" : "sell",
      "i" : "VRA_USD",
      "m" : "4611686018430853198"
    }, {
      "d" : "1756456659155438627",
      "t" : 1756456659155,
      "tn" : 1756456659155438627,
      "q" : "28500",
      "p" : "0.0013943",
      "s" : "sell",
      "i" : "VRA_USD",
      "m" : "4611686018430853198"
    }, {
      "d" : "1756456060307944468",
      "t" : 1756456060307,
      "tn" : 1756456060307944468,
      "q" : "13700",
      "p" : "0.0013947",
      "s" : "buy",
      "i" : "VRA_USD",
      "m" : "4611686018430853197"
    }, {
      "d" : "1756456060299529499",
      "t" : 1756456060299,
      "tn" : 1756456060299529499,
      "q" : "15500",
      "p" : "0.0013947",
      "s" : "buy",
      "i" : "VRA_USD",
      "m" : "4611686018430853196"
    }, {
      "d" : "1756456060293810377",
      "t" : 1756456060293,
      "tn" : 1756456060293810377,
      "q" : "15000",
      "p" : "0.0013947",
      "s" : "buy",
      "i" : "VRA_USD",
      "m" : "4611686018430853195"
    }, {
      "d" : "1756455998036981459",
      "t" : 1756455998036,
      "tn" : 1756455998036981459,
      "q" : "36000",
      "p" : "0.0014041",
      "s" : "buy",
      "i" : "VRA_USD",
      "m" : "4611686018430853194"
    }, {
      "d" : "1756455989275092777",
      "t" : 1756455989275,
      "tn" : 1756455989275092777,
      "q" : "121200",
      "p" : "0.0014019",
      "s" : "buy",
      "i" : "VRA_USD",
      "m" : "4611686018430853193"
    }, {
      "d" : "1756455989275090646",
      "t" : 1756455989275,
      "tn" : 1756455989275090646,
      "q" : "392300",
      "p" : "0.0014018",
      "s" : "buy",
      "i" : "VRA_USD",
      "m" : "4611686018430853192"
    }, {
      "d" : "1756455989275086876",
      "t" : 1756455989275,
      "tn" : 1756455989275086876,
      "q" : "121200",
      "p" : "0.0014017",
      "s" : "buy",
      "i" : "VRA_USD",
      "m" : "4611686018430853191"
    }, {
      "d" : "1756455960175792943",
      "t" : 1756455960175,
      "tn" : 1756455960175792943,
      "q" : "45000",
      "p" : "0.0013909",
      "s" : "buy",
      "i" : "VRA_USD",
      "m" : "4611686018430853190"
    }, {
      "d" : "1756455960172627694",
      "t" : 1756455960172,
      "tn" : 1756455960172627694,
      "q" : "40000",
      "p" : "0.0013909",
      "s" : "buy",
      "i" : "VRA_USD",
      "m" : "4611686018430853189"
    }, {
      "d" : "1756455960172618595",
      "t" : 1756455960172,
      "tn" : 1756455960172618595,
      "q" : "260000",
      "p" : "0.0013909",
      "s" : "buy",
      "i" : "VRA_USD",
      "m" : "4611686018430853188"
    }, {
      "d" : "1756455960172030625",
      "t" : 1756455960172,
      "tn" : 1756455960172030625,
      "q" : "40300",
      "p" : "0.0013909",
      "s" : "buy",
      "i" : "VRA_USD",
      "m" : "4611686018430853187"
    }, {
      "d" : "1756455960164867416",
      "t" : 1756455960164,
      "tn" : 1756455960164867416,
      "q" : "64700",
      "p" : "0.0013909",
      "s" : "buy",
      "i" : "VRA_USD",
      "m" : "4611686018430853186"
    }, {
      "d" : "1756455960162883567",
      "t" : 1756455960162,
      "tn" : 1756455960162883567,
      "q" : "350000",
      "p" : "0.0013909",
      "s" : "buy",
      "i" : "VRA_USD",
      "m" : "4611686018430853185"
    }, {
      "d" : "1756455702582447935",
      "t" : 1756455702582,
      "tn" : 1756455702582447935,
      "q" : "42900",
      "p" : "0.0014045",
      "s" : "buy",
      "i" : "VRA_USD",
      "m" : "4611686018430853184"
    }, {
      "d" : "1756453841080004672",
      "t" : 1756453841080,
      "tn" : 1756453841080004672,
      "q" : "28500",
      "p" : "0.0014054",
      "s" : "buy",
      "i" : "VRA_USD",
      "m" : "4611686018430853183"
    }, {
      "d" : "1756453830732195034",
      "t" : 1756453830732,
      "tn" : 1756453830732195034,
      "q" : "17800",
      "p" : "0.0014018",
      "s" : "buy",
      "i" : "VRA_USD",
      "m" : "4611686018430853182"
    }, {
      "d" : "1756453586113280028",
      "t" : 1756453586113,
      "tn" : 1756453586113280028,
      "q" : "391800",
      "p" : "0.0013974",
      "s" : "sell",
      "i" : "VRA_USD",
      "m" : "4611686018430853181"
    }, {
      "d" : "1756453040721592937",
      "t" : 1756453040721,
      "tn" : 1756453040721592937,
      "q" : "349500",
      "p" : "0.0014169",
      "s" : "buy",
      "i" : "VRA_USD",
      "m" : "4611686018430853180"
    }, {
      "d" : "1756453040702625959",
      "t" : 1756453040702,
      "tn" : 1756453040702625959,
      "q" : "253400",
      "p" : "0.0013982",
      "s" : "sell",
      "i" : "VRA_USD",
      "m" : "4611686018430853179"
    }, {
      "d" : "1756453040702623869",
      "t" : 1756453040702,
      "tn" : 1756453040702623869,
      "q" : "96100",
      "p" : "0.0014000",
      "s" : "sell",
      "i" : "VRA_USD",
      "m" : "4611686018430853178"
    }, {
      "d" : "1756453040687498751",
      "t" : 1756453040687,
      "tn" : 1756453040687498751,
      "q" : "3900",
      "p" : "0.0014000",
      "s" : "sell",
      "i" : "VRA_USD",
      "m" : "4611686018430853177"
    }, {
      "d" : "1756453040687497223",
      "t" : 1756453040687,
      "tn" : 1756453040687497223,
      "q" : "39100",
      "p" : "0.0014003",
      "s" : "sell",
      "i" : "VRA_USD",
      "m" : "4611686018430853176"
    }, {
      "d" : "1756453040687495280",
      "t" : 1756453040687,
      "tn" : 1756453040687495280,
      "q" : "314100",
      "p" : "0.0014004",
      "s" : "sell",
      "i" : "VRA_USD",
      "m" : "4611686018430853175"
    }, {
      "d" : "1756453040650422761",
      "t" : 1756453040650,
      "tn" : 1756453040650422761,
      "q" : "140000",
      "p" : "0.0014003",
      "s" : "sell",
      "i" : "VRA_USD",
      "m" : "4611686018430853174"
    }, {
      "d" : "1756453040649462252",
      "t" : 1756453040649,
      "tn" : 1756453040649462252,
      "q" : "303500",
      "p" : "0.0014003",
      "s" : "sell",
      "i" : "VRA_USD",
      "m" : "4611686018430853173"
    }, {
      "d" : "1756453040649460713",
      "t" : 1756453040649,
      "tn" : 1756453040649460713,
      "q" : "416500",
      "p" : "0.0014040",
      "s" : "sell",
      "i" : "VRA_USD",
      "m" : "4611686018430853172"
    }, {
      "d" : "1756453040648187905",
      "t" : 1756453040648,
      "tn" : 1756453040648187905,
      "q" : "86000",
      "p" : "0.0014040",
      "s" : "sell",
      "i" : "VRA_USD",
      "m" : "4611686018430853171"
    }, {
      "d" : "1756453040640934452",
      "t" : 1756453040640,
      "tn" : 1756453040640934452,
      "q" : "80300",
      "p" : "0.0014040",
      "s" : "sell",
      "i" : "VRA_USD",
      "m" : "4611686018430853170"
    }, {
      "d" : "1756453040640931963",
      "t" : 1756453040640,
      "tn" : 1756453040640931961,
      "q" : "86400",
      "p" : "0.0014056",
      "s" : "sell",
      "i" : "VRA_USD",
      "m" : "4611686018430853169"
    }, {
      "d" : "1756453040640931962",
      "t" : 1756453040640,
      "tn" : 1756453040640931961,
      "q" : "85000",
      "p" : "0.0014056",
      "s" : "sell",
      "i" : "VRA_USD",
      "m" : "4611686018430853169"
    }, {
      "d" : "1756453040640931961",
      "t" : 1756453040640,
      "tn" : 1756453040640931961,
      "q" : "85000",
      "p" : "0.0014056",
      "s" : "sell",
      "i" : "VRA_USD",
      "m" : "4611686018430853169"
    }, {
      "d" : "1756453040640926981",
      "t" : 1756453040640,
      "tn" : 1756453040640926981,
      "q" : "19600",
      "p" : "0.0014057",
      "s" : "sell",
      "i" : "VRA_USD",
      "m" : "4611686018430853168"
    }, {
      "d" : "1756453040639998131",
      "t" : 1756453040639,
      "tn" : 1756453040639998131,
      "q" : "355700",
      "p" : "0.0014057",
      "s" : "sell",
      "i" : "VRA_USD",
      "m" : "4611686018430853167"
    }, {
      "d" : "1756452709225228700",
      "t" : 1756452709225,
      "tn" : 1756452709225228700,
      "q" : "8000",
      "p" : "0.0014105",
      "s" : "buy",
      "i" : "VRA_USD",
      "m" : "4611686018430853166"
    }, {
      "d" : "1756452709224784251",
      "t" : 1756452709224,
      "tn" : 1756452709224784251,
      "q" : "18300",
      "p" : "0.0014105",
      "s" : "buy",
      "i" : "VRA_USD",
      "m" : "4611686018430853165"
    }, {
      "d" : "1756452709224040988",
      "t" : 1756452709224,
      "tn" : 1756452709224040988,
      "q" : "44000",
      "p" : "0.0014105",
      "s" : "buy",
      "i" : "VRA_USD",
      "m" : "4611686018430853164"
    }, {
      "d" : "1756452709216847426",
      "t" : 1756452709216,
      "tn" : 1756452709216847426,
      "q" : "44800",
      "p" : "0.0014105",
      "s" : "buy",
      "i" : "VRA_USD",
      "m" : "4611686018430853163"
    }, {
      "d" : "1756452709200616192",
      "t" : 1756452709200,
      "tn" : 1756452709200616192,
      "q" : "456700",
      "p" : "0.0014105",
      "s" : "sell",
      "i" : "VRA_USD",
      "m" : "4611686018430853162"
    }, {
      "d" : "1756452525912739708",
      "t" : 1756452525912,
      "tn" : 1756452525912739708,
      "q" : "12400",
      "p" : "0.0014217",
      "s" : "buy",
      "i" : "VRA_USD",
      "m" : "4611686018430853161"
    }, {
      "d" : "1756452485034255888",
      "t" : 1756452485034,
      "tn" : 1756452485034255888,
      "q" : "950000",
      "p" : "0.0014074",
      "s" : "sell",
      "i" : "VRA_USD",
      "m" : "4611686018430853160"
    }, {
      "d" : "1756452485034253468",
      "t" : 1756452485034,
      "tn" : 1756452485034253468,
      "q" : "12400",
      "p" : "0.0014076",
      "s" : "sell",
      "i" : "VRA_USD",
      "m" : "4611686018430853159"
    }, {
      "d" : "1756451902278130562",
      "t" : 1756451902278,
      "tn" : 1756451902278130562,
      "q" : "155000",
      "p" : "0.0014235",
      "s" : "buy",
      "i" : "VRA_USD",
      "m" : "4611686018430853158"
    }, {
      "d" : "1756451862845731668",
      "t" : 1756451862845,
      "tn" : 1756451862845731668,
      "q" : "7400",
      "p" : "0.0014235",
      "s" : "buy",
      "i" : "VRA_USD",
      "m" : "4611686018430853157"
    }, {
      "d" : "1756451781214879142",
      "t" : 1756451781214,
      "tn" : 1756451781214879142,
      "q" : "180200",
      "p" : "0.0014079",
      "s" : "sell",
      "i" : "VRA_USD",
      "m" : "4611686018430853156"
    }, {
      "d" : "1756451369907742082",
      "t" : 1756451369907,
      "tn" : 1756451369907742082,
      "q" : "361200",
      "p" : "0.0014156",
      "s" : "sell",
      "i" : "VRA_USD",
      "m" : "4611686018430853155"
    }, {
      "d" : "1756451361912976309",
      "t" : 1756451361912,
      "tn" : 1756451361912976309,
      "q" : "12300",
      "p" : "0.0014187",
      "s" : "buy",
      "i" : "VRA_USD",
      "m" : "4611686018430853154"
    }, {
      "d" : "1756451361911214414",
      "t" : 1756451361911,
      "tn" : 1756451361911214414,
      "q" : "12000",
      "p" : "0.0014187",
      "s" : "buy",
      "i" : "VRA_USD",
      "m" : "4611686018430853153"
    }, {
      "d" : "1756451361910470844",
      "t" : 1756451361910,
      "tn" : 1756451361910470844,
      "q" : "12300",
      "p" : "0.0014187",
      "s" : "buy",
      "i" : "VRA_USD",
      "m" : "4611686018430853152"
    }, {
      "d" : "1756451361904833095",
      "t" : 1756451361904,
      "tn" : 1756451361904833095,
      "q" : "12000",
      "p" : "0.0014187",
      "s" : "buy",
      "i" : "VRA_USD",
      "m" : "4611686018430853151"
    }, {
      "d" : "1756451346839693927",
      "t" : 1756451346839,
      "tn" : 1756451346839693927,
      "q" : "2700",
      "p" : "0.0014146",
      "s" : "sell",
      "i" : "VRA_USD",
      "m" : "4611686018430853150"
    }, {
      "d" : "1756451346839691067",
      "t" : 1756451346839,
      "tn" : 1756451346839691067,
      "q" : "21000",
      "p" : "0.0014242",
      "s" : "sell",
      "i" : "VRA_USD",
      "m" : "4611686018430853149"
    }, {
      "d" : "1756449164949442350",
      "t" : 1756449164949,
      "tn" : 1756449164949442350,
      "q" : "10000",
      "p" : "0.0014367",
      "s" : "sell",
      "i" : "VRA_USD",
      "m" : "4611686018430853148"
    }, {
      "d" : "1756449127336215574",
      "t" : 1756449127336,
      "tn" : 1756449127336215574,
      "q" : "23300",
      "p" : "0.0014335",
      "s" : "sell",
      "i" : "VRA_USD",
      "m" : "4611686018430853147"
    }, {
      "d" : "1756449127329558737",
      "t" : 1756449127329,
      "tn" : 1756449127329558737,
      "q" : "26000",
      "p" : "0.0014335",
      "s" : "sell",
      "i" : "VRA_USD",
      "m" : "4611686018430853146"
    }, {
      "d" : "1756449127324318375",
      "t" : 1756449127324,
      "tn" : 1756449127324318375,
      "q" : "16500",
      "p" : "0.0014335",
      "s" : "sell",
      "i" : "VRA_USD",
      "m" : "4611686018430853145"
    }, {
      "d" : "1756448376533335595",
      "t" : 1756448376533,
      "tn" : 1756448376533335595,
      "q" : "93100",
      "p" : "0.0014322",
      "s" : "buy",
      "i" : "VRA_USD",
      "m" : "4611686018430853144"
    }, {
      "d" : "1756448140745871448",
      "t" : 1756448140745,
      "tn" : 1756448140745871448,
      "q" : "10000",
      "p" : "0.0014242",
      "s" : "sell",
      "i" : "VRA_USD",
      "m" : "4611686018430853143"
    }, {
      "d" : "1756448140031143633",
      "t" : 1756448140031,
      "tn" : 1756448140031143633,
      "q" : "53500",
      "p" : "0.0014242",
      "s" : "sell",
      "i" : "VRA_USD",
      "m" : "4611686018430853142"
    }, {
      "d" : "1756448140031141843",
      "t" : 1756448140031,
      "tn" : 1756448140031141843,
      "q" : "23500",
      "p" : "0.0014248",
      "s" : "sell",
      "i" : "VRA_USD",
      "m" : "4611686018430853141"
    }, {
      "d" : "1756448140012902619",
      "t" : 1756448140012,
      "tn" : 1756448140012902619,
      "q" : "130000",
      "p" : "0.0014249",
      "s" : "sell",
      "i" : "VRA_USD",
      "m" : "4611686018430853140"
    }, {
      "d" : "1756448140002613504",
      "t" : 1756448140002,
      "tn" : 1756448140002613504,
      "q" : "8000",
      "p" : "0.0014249",
      "s" : "sell",
      "i" : "VRA_USD",
      "m" : "4611686018430853139"
    }, {
      "d" : "1756448140002612094",
      "t" : 1756448140002,
      "tn" : 1756448140002612094,
      "q" : "2000",
      "p" : "0.0014250",
      "s" : "sell",
      "i" : "VRA_USD",
      "m" : "4611686018430853138"
    }, {
      "d" : "1756448139979463224",
      "t" : 1756448139979,
      "tn" : 1756448139979463224,
      "q" : "13000",
      "p" : "0.0014250",
      "s" : "sell",
      "i" : "VRA_USD",
      "m" : "4611686018430853137"
    }, {
      "d" : "1756448139943418696",
      "t" : 1756448139943,
      "tn" : 1756448139943418696,
      "q" : "11000",
      "p" : "0.0014248",
      "s" : "sell",
      "i" : "VRA_USD",
      "m" : "4611686018430853136"
    }, {
      "d" : "1756448139921370038",
      "t" : 1756448139921,
      "tn" : 1756448139921370038,
      "q" : "11000",
      "p" : "0.0014249",
      "s" : "sell",
      "i" : "VRA_USD",
      "m" : "4611686018430853135"
    }, {
      "d" : "1756448139920981170",
      "t" : 1756448139920,
      "tn" : 1756448139920981170,
      "q" : "52000",
      "p" : "0.0014249",
      "s" : "sell",
      "i" : "VRA_USD",
      "m" : "4611686018430853134"
    }, {
      "d" : "1756448139920950440",
      "t" : 1756448139920,
      "tn" : 1756448139920950440,
      "q" : "52000",
      "p" : "0.0014249",
      "s" : "sell",
      "i" : "VRA_USD",
      "m" : "4611686018430853133"
    }, {
      "d" : "1756448094532094142",
      "t" : 1756448094532,
      "tn" : 1756448094532094142,
      "q" : "30000",
      "p" : "0.0014328",
      "s" : "buy",
      "i" : "VRA_USD",
      "m" : "4611686018430853132"
    }, {
      "d" : "1756447745342875447",
      "t" : 1756447745342,
      "tn" : 1756447745342875447,
      "q" : "5500",
      "p" : "0.0014249",
      "s" : "sell",
      "i" : "VRA_USD",
      "m" : "4611686018430853131"
    }, {
      "d" : "1756447745342874003",
      "t" : 1756447745342,
      "tn" : 1756447745342874003,
      "q" : "27000",
      "p" : "0.0014320",
      "s" : "sell",
      "i" : "VRA_USD",
      "m" : "4611686018430853130"
    }, {
      "d" : "1756447745331900638",
      "t" : 1756447745331,
      "tn" : 1756447745331900638,
      "q" : "40000",
      "p" : "0.0014320",
      "s" : "sell",
      "i" : "VRA_USD",
      "m" : "4611686018430853129"
    }, {
      "d" : "1756447745318723519",
      "t" : 1756447745318,
      "tn" : 1756447745318723519,
      "q" : "52000",
      "p" : "0.0014320",
      "s" : "sell",
      "i" : "VRA_USD",
      "m" : "4611686018430853128"
    }, {
      "d" : "1756447745306217835",
      "t" : 1756447745306,
      "tn" : 1756447745306217835,
      "q" : "83500",
      "p" : "0.0014320",
      "s" : "sell",
      "i" : "VRA_USD",
      "m" : "4611686018430853127"
    }, {
      "d" : "1756447745282980985",
      "t" : 1756447745282,
      "tn" : 1756447745282980985,
      "q" : "10000",
      "p" : "0.0014320",
      "s" : "sell",
      "i" : "VRA_USD",
      "m" : "4611686018430853126"
    }, {
      "d" : "1756447745282972313",
      "t" : 1756447745282,
      "tn" : 1756447745282972313,
      "q" : "59000",
      "p" : "0.0014320",
      "s" : "sell",
      "i" : "VRA_USD",
      "m" : "4611686018430853125"
    }, {
      "d" : "1756447745267570001",
      "t" : 1756447745267,
      "tn" : 1756447745267570001,
      "q" : "120000",
      "p" : "0.0014320",
      "s" : "sell",
      "i" : "VRA_USD",
      "m" : "4611686018430853124"
    }, {
      "d" : "1756447745267567938",
      "t" : 1756447745267,
      "tn" : 1756447745267567938,
      "q" : "34000",
      "p" : "0.0014320",
      "s" : "sell",
      "i" : "VRA_USD",
      "m" : "4611686018430853123"
    }, {
      "d" : "1756447745267490252",
      "t" : 1756447745267,
      "tn" : 1756447745267490252,
      "q" : "34000",
      "p" : "0.0014320",
      "s" : "sell",
      "i" : "VRA_USD",
      "m" : "4611686018430853122"
    }, {
      "d" : "1756447745267471442",
      "t" : 1756447745267,
      "tn" : 1756447745267471442,
      "q" : "9800",
      "p" : "0.0014320",
      "s" : "sell",
      "i" : "VRA_USD",
      "m" : "4611686018430853121"
    }, {
      "d" : "1756447745267469278",
      "t" : 1756447745267,
      "tn" : 1756447745267469278,
      "q" : "56500",
      "p" : "0.0014321",
      "s" : "sell",
      "i" : "VRA_USD",
      "m" : "4611686018430853120"
    }, {
      "d" : "1756447745264602962",
      "t" : 1756447745264,
      "tn" : 1756447745264602962,
      "q" : "34900",
      "p" : "0.0014321",
      "s" : "sell",
      "i" : "VRA_USD",
      "m" : "4611686018430853119"
    }, {
      "d" : "1756447745259014478",
      "t" : 1756447745259,
      "tn" : 1756447745259014478,
      "q" : "29000",
      "p" : "0.0014321",
      "s" : "sell",
      "i" : "VRA_USD",
      "m" : "4611686018430853118"
    }, {
      "d" : "1756447745256659307",
      "t" : 1756447745256,
      "tn" : 1756447745256659307,
      "q" : "72200",
      "p" : "0.0014321",
      "s" : "sell",
      "i" : "VRA_USD",
      "m" : "4611686018430853117"
    }, {
      "d" : "1756447745245242751",
      "t" : 1756447745245,
      "tn" : 1756447745245242751,
      "q" : "84500",
      "p" : "0.0014321",
      "s" : "sell",
      "i" : "VRA_USD",
      "m" : "4611686018430853116"
    }, {
      "d" : "1756446988148264831",
      "t" : 1756446988148,
      "tn" : 1756446988148264831,
      "q" : "36000",
      "p" : "0.0014321",
      "s" : "sell",
      "i" : "VRA_USD",
      "m" : "4611686018430853115"
    }, {
      "d" : "1756446981883233182",
      "t" : 1756446981883,
      "tn" : 1756446981883233182,
      "q" : "64000",
      "p" : "0.0014321",
      "s" : "sell",
      "i" : "VRA_USD",
      "m" : "4611686018430853114"
    }, {
      "d" : "1756446845689837778",
      "t" : 1756446845689,
      "tn" : 1756446845689837778,
      "q" : "11300",
      "p" : "0.0014385",
      "s" : "sell",
      "i" : "VRA_USD",
      "m" : "4611686018430853113"
    }, {
      "d" : "1756446845685938427",
      "t" : 1756446845685,
      "tn" : 1756446845685938427,
      "q" : "30000",
      "p" : "0.0014385",
      "s" : "sell",
      "i" : "VRA_USD",
      "m" : "4611686018430853112"
    }, {
      "d" : "1756446845684993367",
      "t" : 1756446845684,
      "tn" : 1756446845684993367,
      "q" : "27500",
      "p" : "0.0014385",
      "s" : "sell",
      "i" : "VRA_USD",
      "m" : "4611686018430853111"
    }, {
      "d" : "1756446845670947341",
      "t" : 1756446845670,
      "tn" : 1756446845670947341,
      "q" : "7100",
      "p" : "0.0014385",
      "s" : "buy",
      "i" : "VRA_USD",
      "m" : "4611686018430853110"
    }, {
      "d" : "1756445706559928044",
      "t" : 1756445706559,
      "tn" : 1756445706559928043,
      "q" : "5800",
      "p" : "0.0014278",
      "s" : "sell",
      "i" : "VRA_USD",
      "m" : "4611686018430853109"
    }, {
      "d" : "1756445706559928043",
      "t" : 1756445706559,
      "tn" : 1756445706559928043,
      "q" : "25200",
      "p" : "0.0014278",
      "s" : "sell",
      "i" : "VRA_USD",
      "m" : "4611686018430853109"
    }, {
      "d" : "1756445692413266084",
      "t" : 1756445692413,
      "tn" : 1756445692413266084,
      "q" : "44900",
      "p" : "0.0014278",
      "s" : "sell",
      "i" : "VRA_USD",
      "m" : "4611686018430853108"
    }, {
      "d" : "1756445161474865151",
      "t" : 1756445161474,
      "tn" : 1756445161474865151,
      "q" : "33800",
      "p" : "0.0014330",
      "s" : "sell",
      "i" : "VRA_USD",
      "m" : "4611686018430853107"
    }, {
      "d" : "1756445161474862896",
      "t" : 1756445161474,
      "tn" : 1756445161474862896,
      "q" : "28500",
      "p" : "0.0014337",
      "s" : "sell",
      "i" : "VRA_USD",
      "m" : "4611686018430853106"
    }, {
      "d" : "1756445161443234949",
      "t" : 1756445161443,
      "tn" : 1756445161443234949,
      "q" : "17000",
      "p" : "0.0014330",
      "s" : "sell",
      "i" : "VRA_USD",
      "m" : "4611686018430853105"
    }, {
      "d" : "1756445161438302750",
      "t" : 1756445161438,
      "tn" : 1756445161438302750,
      "q" : "120000",
      "p" : "0.0014330",
      "s" : "sell",
      "i" : "VRA_USD",
      "m" : "4611686018430853104"
    }, {
      "d" : "1756445161438298986",
      "t" : 1756445161438,
      "tn" : 1756445161438298986,
      "q" : "160000",
      "p" : "0.0014330",
      "s" : "sell",
      "i" : "VRA_USD",
      "m" : "4611686018430853103"
    }, {
      "d" : "1756445161436836083",
      "t" : 1756445161436,
      "tn" : 1756445161436836083,
      "q" : "163400",
      "p" : "0.0014330",
      "s" : "sell",
      "i" : "VRA_USD",
      "m" : "4611686018430853102"
    }, {
      "d" : "1756445161427085638",
      "t" : 1756445161427,
      "tn" : 1756445161427085638,
      "q" : "52700",
      "p" : "0.0014330",
      "s" : "sell",
      "i" : "VRA_USD",
      "m" : "4611686018430853101"
    }, {
      "d" : "1756445161426337938",
      "t" : 1756445161426,
      "tn" : 1756445161426337938,
      "q" : "24100",
      "p" : "0.0014330",
      "s" : "sell",
      "i" : "VRA_USD",
      "m" : "4611686018430853100"
    }, {
      "d" : "1756445161426335643",
      "t" : 1756445161426,
      "tn" : 1756445161426335643,
      "q" : "28500",
      "p" : "0.0014335",
      "s" : "sell",
      "i" : "VRA_USD",
      "m" : "4611686018430853099"
    }, {
      "d" : "1756445076356385534",
      "t" : 1756445076356,
      "tn" : 1756445076356385534,
      "q" : "10300",
      "p" : "0.0014439",
      "s" : "buy",
      "i" : "VRA_USD",
      "m" : "4611686018430853098"
    }, {
      "d" : "1756442733352986283",
      "t" : 1756442733352,
      "tn" : 1756442733352986283,
      "q" : "17400",
      "p" : "0.0014461",
      "s" : "sell",
      "i" : "VRA_USD",
      "m" : "4611686018430853097"
    }, {
      "d" : "1756441930539408813",
      "t" : 1756441930539,
      "tn" : 1756441930539408813,
      "q" : "8000",
      "p" : "0.0014429",
      "s" : "sell",
      "i" : "VRA_USD",
      "m" : "4611686018430853096"
    }, {
      "d" : "1756441673861472130",
      "t" : 1756441673861,
      "tn" : 1756441673861472130,
      "q" : "9100",
      "p" : "0.0014547",
      "s" : "buy",
      "i" : "VRA_USD",
      "m" : "4611686018430853095"
    }, {
      "d" : "1756441673861470122",
      "t" : 1756441673861,
      "tn" : 1756441673861470122,
      "q" : "40100",
      "p" : "0.0014546",
      "s" : "buy",
      "i" : "VRA_USD",
      "m" : "4611686018430853094"
    }, {
      "d" : "1756439355014384538",
      "t" : 1756439355014,
      "tn" : 1756439355014384538,
      "q" : "15700",
      "p" : "0.0014566",
      "s" : "buy",
      "i" : "VRA_USD",
      "m" : "4611686018430853093"
    }, {
      "d" : "1756439203669329308",
      "t" : 1756439203669,
      "tn" : 1756439203669329308,
      "q" : "6900",
      "p" : "0.0014555",
      "s" : "buy",
      "i" : "VRA_USD",
      "m" : "4611686018430853092"
    }, {
      "d" : "1756439145851366160",
      "t" : 1756439145851,
      "tn" : 1756439145851366160,
      "q" : "9300",
      "p" : "0.0014550",
      "s" : "buy",
      "i" : "VRA_USD",
      "m" : "4611686018430853091"
    } ]
  }
}