{
  "id" : -1,
  "method" : "public/get-trades",
  "code" : 0,
  "result" : {
    "data" : [ {
      "d" : "1756453040688399622",
      "t" : 1756453040688,
      "tn" : 1756453040688399622,
      "q" : "314100",
      "p" : "0.0014023",
      "s" : "sell",
      "i" : "VRA_USDT",
      "m" : "4611686018430740404"
    }, {
      "d" : "1756453040640001948",
      "t" : 1756453040640,
      "tn" : 1756453040640001948,
      "q" : "356300",
      "p" : "0.0014033",
      "s" : "sell",
      "i" : "VRA_USDT",
      "m" : "4611686018430740403"
    }, {
      "d" : "1756445161426310307",
      "t" : 1756445161426,
      "tn" : 1756445161426310307,
      "q" : "52700",
      "p" : "0.0014311",
      "s" : "sell",
      "i" : "VRA_USDT",
      "m" : "4611686018430740402"
    }, {
      "d" : "1756402815408687515",
      "t" : 1756402815408,
      "tn" : 1756402815408687515,
      "q" : "6800",
      "p" : "0.0014471",
      "s" : "sell",
      "i" : "VRA_USDT",
      "m" : "4611686018430740401"
    }, {
      "d" : "1756402815397227081",
      "t" : 1756402815397,
      "tn" : 1756402815397227081,
      "q" : "12200",
      "p" : "0.0014471",
      "s" : "sell",
      "i" : "VRA_USDT",
      "m" : "4611686018430740400"
    }, {
      "d" : "1756402805677269109",
      "t" : 1756402805677,
      "tn" : 1756402805677269109,
      "q" : "17400",
      "p" : "0.0014487",
      "s" : "sell",
      "i" : "VRA_USDT",
      "m" : "4611686018430740399"
    }, {
      "d" : "1756402735626684314",
      "t" : 1756402735626,
      "tn" : 1756402735626684314,
      "q" : "8700",
      "p" : "0.0014461",
      "s" : "sell",
      "i" : "VRA_USDT",
      "m" : "4611686018430740398"
    }, {
      "d" : "1756402650403734739",
      "t" : 1756402650403,
      "tn" : 1756402650403734739,
      "q" : "1600",
      "p" : "0.0014461",
      "s" : "sell",
      "i" : "VRA_USDT",
      "m" : "4611686018430740397"
    }, {
      "d" : "1756393190815562718",
      "t" : 1756393190815,
      "tn" : 1756393190815562718,
      "q" : "110200",
      "p" : "0.0014640",
      "s" : "sell",
      "i" : "VRA_USDT",
      "m" : "4611686018430740396"
    }, {
      "d" : "1756391123986354162",
      "t" : 1756391123986,
      "tn" : 1756391123986354162,
      "q" : "52000",
      "p" : "0.0014748",
      "s" : "buy",
      "i" : "VRA_USDT",
      "m" : "4611686018430740395"
    }, {
      "d" : "1756391123986351586",
      "t" : 1756391123986,
      "tn" : 1756391123986351586,
      "q" : "11700",
      "p" : "0.0014747",
      "s" : "buy",
      "i" : "VRA_USDT",
      "m" : "4611686018430740394"
    }, {
      "d" : "1756384860526577013",
      "t" : 1756384860526,
      "tn" : 1756384860526577013,
      "q" : "1100",
      "p" : "0.0014708",
      "s" : "buy",
      "i" : "VRA_USDT",
      "m" : "4611686018430740393"
    }, {
      "d" : "1756384851873974904",
      "t" : 1756384851873,
      "tn" : 1756384851873974904,
      "q" : "17000",
      "p" : "0.0014698",
      "s" : "buy",
      "i" : "VRA_USDT",
      "m" : "4611686018430740392"
    }, {
      "d" : "1756384838629181184",
      "t" : 1756384838629,
      "tn" : 1756384838629181184,
      "q" : "118300",
      "p" : "0.0014668",
      "s" : "buy",
      "i" : "VRA_USDT",
      "m" : "4611686018430740391"
    }, {
      "d" : "1756384838629179266",
      "t" : 1756384838629,
      "tn" : 1756384838629179266,
      "q" : "11700",
      "p" : "0.0014667",
      "s" : "buy",
      "i" : "VRA_USDT",
      "m" : "4611686018430740390"
    }, {
      "d" : "1756384818244992209",
      "t" : 1756384818244,
      "tn" : 1756384818244992209,
      "q" : "50600",
      "p" : "0.0014760",
      "s" : "buy",
      "i" : "VRA_USDT",
      "m" : "4611686018430740389"
    }, {
      "d" : "1756384818244990020",
      "t" : 1756384818244,
      "tn" : 1756384818244990020,
      "q" : "273900",
      "p" : "0.0014742",
      "s" : "buy",
      "i" : "VRA_USDT",
      "m" : "4611686018430740388"
    }, {
      "d" : "1756384818244986121",
      "t" : 1756384818244,
      "tn" : 1756384818244986121,
      "q" : "528100",
      "p" : "0.0014719",
      "s" : "buy",
      "i" : "VRA_USDT",
      "m" : "4611686018430740387"
    }, {
      "d" : "1756384818244983884",
      "t" : 1756384818244,
      "tn" : 1756384818244983884,
      "q" : "617800",
      "p" : "0.0014697",
      "s" : "buy",
      "i" : "VRA_USDT",
      "m" : "4611686018430740386"
    }, {
      "d" : "1756384818244980684",
      "t" : 1756384818244,
      "tn" : 1756384818244980684,
      "q" : "386200",
      "p" : "0.0014678",
      "s" : "buy",
      "i" : "VRA_USDT",
      "m" : "4611686018430740385"
    }, {
      "d" : "1756384818244978361",
      "t" : 1756384818244,
      "tn" : 1756384818244978361,
      "q" : "482600",
      "p" : "0.0014658",
      "s" : "buy",
      "i" : "VRA_USDT",
      "m" : "4611686018430740384"
    }, {
      "d" : "1756384818244976706",
      "t" : 1756384818244,
      "tn" : 1756384818244976706,
      "q" : "305400",
      "p" : "0.0014657",
      "s" : "buy",
      "i" : "VRA_USDT",
      "m" : "4611686018430740383"
    }, {
      "d" : "1756384818244970952",
      "t" : 1756384818244,
      "tn" : 1756384818244970952,
      "q" : "165400",
      "p" : "0.0014654",
      "s" : "buy",
      "i" : "VRA_USDT",
      "m" : "4611686018430740382"
    } ]
  }
}