{
  "id" : -1,
  "method" : "public/get-trades",
  "code" : 0,
  "result" : {
    "data" : [ {
      "d" : "1756408147938531095",
      "t" : 1756408147938,
      "tn" : 1756408147938531095,
      "q" : "1000",
      "p" : "0.0014429",
      "s" : "buy",
      "i" : "VRAUSD-PERP",
      "m" : "4611686018428967583"
    }, {
      "d" : "1756406707548399357",
      "t" : 1756406707548,
      "tn" : 1756406707548399357,
      "q" : "1000",
      "p" : "0.0014263",
      "s" : "buy",
      "i" : "VRAUSD-PERP",
      "m" : "4611686018428967582"
    }, {
      "d" : "1756405588758499872",
      "t" : 1756405588758,
      "tn" : 1756405588758499872,
      "q" : "1000",
      "p" : "0.0014484",
      "s" : "sell",
      "i" : "VRAUSD-PERP",
      "m" : "4611686018428967581"
    }, {
      "d" : "1756405470138407694",
      "t" : 1756405470138,
      "tn" : 1756405470138407694,
      "q" : "1000",
      "p" : "0.0014485",
      "s" : "sell",
      "i" : "VRAUSD-PERP",
      "m" : "4611686018428967580"
    }, {
      "d" : "1756405385041298324",
      "t" : 1756405385041,
      "tn" : 1756405385041298324,
      "q" : "41000",
      "p" : "0.0014454",
      "s" : "buy",
      "i" : "VRAUSD-PERP",
      "m" : "4611686018428967579"
    }, {
      "d" : "1756404973918409737",
      "t" : 1756404973918,
      "tn" : 1756404973918409737,
      "q" : "1000",
      "p" : "0.0014479",
      "s" : "buy",
      "i" : "VRAUSD-PERP",
      "m" : "4611686018428967578"
    }, {
      "d" : "1756402802298419443",
      "t" : 1756402802298,
      "tn" : 1756402802298419443,
      "q" : "1000",
      "p" : "0.0014515",
      "s" : "buy",
      "i" : "VRAUSD-PERP",
      "m" : "4611686018428967577"
    }, {
      "d" : "1756402727538539855",
      "t" : 1756402727538,
      "tn" : 1756402727538539855,
      "q" : "1000",
      "p" : "0.0014469",
      "s" : "buy",
      "i" : "VRAUSD-PERP",
      "m" : "4611686018428967576"
    }, {
      "d" : "1756402175648420002",
      "t" : 1756402175648,
      "tn" : 1756402175648420002,
      "q" : "1000",
      "p" : "0.0014533",
      "s" : "buy",
      "i" : "VRAUSD-PERP",
      "m" : "4611686018428967575"
    }, {
      "d" : "1756401348698459828",
      "t" : 1756401348698,
      "tn" : 1756401348698459828,
      "q" : "1000",
      "p" : "0.0014593",
      "s" : "sell",
      "i" : "VRAUSD-PERP",
      "m" : "4611686018428967574"
    }, {
      "d" : "1756398661568391150",
      "t" : 1756398661568,
      "tn" : 1756398661568391150,
      "q" : "1000",
      "p" : "0.0014648",
      "s" : "sell",
      "i" : "VRAUSD-PERP",
      "m" : "4611686018428967573"
    }, {
      "d" : "1756396041658440913",
      "t" : 1756396041658,
      "tn" : 1756396041658440913,
      "q" : "1000",
      "p" : "0.0014642",
      "s" : "sell",
      "i" : "VRAUSD-PERP",
      "m" : "4611686018428967572"
    }, {
      "d" : "1756388626418626336",
      "t" : 1756388626418,
      "tn" : 1756388626418626336,
      "q" : "1000",
      "p" : "0.0014599",
      "s" : "sell",
      "i" : "VRAUSD-PERP",
      "m" : "4611686018428967571"
    }, {
      "d" : "1756384285038448737",
      "t" : 1756384285038,
      "tn" : 1756384285038448737,
      "q" : "1000",
      "p" : "0.0014616",
      "s" : "sell",
      "i" : "VRAUSD-PERP",
      "m" : "4611686018428967570"
    }, {
      "d" : "1756382641928424713",
      "t" : 1756382641928,
      "tn" : 1756382641928424713,
      "q" : "1000",
      "p" : "0.0014507",
      "s" : "buy",
      "i" : "VRAUSD-PERP",
      "m" : "4611686018428967569"
    }, {
      "d" : "1756381737108425833",
      "t" : 1756381737108,
      "tn" : 1756381737108425833,
      "q" : "1000",
      "p" : "0.0014609",
      "s" : "sell",
      "i" : "VRAUSD-PERP",
      "m" : "4611686018428967568"
    }, {
      "d" : "1756381649138384069",
      "t" : 1756381649138,
      "tn" : 1756381649138384069,
      "q" : "1000",
      "p" : "0.0014604",
      "s" : "sell",
      "i" : "VRAUSD-PERP",
      "m" : "4611686018428967567"
    }, {
      "d" : "1756381191748485921",
      "t" : 1756381191748,
      "tn" : 1756381191748485921,
      "q" : "1000",
      "p" : "0.0014497",
      "s" : "buy",
      "i" : "VRAUSD-PERP",
      "m" : "4611686018428967566"
    }, {
      "d" : "1756379609668686230",
      "t" : 1756379609668,
      "tn" : 1756379609668686230,
      "q" : "1000",
      "p" : "0.0014545",
      "s" : "buy",
      "i" : "VRAUSD-PERP",
      "m" : "4611686018428967565"
    }, {
      "d" : "1756378631938519282",
      "t" : 1756378631938,
      "tn" : 1756378631938519282,
      "q" : "1000",
      "p" : "0.0014633",
      "s" : "sell",
      "i" : "VRAUSD-PERP",
      "m" : "4611686018428967564"
    } ]
  }
}