{
  "id" : -1,
  "method" : "public/get-trades",
  "code" : 0,
  "result" : {
    "data" : [ {
      "d" : "1756451957475697481",
      "t" : 1756451957475,
      "tn" : 1756451957475697481,
      "q" : "54400",
      "p" : "0.0018382",
      "s" : "sell",
      "i" : "VTHOUSD-PERP",
      "m" : "4611686018427402639"
    }, {
      "d" : "1756451957475695432",
      "t" : 1756451957475,
      "tn" : 1756451957475695432,
      "q" : "100",
      "p" : "0.0018394",
      "s" : "sell",
      "i" : "VTHOUSD-PERP",
      "m" : "4611686018427402638"
    }, {
      "d" : "1756425323753790465",
      "t" : 1756425323753,
      "tn" : 1756425323753790465,
      "q" : "100",
      "p" : "0.0019067",
      "s" : "buy",
      "i" : "VTHOUSD-PERP",
      "m" : "4611686018427402637"
    }, {
      "d" : "1756420125963091459",
      "t" : 1756420125963,
      "tn" : 1756420125963091459,
      "q" : "52600",
      "p" : "0.0018976",
      "s" : "sell",
      "i" : "VTHOUSD-PERP",
      "m" : "4611686018427402636"
    }, {
      "d" : "1756412618895091255",
      "t" : 1756412618895,
      "tn" : 1756412618895091255,
      "q" : "26700",
      "p" : "0.0018676",
      "s" : "sell",
      "i" : "VTHOUSD-PERP",
      "m" : "4611686018427402635"
    }, {
      "d" : "1756412618895089048",
      "t" : 1756412618895,
      "tn" : 1756412618895089048,
      "q" : "100",
      "p" : "0.0018698",
      "s" : "sell",
      "i" : "VTHOUSD-PERP",
      "m" : "4611686018427402634"
    }, {
      "d" : "1756412618895086698",
      "t" : 1756412618895,
      "tn" : 1756412618895086698,
      "q" : "100",
      "p" : "0.0018708",
      "s" : "sell",
      "i" : "VTHOUSD-PERP",
      "m" : "4611686018427402633"
    }, {
      "d" : "1756379666774423174",
      "t" : 1756379666774,
      "tn" : 1756379666774423174,
      "q" : "53000",
      "p" : "0.0018860",
      "s" : "buy",
      "i" : "VTHOUSD-PERP",
      "m" : "4611686018427402632"
    }, {
      "d" : "1756379666773792061",
      "t" : 1756379666773,
      "tn" : 1756379666773792061,
      "q" : "100",
      "p" : "0.0018839",
      "s" : "buy",
      "i" : "VTHOUSD-PERP",
      "m" : "4611686018427402631"
    }, {
      "d" : "1756378015176890525",
      "t" : 1756378015176,
      "tn" : 1756378015176890525,
      "q" : "26500",
      "p" : "0.0018812",
      "s" : "sell",
      "i" : "VTHOUSD-PERP",
      "m" : "4611686018427402630"
    }, {
      "d" : "1756378015176888275",
      "t" : 1756378015176,
      "tn" : 1756378015176888275,
      "q" : "26500",
      "p" : "0.0018816",
      "s" : "sell",
      "i" : "VTHOUSD-PERP",
      "m" : "4611686018427402629"
    }, {
      "d" : "1756378015176886042",
      "t" : 1756378015176,
      "tn" : 1756378015176886042,
      "q" : "53100",
      "p" : "0.0018818",
      "s" : "sell",
      "i" : "VTHOUSD-PERP",
      "m" : "4611686018427402628"
    }, {
      "d" : "1756378015171062499",
      "t" : 1756378015171,
      "tn" : 1756378015171062499,
      "q" : "298100",
      "p" : "0.0018831",
      "s" : "sell",
      "i" : "VTHOUSD-PERP",
      "m" : "4611686018427402627"
    }, {
      "d" : "1756378015170967057",
      "t" : 1756378015170,
      "tn" : 1756378015170967057,
      "q" : "260100",
      "p" : "0.0018833",
      "s" : "sell",
      "i" : "VTHOUSD-PERP",
      "m" : "4611686018427402626"
    }, {
      "d" : "1756378015170964008",
      "t" : 1756378015170,
      "tn" : 1756378015170964008,
      "q" : "100",
      "p" : "0.0018848",
      "s" : "sell",
      "i" : "VTHOUSD-PERP",
      "m" : "4611686018427402625"
    }, {
      "d" : "1756378015170961188",
      "t" : 1756378015170,
      "tn" : 1756378015170961188,
      "q" : "100",
      "p" : "0.0018856",
      "s" : "sell",
      "i" : "VTHOUSD-PERP",
      "m" : "4611686018427402624"
    } ]
  }
}