{
  "id" : -1,
  "method" : "public/get-trades",
  "code" : 0,
  "result" : {
    "data" : [ {
      "d" : "1756462527100736887",
      "t" : 1756462527100,
      "tn" : 1756462527100736887,
      "q" : "5000",
      "p" : "0.0018486",
      "s" : "sell",
      "i" : "VTHO_USD",
      "m" : "4611686018431167902"
    }, {
      "d" : "1756461633508268499",
      "t" : 1756461633508,
      "tn" : 1756461633508268499,
      "q" : "35000",
      "p" : "0.0018448",
      "s" : "buy",
      "i" : "VTHO_USD",
      "m" : "4611686018431167901"
    }, {
      "d" : "1756460522485622813",
      "t" : 1756460522485,
      "tn" : 1756460522485622813,
      "q" : "22000",
      "p" : "0.0018236",
      "s" : "sell",
      "i" : "VTHO_USD",
      "m" : "4611686018431167900"
    }, {
      "d" : "1756460416801379025",
      "t" : 1756460416801,
      "tn" : 1756460416801379025,
      "q" : "2300",
      "p" : "0.0018242",
      "s" : "sell",
      "i" : "VTHO_USD",
      "m" : "4611686018431167899"
    }, {
      "d" : "1756460257472056995",
      "t" : 1756460257472,
      "tn" : 1756460257472056995,
      "q" : "335900",
      "p" : "0.0018263",
      "s" : "buy",
      "i" : "VTHO_USD",
      "m" : "4611686018431167898"
    }, {
      "d" : "1756459569181274911",
      "t" : 1756459569181,
      "tn" : 1756459569181274911,
      "q" : "10700",
      "p" : "0.0018207",
      "s" : "sell",
      "i" : "VTHO_USD",
      "m" : "4611686018431167897"
    }, {
      "d" : "1756458935210027617",
      "t" : 1756458935210,
      "tn" : 1756458935210027617,
      "q" : "74100",
      "p" : "0.0018122",
      "s" : "buy",
      "i" : "VTHO_USD",
      "m" : "4611686018431167896"
    }, {
      "d" : "1756458931198887778",
      "t" : 1756458931198,
      "tn" : 1756458931198887778,
      "q" : "5000",
      "p" : "0.0018130",
      "s" : "buy",
      "i" : "VTHO_USD",
      "m" : "4611686018431167895"
    }, {
      "d" : "1756458577192847508",
      "t" : 1756458577192,
      "tn" : 1756458577192847508,
      "q" : "1900",
      "p" : "0.0018128",
      "s" : "buy",
      "i" : "VTHO_USD",
      "m" : "4611686018431167894"
    }, {
      "d" : "1756458146703258386",
      "t" : 1756458146703,
      "tn" : 1756458146703258386,
      "q" : "20000",
      "p" : "0.0018100",
      "s" : "sell",
      "i" : "VTHO_USD",
      "m" : "4611686018431167893"
    }, {
      "d" : "1756458090803380779",
      "t" : 1756458090803,
      "tn" : 1756458090803380779,
      "q" : "8800",
      "p" : "0.0018101",
      "s" : "sell",
      "i" : "VTHO_USD",
      "m" : "4611686018431167892"
    }, {
      "d" : "1756458090803375085",
      "t" : 1756458090803,
      "tn" : 1756458090803375085,
      "q" : "10000",
      "p" : "0.0018101",
      "s" : "sell",
      "i" : "VTHO_USD",
      "m" : "4611686018431167891"
    }, {
      "d" : "1756458090657515148",
      "t" : 1756458090657,
      "tn" : 1756458090657515148,
      "q" : "8100",
      "p" : "0.0018101",
      "s" : "sell",
      "i" : "VTHO_USD",
      "m" : "4611686018431167890"
    }, {
      "d" : "1756457652080645627",
      "t" : 1756457652080,
      "tn" : 1756457652080645627,
      "q" : "14200",
      "p" : "0.0018196",
      "s" : "buy",
      "i" : "VTHO_USD",
      "m" : "4611686018431167889"
    }, {
      "d" : "1756457130815327678",
      "t" : 1756457130815,
      "tn" : 1756457130815327678,
      "q" : "480900",
      "p" : "0.0018236",
      "s" : "buy",
      "i" : "VTHO_USD",
      "m" : "4611686018431167888"
    }, {
      "d" : "1756457128018880873",
      "t" : 1756457128018,
      "tn" : 1756457128018880873,
      "q" : "471000",
      "p" : "0.0018223",
      "s" : "buy",
      "i" : "VTHO_USD",
      "m" : "4611686018431167887"
    }, {
      "d" : "1756457128018879101",
      "t" : 1756457128018,
      "tn" : 1756457128018879100,
      "q" : "207100",
      "p" : "0.0018222",
      "s" : "buy",
      "i" : "VTHO_USD",
      "m" : "4611686018431167886"
    }, {
      "d" : "1756457128018879100",
      "t" : 1756457128018,
      "tn" : 1756457128018879100,
      "q" : "161200",
      "p" : "0.0018222",
      "s" : "buy",
      "i" : "VTHO_USD",
      "m" : "4611686018431167886"
    }, {
      "d" : "1756457128018876544",
      "t" : 1756457128018,
      "tn" : 1756457128018876544,
      "q" : "224200",
      "p" : "0.0018221",
      "s" : "buy",
      "i" : "VTHO_USD",
      "m" : "4611686018431167885"
    }, {
      "d" : "1756457124875491028",
      "t" : 1756457124875,
      "tn" : 1756457124875491028,
      "q" : "4100",
      "p" : "0.0018215",
      "s" : "buy",
      "i" : "VTHO_USD",
      "m" : "4611686018431167884"
    }, {
      "d" : "1756456253146473382",
      "t" : 1756456253146,
      "tn" : 1756456253146473382,
      "q" : "4100",
      "p" : "0.0018189",
      "s" : "sell",
      "i" : "VTHO_USD",
      "m" : "4611686018431167883"
    }, {
      "d" : "1756456006152806192",
      "t" : 1756456006152,
      "tn" : 1756456006152806192,
      "q" : "20000",
      "p" : "0.0018243",
      "s" : "buy",
      "i" : "VTHO_USD",
      "m" : "4611686018431167882"
    }, {
      "d" : "1756455317166059462",
      "t" : 1756455317166,
      "tn" : 1756455317166059462,
      "q" : "53800",
      "p" : "0.0018283",
      "s" : "sell",
      "i" : "VTHO_USD",
      "m" : "4611686018431167881"
    }, {
      "d" : "1756455317159458561",
      "t" : 1756455317159,
      "tn" : 1756455317159458561,
      "q" : "46200",
      "p" : "0.0018283",
      "s" : "buy",
      "i" : "VTHO_USD",
      "m" : "4611686018431167880"
    }, {
      "d" : "1756455253903477587",
      "t" : 1756455253903,
      "tn" : 1756455253903477587,
      "q" : "52200",
      "p" : "0.0018267",
      "s" : "sell",
      "i" : "VTHO_USD",
      "m" : "4611686018431167879"
    }, {
      "d" : "1756455253900706009",
      "t" : 1756455253900,
      "tn" : 1756455253900706009,
      "q" : "141800",
      "p" : "0.0018267",
      "s" : "buy",
      "i" : "VTHO_USD",
      "m" : "4611686018431167878"
    }, {
      "d" : "1756454057951278168",
      "t" : 1756454057951,
      "tn" : 1756454057951278168,
      "q" : "16100",
      "p" : "0.0018316",
      "s" : "sell",
      "i" : "VTHO_USD",
      "m" : "4611686018431167877"
    }, {
      "d" : "1756453873121671993",
      "t" : 1756453873121,
      "tn" : 1756453873121671993,
      "q" : "13200",
      "p" : "0.0018346",
      "s" : "sell",
      "i" : "VTHO_USD",
      "m" : "4611686018431167876"
    }, {
      "d" : "1756453815091574987",
      "t" : 1756453815091,
      "tn" : 1756453815091574987,
      "q" : "13200",
      "p" : "0.0018370",
      "s" : "buy",
      "i" : "VTHO_USD",
      "m" : "4611686018431167875"
    }, {
      "d" : "1756451957479371906",
      "t" : 1756451957479,
      "tn" : 1756451957479371906,
      "q" : "52000",
      "p" : "0.0018376",
      "s" : "sell",
      "i" : "VTHO_USD",
      "m" : "4611686018431167874"
    }, {
      "d" : "1756451957475733935",
      "t" : 1756451957475,
      "tn" : 1756451957475733935,
      "q" : "221900",
      "p" : "0.0018381",
      "s" : "sell",
      "i" : "VTHO_USD",
      "m" : "4611686018431167873"
    }, {
      "d" : "1756451957473697159",
      "t" : 1756451957473,
      "tn" : 1756451957473697159,
      "q" : "141800",
      "p" : "0.0018401",
      "s" : "sell",
      "i" : "VTHO_USD",
      "m" : "4611686018431167872"
    }, {
      "d" : "1756451322539721603",
      "t" : 1756451322539,
      "tn" : 1756451322539721603,
      "q" : "46200",
      "p" : "0.0018529",
      "s" : "sell",
      "i" : "VTHO_USD",
      "m" : "4611686018431167871"
    }, {
      "d" : "1756451168844028967",
      "t" : 1756451168844,
      "tn" : 1756451168844028967,
      "q" : "200",
      "p" : "0.0018622",
      "s" : "buy",
      "i" : "VTHO_USD",
      "m" : "4611686018431167870"
    }, {
      "d" : "1756451168844027038",
      "t" : 1756451168844,
      "tn" : 1756451168844027038,
      "q" : "1100",
      "p" : "0.0018621",
      "s" : "buy",
      "i" : "VTHO_USD",
      "m" : "4611686018431167869"
    }, {
      "d" : "1756450932745330522",
      "t" : 1756450932745,
      "tn" : 1756450932745330522,
      "q" : "140700",
      "p" : "0.0018590",
      "s" : "buy",
      "i" : "VTHO_USD",
      "m" : "4611686018431167868"
    }, {
      "d" : "1756450888752379188",
      "t" : 1756450888752,
      "tn" : 1756450888752379188,
      "q" : "141800",
      "p" : "0.0018646",
      "s" : "sell",
      "i" : "VTHO_USD",
      "m" : "4611686018431167867"
    }, {
      "d" : "1756450316891212308",
      "t" : 1756450316891,
      "tn" : 1756450316891212308,
      "q" : "13000",
      "p" : "0.0018709",
      "s" : "buy",
      "i" : "VTHO_USD",
      "m" : "4611686018431167866"
    }, {
      "d" : "1756450313471753120",
      "t" : 1756450313471,
      "tn" : 1756450313471753120,
      "q" : "6000",
      "p" : "0.0018698",
      "s" : "buy",
      "i" : "VTHO_USD",
      "m" : "4611686018431167865"
    }, {
      "d" : "1756448712880000831",
      "t" : 1756448712880,
      "tn" : 1756448712880000831,
      "q" : "6000",
      "p" : "0.0018696",
      "s" : "sell",
      "i" : "VTHO_USD",
      "m" : "4611686018431167864"
    }, {
      "d" : "1756448686378391868",
      "t" : 1756448686378,
      "tn" : 1756448686378391868,
      "q" : "75600",
      "p" : "0.0018688",
      "s" : "sell",
      "i" : "VTHO_USD",
      "m" : "4611686018431167863"
    }, {
      "d" : "1756447667416192242",
      "t" : 1756447667416,
      "tn" : 1756447667416192242,
      "q" : "5500",
      "p" : "0.0018864",
      "s" : "buy",
      "i" : "VTHO_USD",
      "m" : "4611686018431167862"
    }, {
      "d" : "1756446735393752646",
      "t" : 1756446735393,
      "tn" : 1756446735393752646,
      "q" : "193300",
      "p" : "0.0018882",
      "s" : "buy",
      "i" : "VTHO_USD",
      "m" : "4611686018431167861"
    }, {
      "d" : "1756446731241110747",
      "t" : 1756446731241,
      "tn" : 1756446731241110747,
      "q" : "119200",
      "p" : "0.0018849",
      "s" : "sell",
      "i" : "VTHO_USD",
      "m" : "4611686018431167860"
    }, {
      "d" : "1756446731234316428",
      "t" : 1756446731234,
      "tn" : 1756446731234316428,
      "q" : "38000",
      "p" : "0.0018849",
      "s" : "buy",
      "i" : "VTHO_USD",
      "m" : "4611686018431167859"
    }, {
      "d" : "1756446329214051283",
      "t" : 1756446329214,
      "tn" : 1756446329214051283,
      "q" : "38000",
      "p" : "0.0018800",
      "s" : "sell",
      "i" : "VTHO_USD",
      "m" : "4611686018431167858"
    }, {
      "d" : "1756446043072648176",
      "t" : 1756446043072,
      "tn" : 1756446043072648176,
      "q" : "72800",
      "p" : "0.0018846",
      "s" : "buy",
      "i" : "VTHO_USD",
      "m" : "4611686018431167857"
    }, {
      "d" : "1756446039210810314",
      "t" : 1756446039210,
      "tn" : 1756446039210810314,
      "q" : "29200",
      "p" : "0.0018833",
      "s" : "buy",
      "i" : "VTHO_USD",
      "m" : "4611686018431167856"
    }, {
      "d" : "1756445109302739415",
      "t" : 1756445109302,
      "tn" : 1756445109302739415,
      "q" : "29200",
      "p" : "0.0018800",
      "s" : "sell",
      "i" : "VTHO_USD",
      "m" : "4611686018431167855"
    }, {
      "d" : "1756444557453526698",
      "t" : 1756444557453,
      "tn" : 1756444557453526698,
      "q" : "62300",
      "p" : "0.0018883",
      "s" : "sell",
      "i" : "VTHO_USD",
      "m" : "4611686018431167854"
    }, {
      "d" : "1756444557447956734",
      "t" : 1756444557447,
      "tn" : 1756444557447956734,
      "q" : "53100",
      "p" : "0.0018883",
      "s" : "buy",
      "i" : "VTHO_USD",
      "m" : "4611686018431167853"
    }, {
      "d" : "1756444553142460288",
      "t" : 1756444553142,
      "tn" : 1756444553142460288,
      "q" : "12000",
      "p" : "0.0018851",
      "s" : "sell",
      "i" : "VTHO_USD",
      "m" : "4611686018431167852"
    }, {
      "d" : "1756444553134042023",
      "t" : 1756444553134,
      "tn" : 1756444553134042023,
      "q" : "21100",
      "p" : "0.0018851",
      "s" : "buy",
      "i" : "VTHO_USD",
      "m" : "4611686018431167851"
    }, {
      "d" : "1756443698273259915",
      "t" : 1756443698273,
      "tn" : 1756443698273259915,
      "q" : "700",
      "p" : "0.0018801",
      "s" : "buy",
      "i" : "VTHO_USD",
      "m" : "4611686018431167850"
    }, {
      "d" : "1756443698263224669",
      "t" : 1756443698263,
      "tn" : 1756443698263224669,
      "q" : "53100",
      "p" : "0.0018801",
      "s" : "sell",
      "i" : "VTHO_USD",
      "m" : "4611686018431167849"
    }, {
      "d" : "1756443630158429452",
      "t" : 1756443630158,
      "tn" : 1756443630158429452,
      "q" : "10300",
      "p" : "0.0018821",
      "s" : "sell",
      "i" : "VTHO_USD",
      "m" : "4611686018431167848"
    }, {
      "d" : "1756443421066387407",
      "t" : 1756443421066,
      "tn" : 1756443421066387407,
      "q" : "10800",
      "p" : "0.0018798",
      "s" : "sell",
      "i" : "VTHO_USD",
      "m" : "4611686018431167847"
    }, {
      "d" : "1756443377220072176",
      "t" : 1756443377220,
      "tn" : 1756443377220072176,
      "q" : "5000",
      "p" : "0.0018862",
      "s" : "buy",
      "i" : "VTHO_USD",
      "m" : "4611686018431167846"
    }, {
      "d" : "1756443244713983011",
      "t" : 1756443244713,
      "tn" : 1756443244713983011,
      "q" : "93500",
      "p" : "0.0018879",
      "s" : "sell",
      "i" : "VTHO_USD",
      "m" : "4611686018431167845"
    }, {
      "d" : "1756443244707835993",
      "t" : 1756443244707,
      "tn" : 1756443244707835993,
      "q" : "6500",
      "p" : "0.0018879",
      "s" : "buy",
      "i" : "VTHO_USD",
      "m" : "4611686018431167844"
    }, {
      "d" : "1756443213449276688",
      "t" : 1756443213449,
      "tn" : 1756443213449276688,
      "q" : "1300",
      "p" : "0.0018839",
      "s" : "sell",
      "i" : "VTHO_USD",
      "m" : "4611686018431167843"
    }, {
      "d" : "1756442535644200909",
      "t" : 1756442535644,
      "tn" : 1756442535644200909,
      "q" : "5200",
      "p" : "0.0018904",
      "s" : "sell",
      "i" : "VTHO_USD",
      "m" : "4611686018431167842"
    }, {
      "d" : "1756441443154352053",
      "t" : 1756441443154,
      "tn" : 1756441443154352053,
      "q" : "107400",
      "p" : "0.0018950",
      "s" : "buy",
      "i" : "VTHO_USD",
      "m" : "4611686018431167841"
    }, {
      "d" : "1756441443154282187",
      "t" : 1756441443154,
      "tn" : 1756441443154282187,
      "q" : "117500",
      "p" : "0.0018948",
      "s" : "buy",
      "i" : "VTHO_USD",
      "m" : "4611686018431167840"
    }, {
      "d" : "1756440527172310390",
      "t" : 1756440527172,
      "tn" : 1756440527172310390,
      "q" : "7700",
      "p" : "0.0018901",
      "s" : "buy",
      "i" : "VTHO_USD",
      "m" : "4611686018431167839"
    }, {
      "d" : "1756440265888042135",
      "t" : 1756440265888,
      "tn" : 1756440265888042135,
      "q" : "63400",
      "p" : "0.0018868",
      "s" : "sell",
      "i" : "VTHO_USD",
      "m" : "4611686018431167838"
    }, {
      "d" : "1756440009071339544",
      "t" : 1756440009071,
      "tn" : 1756440009071339544,
      "q" : "4800",
      "p" : "0.0018899",
      "s" : "buy",
      "i" : "VTHO_USD",
      "m" : "4611686018431167837"
    }, {
      "d" : "1756439743168836372",
      "t" : 1756439743168,
      "tn" : 1756439743168836372,
      "q" : "35400",
      "p" : "0.0018888",
      "s" : "sell",
      "i" : "VTHO_USD",
      "m" : "4611686018431167836"
    }, {
      "d" : "1756438763290823507",
      "t" : 1756438763290,
      "tn" : 1756438763290823507,
      "q" : "2500",
      "p" : "0.0018886",
      "s" : "sell",
      "i" : "VTHO_USD",
      "m" : "4611686018431167835"
    }, {
      "d" : "1756437185538282984",
      "t" : 1756437185538,
      "tn" : 1756437185538282984,
      "q" : "101100",
      "p" : "0.0018868",
      "s" : "buy",
      "i" : "VTHO_USD",
      "m" : "4611686018431167834"
    }, {
      "d" : "1756435537134483862",
      "t" : 1756435537134,
      "tn" : 1756435537134483862,
      "q" : "1600",
      "p" : "0.0018836",
      "s" : "sell",
      "i" : "VTHO_USD",
      "m" : "4611686018431167833"
    }, {
      "d" : "1756435503169608283",
      "t" : 1756435503169,
      "tn" : 1756435503169608283,
      "q" : "13600",
      "p" : "0.0018859",
      "s" : "buy",
      "i" : "VTHO_USD",
      "m" : "4611686018431167832"
    }, {
      "d" : "1756435151219284598",
      "t" : 1756435151219,
      "tn" : 1756435151219284598,
      "q" : "11300",
      "p" : "0.0018814",
      "s" : "buy",
      "i" : "VTHO_USD",
      "m" : "4611686018431167831"
    }, {
      "d" : "1756435151216452483",
      "t" : 1756435151216,
      "tn" : 1756435151216452483,
      "q" : "38700",
      "p" : "0.0018814",
      "s" : "sell",
      "i" : "VTHO_USD",
      "m" : "4611686018431167830"
    }, {
      "d" : "1756434573192617728",
      "t" : 1756434573192,
      "tn" : 1756434573192617728,
      "q" : "29200",
      "p" : "0.0018877",
      "s" : "sell",
      "i" : "VTHO_USD",
      "m" : "4611686018431167829"
    }, {
      "d" : "1756432878438499769",
      "t" : 1756432878438,
      "tn" : 1756432878438499769,
      "q" : "38800",
      "p" : "0.0018787",
      "s" : "sell",
      "i" : "VTHO_USD",
      "m" : "4611686018431167828"
    }, {
      "d" : "1756432878433425294",
      "t" : 1756432878433,
      "tn" : 1756432878433425294,
      "q" : "73900",
      "p" : "0.0018787",
      "s" : "sell",
      "i" : "VTHO_USD",
      "m" : "4611686018431167827"
    }, {
      "d" : "1756432878432006087",
      "t" : 1756432878432,
      "tn" : 1756432878432006087,
      "q" : "73900",
      "p" : "0.0018787",
      "s" : "sell",
      "i" : "VTHO_USD",
      "m" : "4611686018431167826"
    }, {
      "d" : "1756432878428202127",
      "t" : 1756432878428,
      "tn" : 1756432878428202127,
      "q" : "73900",
      "p" : "0.0018787",
      "s" : "sell",
      "i" : "VTHO_USD",
      "m" : "4611686018431167825"
    }, {
      "d" : "1756432878426807782",
      "t" : 1756432878426,
      "tn" : 1756432878426807782,
      "q" : "73900",
      "p" : "0.0018787",
      "s" : "sell",
      "i" : "VTHO_USD",
      "m" : "4611686018431167824"
    }, {
      "d" : "1756432878324808738",
      "t" : 1756432878324,
      "tn" : 1756432878324808738,
      "q" : "73900",
      "p" : "0.0018790",
      "s" : "sell",
      "i" : "VTHO_USD",
      "m" : "4611686018431167823"
    }, {
      "d" : "1756431868639770982",
      "t" : 1756431868639,
      "tn" : 1756431868639770982,
      "q" : "106600",
      "p" : "0.0018869",
      "s" : "sell",
      "i" : "VTHO_USD",
      "m" : "4611686018431167822"
    }, {
      "d" : "1756431868636070847",
      "t" : 1756431868636,
      "tn" : 1756431868636070847,
      "q" : "145600",
      "p" : "0.0018869",
      "s" : "buy",
      "i" : "VTHO_USD",
      "m" : "4611686018431167821"
    }, {
      "d" : "1756431502648072196",
      "t" : 1756431502648,
      "tn" : 1756431502648072196,
      "q" : "3500",
      "p" : "0.0018787",
      "s" : "sell",
      "i" : "VTHO_USD",
      "m" : "4611686018431167820"
    }, {
      "d" : "1756430231672438778",
      "t" : 1756430231672,
      "tn" : 1756430231672438778,
      "q" : "14400",
      "p" : "0.0018853",
      "s" : "sell",
      "i" : "VTHO_USD",
      "m" : "4611686018431167819"
    }, {
      "d" : "1756430223079056342",
      "t" : 1756430223079,
      "tn" : 1756430223079056342,
      "q" : "10000",
      "p" : "0.0018846",
      "s" : "sell",
      "i" : "VTHO_USD",
      "m" : "4611686018431167818"
    }, {
      "d" : "1756429551140749223",
      "t" : 1756429551140,
      "tn" : 1756429551140749223,
      "q" : "1600",
      "p" : "0.0018891",
      "s" : "sell",
      "i" : "VTHO_USD",
      "m" : "4611686018431167817"
    }, {
      "d" : "1756429057609550490",
      "t" : 1756429057609,
      "tn" : 1756429057609550490,
      "q" : "91000",
      "p" : "0.0019004",
      "s" : "buy",
      "i" : "VTHO_USD",
      "m" : "4611686018431167816"
    }, {
      "d" : "1756428611449166517",
      "t" : 1756428611449,
      "tn" : 1756428611449166517,
      "q" : "94900",
      "p" : "0.0018998",
      "s" : "buy",
      "i" : "VTHO_USD",
      "m" : "4611686018431167815"
    }, {
      "d" : "1756428611110491943",
      "t" : 1756428611110,
      "tn" : 1756428611110491943,
      "q" : "125000",
      "p" : "0.0018998",
      "s" : "buy",
      "i" : "VTHO_USD",
      "m" : "4611686018431167814"
    }, {
      "d" : "1756428611101242890",
      "t" : 1756428611101,
      "tn" : 1756428611101242890,
      "q" : "71600",
      "p" : "0.0018998",
      "s" : "buy",
      "i" : "VTHO_USD",
      "m" : "4611686018431167813"
    }, {
      "d" : "1756428611096236213",
      "t" : 1756428611096,
      "tn" : 1756428611096236213,
      "q" : "73900",
      "p" : "0.0018998",
      "s" : "buy",
      "i" : "VTHO_USD",
      "m" : "4611686018431167812"
    }, {
      "d" : "1756428611091316051",
      "t" : 1756428611091,
      "tn" : 1756428611091316051,
      "q" : "73900",
      "p" : "0.0018998",
      "s" : "buy",
      "i" : "VTHO_USD",
      "m" : "4611686018431167811"
    }, {
      "d" : "1756428611086251212",
      "t" : 1756428611086,
      "tn" : 1756428611086251212,
      "q" : "73900",
      "p" : "0.0018998",
      "s" : "buy",
      "i" : "VTHO_USD",
      "m" : "4611686018431167810"
    }, {
      "d" : "1756428611081311372",
      "t" : 1756428611081,
      "tn" : 1756428611081311372,
      "q" : "73900",
      "p" : "0.0018998",
      "s" : "buy",
      "i" : "VTHO_USD",
      "m" : "4611686018431167809"
    }, {
      "d" : "1756428611076233644",
      "t" : 1756428611076,
      "tn" : 1756428611076233644,
      "q" : "73900",
      "p" : "0.0018998",
      "s" : "buy",
      "i" : "VTHO_USD",
      "m" : "4611686018431167808"
    }, {
      "d" : "1756428611071070653",
      "t" : 1756428611071,
      "tn" : 1756428611071070653,
      "q" : "73900",
      "p" : "0.0018998",
      "s" : "buy",
      "i" : "VTHO_USD",
      "m" : "4611686018431167807"
    }, {
      "d" : "1756428611070975807",
      "t" : 1756428611070,
      "tn" : 1756428611070975807,
      "q" : "32800",
      "p" : "0.0018998",
      "s" : "buy",
      "i" : "VTHO_USD",
      "m" : "4611686018431167806"
    }, {
      "d" : "1756428441321902323",
      "t" : 1756428441321,
      "tn" : 1756428441321902323,
      "q" : "9700",
      "p" : "0.0018983",
      "s" : "sell",
      "i" : "VTHO_USD",
      "m" : "4611686018431167805"
    }, {
      "d" : "1756428368409942230",
      "t" : 1756428368409,
      "tn" : 1756428368409942230,
      "q" : "734900",
      "p" : "0.0018998",
      "s" : "buy",
      "i" : "VTHO_USD",
      "m" : "4611686018431167804"
    }, {
      "d" : "1756427452300858482",
      "t" : 1756427452300,
      "tn" : 1756427452300858482,
      "q" : "1400",
      "p" : "0.0019087",
      "s" : "buy",
      "i" : "VTHO_USD",
      "m" : "4611686018431167803"
    }, {
      "d" : "1756427033170909822",
      "t" : 1756427033170,
      "tn" : 1756427033170909822,
      "q" : "3600",
      "p" : "0.0019062",
      "s" : "buy",
      "i" : "VTHO_USD",
      "m" : "4611686018431167802"
    }, {
      "d" : "1756426883047643157",
      "t" : 1756426883047,
      "tn" : 1756426883047643157,
      "q" : "11400",
      "p" : "0.0019011",
      "s" : "sell",
      "i" : "VTHO_USD",
      "m" : "4611686018431167801"
    }, {
      "d" : "1756425931191081291",
      "t" : 1756425931191,
      "tn" : 1756425931191081291,
      "q" : "12100",
      "p" : "0.0019046",
      "s" : "sell",
      "i" : "VTHO_USD",
      "m" : "4611686018431167800"
    }, {
      "d" : "1756425323753729438",
      "t" : 1756425323753,
      "tn" : 1756425323753729438,
      "q" : "83400",
      "p" : "0.0019082",
      "s" : "buy",
      "i" : "VTHO_USD",
      "m" : "4611686018431167799"
    }, {
      "d" : "1756424617643578046",
      "t" : 1756424617643,
      "tn" : 1756424617643578046,
      "q" : "58400",
      "p" : "0.0019018",
      "s" : "buy",
      "i" : "VTHO_USD",
      "m" : "4611686018431167798"
    }, {
      "d" : "1756424107106966270",
      "t" : 1756424107106,
      "tn" : 1756424107106966270,
      "q" : "25000",
      "p" : "0.0018972",
      "s" : "sell",
      "i" : "VTHO_USD",
      "m" : "4611686018431167797"
    }, {
      "d" : "1756424061151803874",
      "t" : 1756424061151,
      "tn" : 1756424061151803874,
      "q" : "20000",
      "p" : "0.0018948",
      "s" : "sell",
      "i" : "VTHO_USD",
      "m" : "4611686018431167796"
    }, {
      "d" : "1756423789228991403",
      "t" : 1756423789228,
      "tn" : 1756423789228991403,
      "q" : "20000",
      "p" : "0.0018965",
      "s" : "sell",
      "i" : "VTHO_USD",
      "m" : "4611686018431167795"
    }, {
      "d" : "1756423575097372928",
      "t" : 1756423575097,
      "tn" : 1756423575097372928,
      "q" : "30000",
      "p" : "0.0018956",
      "s" : "sell",
      "i" : "VTHO_USD",
      "m" : "4611686018431167794"
    }, {
      "d" : "1756423503096072934",
      "t" : 1756423503096,
      "tn" : 1756423503096072934,
      "q" : "8700",
      "p" : "0.0018959",
      "s" : "buy",
      "i" : "VTHO_USD",
      "m" : "4611686018431167793"
    }, {
      "d" : "1756423503088954011",
      "t" : 1756423503088,
      "tn" : 1756423503088954011,
      "q" : "40000",
      "p" : "0.0018959",
      "s" : "sell",
      "i" : "VTHO_USD",
      "m" : "4611686018431167792"
    }, {
      "d" : "1756423243343655904",
      "t" : 1756423243343,
      "tn" : 1756423243343655904,
      "q" : "10000",
      "p" : "0.0018959",
      "s" : "sell",
      "i" : "VTHO_USD",
      "m" : "4611686018431167791"
    }, {
      "d" : "1756422797240832810",
      "t" : 1756422797240,
      "tn" : 1756422797240832810,
      "q" : "50000",
      "p" : "0.0019000",
      "s" : "buy",
      "i" : "VTHO_USD",
      "m" : "4611686018431167790"
    }, {
      "d" : "1756422599703580227",
      "t" : 1756422599703,
      "tn" : 1756422599703580227,
      "q" : "118100",
      "p" : "0.0018979",
      "s" : "buy",
      "i" : "VTHO_USD",
      "m" : "4611686018431167789"
    }, {
      "d" : "1756422599701784648",
      "t" : 1756422599701,
      "tn" : 1756422599701784648,
      "q" : "114300",
      "p" : "0.0018979",
      "s" : "sell",
      "i" : "VTHO_USD",
      "m" : "4611686018431167788"
    }, {
      "d" : "1756422229181043907",
      "t" : 1756422229181,
      "tn" : 1756422229181043907,
      "q" : "4900",
      "p" : "0.0018948",
      "s" : "sell",
      "i" : "VTHO_USD",
      "m" : "4611686018431167787"
    }, {
      "d" : "1756421925486302330",
      "t" : 1756421925486,
      "tn" : 1756421925486302330,
      "q" : "19500",
      "p" : "0.0018980",
      "s" : "sell",
      "i" : "VTHO_USD",
      "m" : "4611686018431167786"
    }, {
      "d" : "1756421554846126000",
      "t" : 1756421554846,
      "tn" : 1756421554846126000,
      "q" : "50700",
      "p" : "0.0019003",
      "s" : "buy",
      "i" : "VTHO_USD",
      "m" : "4611686018431167785"
    }, {
      "d" : "1756421551475183842",
      "t" : 1756421551475,
      "tn" : 1756421551475183842,
      "q" : "53800",
      "p" : "0.0018970",
      "s" : "sell",
      "i" : "VTHO_USD",
      "m" : "4611686018431167784"
    }, {
      "d" : "1756421484355283098",
      "t" : 1756421484355,
      "tn" : 1756421484355283098,
      "q" : "5200",
      "p" : "0.0019029",
      "s" : "buy",
      "i" : "VTHO_USD",
      "m" : "4611686018431167783"
    }, {
      "d" : "1756421445295116417",
      "t" : 1756421445295,
      "tn" : 1756421445295116417,
      "q" : "7200",
      "p" : "0.0019012",
      "s" : "buy",
      "i" : "VTHO_USD",
      "m" : "4611686018431167782"
    }, {
      "d" : "1756421348268638345",
      "t" : 1756421348268,
      "tn" : 1756421348268638345,
      "q" : "6000",
      "p" : "0.0019011",
      "s" : "sell",
      "i" : "VTHO_USD",
      "m" : "4611686018431167781"
    }, {
      "d" : "1756421347115880972",
      "t" : 1756421347115,
      "tn" : 1756421347115880972,
      "q" : "5000",
      "p" : "0.0019011",
      "s" : "buy",
      "i" : "VTHO_USD",
      "m" : "4611686018431167780"
    }, {
      "d" : "1756421295357234153",
      "t" : 1756421295357,
      "tn" : 1756421295357234153,
      "q" : "5000",
      "p" : "0.0018981",
      "s" : "sell",
      "i" : "VTHO_USD",
      "m" : "4611686018431167779"
    }, {
      "d" : "1756421269204435494",
      "t" : 1756421269204,
      "tn" : 1756421269204435494,
      "q" : "6000",
      "p" : "0.0019015",
      "s" : "buy",
      "i" : "VTHO_USD",
      "m" : "4611686018431167778"
    }, {
      "d" : "1756421265661560321",
      "t" : 1756421265661,
      "tn" : 1756421265661560321,
      "q" : "19500",
      "p" : "0.0019004",
      "s" : "buy",
      "i" : "VTHO_USD",
      "m" : "4611686018431167777"
    }, {
      "d" : "1756421221342011532",
      "t" : 1756421221342,
      "tn" : 1756421221342011532,
      "q" : "9900",
      "p" : "0.0019002",
      "s" : "buy",
      "i" : "VTHO_USD",
      "m" : "4611686018431167776"
    }, {
      "d" : "1756421119084175908",
      "t" : 1756421119084,
      "tn" : 1756421119084175908,
      "q" : "6400",
      "p" : "0.0019000",
      "s" : "buy",
      "i" : "VTHO_USD",
      "m" : "4611686018431167775"
    }, {
      "d" : "1756421077080462515",
      "t" : 1756421077080,
      "tn" : 1756421077080462515,
      "q" : "34700",
      "p" : "0.0019000",
      "s" : "buy",
      "i" : "VTHO_USD",
      "m" : "4611686018431167774"
    }, {
      "d" : "1756420878358858064",
      "t" : 1756420878358,
      "tn" : 1756420878358858064,
      "q" : "70400",
      "p" : "0.0018957",
      "s" : "sell",
      "i" : "VTHO_USD",
      "m" : "4611686018431167773"
    }, {
      "d" : "1756420618123903828",
      "t" : 1756420618123,
      "tn" : 1756420618123903828,
      "q" : "9200",
      "p" : "0.0019001",
      "s" : "sell",
      "i" : "VTHO_USD",
      "m" : "4611686018431167772"
    }, {
      "d" : "1756420125964067804",
      "t" : 1756420125964,
      "tn" : 1756420125964067804,
      "q" : "52600",
      "p" : "0.0019001",
      "s" : "sell",
      "i" : "VTHO_USD",
      "m" : "4611686018431167771"
    }, {
      "d" : "1756419953616471567",
      "t" : 1756419953616,
      "tn" : 1756419953616471567,
      "q" : "134600",
      "p" : "0.0019001",
      "s" : "sell",
      "i" : "VTHO_USD",
      "m" : "4611686018431167770"
    }, {
      "d" : "1756419953500243127",
      "t" : 1756419953500,
      "tn" : 1756419953500243127,
      "q" : "31900",
      "p" : "0.0019001",
      "s" : "sell",
      "i" : "VTHO_USD",
      "m" : "4611686018431167769"
    }, {
      "d" : "1756419951588775551",
      "t" : 1756419951588,
      "tn" : 1756419951588775551,
      "q" : "196400",
      "p" : "0.0019001",
      "s" : "sell",
      "i" : "VTHO_USD",
      "m" : "4611686018431167768"
    }, {
      "d" : "1756419951588635880",
      "t" : 1756419951588,
      "tn" : 1756419951588635880,
      "q" : "75300",
      "p" : "0.0019001",
      "s" : "sell",
      "i" : "VTHO_USD",
      "m" : "4611686018431167767"
    }, {
      "d" : "1756419600465094801",
      "t" : 1756419600465,
      "tn" : 1756419600465094801,
      "q" : "3000",
      "p" : "0.0018903",
      "s" : "sell",
      "i" : "VTHO_USD",
      "m" : "4611686018431167766"
    }, {
      "d" : "1756419103215436421",
      "t" : 1756419103215,
      "tn" : 1756419103215436421,
      "q" : "10200",
      "p" : "0.0018924",
      "s" : "buy",
      "i" : "VTHO_USD",
      "m" : "4611686018431167765"
    }, {
      "d" : "1756419071234171361",
      "t" : 1756419071234,
      "tn" : 1756419071234171361,
      "q" : "3200",
      "p" : "0.0018864",
      "s" : "sell",
      "i" : "VTHO_USD",
      "m" : "4611686018431167764"
    }, {
      "d" : "1756419027130522159",
      "t" : 1756419027130,
      "tn" : 1756419027130522159,
      "q" : "3200",
      "p" : "0.0018862",
      "s" : "sell",
      "i" : "VTHO_USD",
      "m" : "4611686018431167763"
    }, {
      "d" : "1756418985355279786",
      "t" : 1756418985355,
      "tn" : 1756418985355279786,
      "q" : "3200",
      "p" : "0.0018860",
      "s" : "sell",
      "i" : "VTHO_USD",
      "m" : "4611686018431167762"
    }, {
      "d" : "1756418896279904260",
      "t" : 1756418896279,
      "tn" : 1756418896279904260,
      "q" : "2100",
      "p" : "0.0018844",
      "s" : "sell",
      "i" : "VTHO_USD",
      "m" : "4611686018431167761"
    }, {
      "d" : "1756418893130714481",
      "t" : 1756418893130,
      "tn" : 1756418893130714481,
      "q" : "10900",
      "p" : "0.0018835",
      "s" : "sell",
      "i" : "VTHO_USD",
      "m" : "4611686018431167760"
    }, {
      "d" : "1756418396899657444",
      "t" : 1756418396899,
      "tn" : 1756418396899657444,
      "q" : "3500",
      "p" : "0.0018813",
      "s" : "sell",
      "i" : "VTHO_USD",
      "m" : "4611686018431167759"
    }, {
      "d" : "1756418274456977941",
      "t" : 1756418274456,
      "tn" : 1756418274456977941,
      "q" : "3200",
      "p" : "0.0018812",
      "s" : "sell",
      "i" : "VTHO_USD",
      "m" : "4611686018431167758"
    }, {
      "d" : "1756417225225619727",
      "t" : 1756417225225,
      "tn" : 1756417225225619727,
      "q" : "7500",
      "p" : "0.0018759",
      "s" : "sell",
      "i" : "VTHO_USD",
      "m" : "4611686018431167757"
    }, {
      "d" : "1756417179291264597",
      "t" : 1756417179291,
      "tn" : 1756417179291264597,
      "q" : "6600",
      "p" : "0.0018790",
      "s" : "buy",
      "i" : "VTHO_USD",
      "m" : "4611686018431167756"
    }, {
      "d" : "1756417179287025128",
      "t" : 1756417179287,
      "tn" : 1756417179287025128,
      "q" : "1600",
      "p" : "0.0018790",
      "s" : "sell",
      "i" : "VTHO_USD",
      "m" : "4611686018431167755"
    }, {
      "d" : "1756416699292611503",
      "t" : 1756416699292,
      "tn" : 1756416699292611503,
      "q" : "1600",
      "p" : "0.0018811",
      "s" : "buy",
      "i" : "VTHO_USD",
      "m" : "4611686018431167754"
    } ]
  }
}