{
  "id" : -1,
  "method" : "public/get-trades",
  "code" : 0,
  "result" : {
    "data" : [ {
      "d" : "1756462867694411914",
      "t" : 1756462867694,
      "tn" : 1756462867694411914,
      "q" : "510000",
      "p" : "0.0000062259",
      "s" : "sell",
      "i" : "VVS_USD",
      "m" : "4611686018433760534"
    }, {
      "d" : "1756462772101655135",
      "t" : 1756462772101,
      "tn" : 1756462772101655135,
      "q" : "1960000",
      "p" : "0.0000062262",
      "s" : "sell",
      "i" : "VVS_USD",
      "m" : "4611686018433760533"
    }, {
      "d" : "1756462666691974381",
      "t" : 1756462666691,
      "tn" : 1756462666691974381,
      "q" : "5060000",
      "p" : "0.0000062375",
      "s" : "buy",
      "i" : "VVS_USD",
      "m" : "4611686018433760532"
    }, {
      "d" : "1756462652001917138",
      "t" : 1756462652001,
      "tn" : 1756462652001917138,
      "q" : "16320000",
      "p" : "0.0000062215",
      "s" : "sell",
      "i" : "VVS_USD",
      "m" : "4611686018433760531"
    }, {
      "d" : "1756462592000918270",
      "t" : 1756462592000,
      "tn" : 1756462592000918270,
      "q" : "140680000",
      "p" : "0.0000062136",
      "s" : "sell",
      "i" : "VVS_USD",
      "m" : "4611686018433760530"
    }, {
      "d" : "1756462592000916117",
      "t" : 1756462592000,
      "tn" : 1756462592000916117,
      "q" : "57810000",
      "p" : "0.0000062150",
      "s" : "sell",
      "i" : "VVS_USD",
      "m" : "4611686018433760529"
    }, {
      "d" : "1756462518412775198",
      "t" : 1756462518412,
      "tn" : 1756462518412775198,
      "q" : "94190000",
      "p" : "0.0000062250",
      "s" : "buy",
      "i" : "VVS_USD",
      "m" : "4611686018433760528"
    }, {
      "d" : "1756462518412773423",
      "t" : 1756462518412,
      "tn" : 1756462518412773423,
      "q" : "2820000",
      "p" : "0.0000062249",
      "s" : "buy",
      "i" : "VVS_USD",
      "m" : "4611686018433760527"
    }, {
      "d" : "1756462516136690633",
      "t" : 1756462516136,
      "tn" : 1756462516136690633,
      "q" : "37190000",
      "p" : "0.0000062190",
      "s" : "buy",
      "i" : "VVS_USD",
      "m" : "4611686018433760526"
    }, {
      "d" : "1756462516136688544",
      "t" : 1756462516136,
      "tn" : 1756462516136688544,
      "q" : "2810000",
      "p" : "0.0000062189",
      "s" : "buy",
      "i" : "VVS_USD",
      "m" : "4611686018433760525"
    }, {
      "d" : "1756462516136685707",
      "t" : 1756462516136,
      "tn" : 1756462516136685707,
      "q" : "57100000",
      "p" : "0.0000062102",
      "s" : "buy",
      "i" : "VVS_USD",
      "m" : "4611686018433760524"
    }, {
      "d" : "1756462471902946195",
      "t" : 1756462471902,
      "tn" : 1756462471902946195,
      "q" : "7060000",
      "p" : "0.0000061890",
      "s" : "sell",
      "i" : "VVS_USD",
      "m" : "4611686018433760523"
    }, {
      "d" : "1756462450664088919",
      "t" : 1756462450664,
      "tn" : 1756462450664088919,
      "q" : "640000",
      "p" : "0.0000062071",
      "s" : "buy",
      "i" : "VVS_USD",
      "m" : "4611686018433760522"
    }, {
      "d" : "1756462384657066567",
      "t" : 1756462384657,
      "tn" : 1756462384657066567,
      "q" : "410000",
      "p" : "0.0000062070",
      "s" : "buy",
      "i" : "VVS_USD",
      "m" : "4611686018433760521"
    }, {
      "d" : "1756462325799052039",
      "t" : 1756462325799,
      "tn" : 1756462325799052039,
      "q" : "1370000",
      "p" : "0.0000061872",
      "s" : "sell",
      "i" : "VVS_USD",
      "m" : "4611686018433760520"
    }, {
      "d" : "1756462307520806867",
      "t" : 1756462307520,
      "tn" : 1756462307520806867,
      "q" : "790000",
      "p" : "0.0000061861",
      "s" : "sell",
      "i" : "VVS_USD",
      "m" : "4611686018433760519"
    }, {
      "d" : "1756462301072557385",
      "t" : 1756462301072,
      "tn" : 1756462301072557385,
      "q" : "1110000",
      "p" : "0.0000061850",
      "s" : "sell",
      "i" : "VVS_USD",
      "m" : "4611686018433760518"
    }, {
      "d" : "1756462291803537921",
      "t" : 1756462291803,
      "tn" : 1756462291803537921,
      "q" : "16670000",
      "p" : "0.0000061850",
      "s" : "sell",
      "i" : "VVS_USD",
      "m" : "4611686018433760517"
    }, {
      "d" : "1756462288975136096",
      "t" : 1756462288975,
      "tn" : 1756462288975136096,
      "q" : "7980000",
      "p" : "0.0000061843",
      "s" : "sell",
      "i" : "VVS_USD",
      "m" : "4611686018433760516"
    }, {
      "d" : "1756462264804980463",
      "t" : 1756462264804,
      "tn" : 1756462264804980463,
      "q" : "15620000",
      "p" : "0.0000061818",
      "s" : "sell",
      "i" : "VVS_USD",
      "m" : "4611686018433760515"
    }, {
      "d" : "1756462231705838970",
      "t" : 1756462231705,
      "tn" : 1756462231705838970,
      "q" : "11310000",
      "p" : "0.0000061786",
      "s" : "sell",
      "i" : "VVS_USD",
      "m" : "4611686018433760514"
    }, {
      "d" : "1756462192365221631",
      "t" : 1756462192365,
      "tn" : 1756462192365221631,
      "q" : "890000",
      "p" : "0.0000061964",
      "s" : "buy",
      "i" : "VVS_USD",
      "m" : "4611686018433760513"
    }, {
      "d" : "1756462185969266967",
      "t" : 1756462185969,
      "tn" : 1756462185969266967,
      "q" : "7680000",
      "p" : "0.0000061786",
      "s" : "sell",
      "i" : "VVS_USD",
      "m" : "4611686018433760512"
    }, {
      "d" : "1756462171701993802",
      "t" : 1756462171701,
      "tn" : 1756462171701993802,
      "q" : "43780000",
      "p" : "0.0000061791",
      "s" : "sell",
      "i" : "VVS_USD",
      "m" : "4611686018433760511"
    }, {
      "d" : "1756462131855258509",
      "t" : 1756462131855,
      "tn" : 1756462131855258509,
      "q" : "21440000",
      "p" : "0.0000061712",
      "s" : "sell",
      "i" : "VVS_USD",
      "m" : "4611686018433760510"
    }, {
      "d" : "1756462129523493520",
      "t" : 1756462129523,
      "tn" : 1756462129523493520,
      "q" : "180000",
      "p" : "0.0000061712",
      "s" : "sell",
      "i" : "VVS_USD",
      "m" : "4611686018433760509"
    }, {
      "d" : "1756462129490078375",
      "t" : 1756462129490,
      "tn" : 1756462129490078375,
      "q" : "180000",
      "p" : "0.0000061704",
      "s" : "buy",
      "i" : "VVS_USD",
      "m" : "4611686018433760508"
    }, {
      "d" : "1756462129488798547",
      "t" : 1756462129488,
      "tn" : 1756462129488798547,
      "q" : "180000",
      "p" : "0.0000061703",
      "s" : "sell",
      "i" : "VVS_USD",
      "m" : "4611686018433760507"
    }, {
      "d" : "1756462129008495552",
      "t" : 1756462129008,
      "tn" : 1756462129008495552,
      "q" : "180000",
      "p" : "0.0000061704",
      "s" : "buy",
      "i" : "VVS_USD",
      "m" : "4611686018433760506"
    }, {
      "d" : "1756462129007174857",
      "t" : 1756462129007,
      "tn" : 1756462129007174857,
      "q" : "180000",
      "p" : "0.0000061703",
      "s" : "sell",
      "i" : "VVS_USD",
      "m" : "4611686018433760505"
    }, {
      "d" : "1756462128988751022",
      "t" : 1756462128988,
      "tn" : 1756462128988751022,
      "q" : "180000",
      "p" : "0.0000061704",
      "s" : "buy",
      "i" : "VVS_USD",
      "m" : "4611686018433760504"
    }, {
      "d" : "1756462128887080144",
      "t" : 1756462128887,
      "tn" : 1756462128887080144,
      "q" : "180000",
      "p" : "0.0000061703",
      "s" : "sell",
      "i" : "VVS_USD",
      "m" : "4611686018433760503"
    }, {
      "d" : "1756462128524521857",
      "t" : 1756462128524,
      "tn" : 1756462128524521857,
      "q" : "180000",
      "p" : "0.0000061685",
      "s" : "sell",
      "i" : "VVS_USD",
      "m" : "4611686018433760502"
    }, {
      "d" : "1756462128519085539",
      "t" : 1756462128519,
      "tn" : 1756462128519085539,
      "q" : "180000",
      "p" : "0.0000061651",
      "s" : "buy",
      "i" : "VVS_USD",
      "m" : "4611686018433760501"
    }, {
      "d" : "1756462113610362336",
      "t" : 1756462113610,
      "tn" : 1756462113610362336,
      "q" : "180000",
      "p" : "0.0000061651",
      "s" : "buy",
      "i" : "VVS_USD",
      "m" : "4611686018433760500"
    }, {
      "d" : "1756462111700376578",
      "t" : 1756462111700,
      "tn" : 1756462111700376578,
      "q" : "49950000",
      "p" : "0.0000061649",
      "s" : "sell",
      "i" : "VVS_USD",
      "m" : "4611686018433760499"
    }, {
      "d" : "1756462111700374249",
      "t" : 1756462111700,
      "tn" : 1756462111700374249,
      "q" : "2090000",
      "p" : "0.0000061650",
      "s" : "sell",
      "i" : "VVS_USD",
      "m" : "4611686018433760498"
    }, {
      "d" : "1756462108524090000",
      "t" : 1756462108524,
      "tn" : 1756462108524090000,
      "q" : "180000",
      "p" : "0.0000061650",
      "s" : "buy",
      "i" : "VVS_USD",
      "m" : "4611686018433760497"
    }, {
      "d" : "1756462103528428910",
      "t" : 1756462103528,
      "tn" : 1756462103528428910,
      "q" : "180000",
      "p" : "0.0000061684",
      "s" : "sell",
      "i" : "VVS_USD",
      "m" : "4611686018433760496"
    }, {
      "d" : "1756462103520636375",
      "t" : 1756462103520,
      "tn" : 1756462103520636375,
      "q" : "180000",
      "p" : "0.0000061649",
      "s" : "buy",
      "i" : "VVS_USD",
      "m" : "4611686018433760495"
    }, {
      "d" : "1756462093523050094",
      "t" : 1756462093523,
      "tn" : 1756462093523050094,
      "q" : "180000",
      "p" : "0.0000061648",
      "s" : "sell",
      "i" : "VVS_USD",
      "m" : "4611686018433760494"
    }, {
      "d" : "1756462093167379951",
      "t" : 1756462093167,
      "tn" : 1756462093167379951,
      "q" : "180000",
      "p" : "0.0000061648",
      "s" : "sell",
      "i" : "VVS_USD",
      "m" : "4611686018433760493"
    }, {
      "d" : "1756462093137282542",
      "t" : 1756462093137,
      "tn" : 1756462093137282542,
      "q" : "180000",
      "p" : "0.0000061639",
      "s" : "sell",
      "i" : "VVS_USD",
      "m" : "4611686018433760492"
    }, {
      "d" : "1756462093127481900",
      "t" : 1756462093127,
      "tn" : 1756462093127481900,
      "q" : "70000",
      "p" : "0.0000061647",
      "s" : "sell",
      "i" : "VVS_USD",
      "m" : "4611686018433760491"
    }, {
      "d" : "1756462093127479128",
      "t" : 1756462093127,
      "tn" : 1756462093127479128,
      "q" : "110000",
      "p" : "0.0000061648",
      "s" : "sell",
      "i" : "VVS_USD",
      "m" : "4611686018433760490"
    }, {
      "d" : "1756462093026695425",
      "t" : 1756462093026,
      "tn" : 1756462093026695425,
      "q" : "180000",
      "p" : "0.0000061648",
      "s" : "sell",
      "i" : "VVS_USD",
      "m" : "4611686018433760489"
    }, {
      "d" : "1756462092906584262",
      "t" : 1756462092906,
      "tn" : 1756462092906584262,
      "q" : "180000",
      "p" : "0.0000061648",
      "s" : "sell",
      "i" : "VVS_USD",
      "m" : "4611686018433760488"
    }, {
      "d" : "1756462092706423530",
      "t" : 1756462092706,
      "tn" : 1756462092706423530,
      "q" : "180000",
      "p" : "0.0000061648",
      "s" : "sell",
      "i" : "VVS_USD",
      "m" : "4611686018433760487"
    }, {
      "d" : "1756462092525803726",
      "t" : 1756462092525,
      "tn" : 1756462092525803726,
      "q" : "180000",
      "p" : "0.0000061648",
      "s" : "sell",
      "i" : "VVS_USD",
      "m" : "4611686018433760486"
    }, {
      "d" : "1756462092310174085",
      "t" : 1756462092310,
      "tn" : 1756462092310174085,
      "q" : "180000",
      "p" : "0.0000061648",
      "s" : "sell",
      "i" : "VVS_USD",
      "m" : "4611686018433760485"
    }, {
      "d" : "1756462092204887290",
      "t" : 1756462092204,
      "tn" : 1756462092204887290,
      "q" : "180000",
      "p" : "0.0000061648",
      "s" : "sell",
      "i" : "VVS_USD",
      "m" : "4611686018433760484"
    }, {
      "d" : "1756462092109986362",
      "t" : 1756462092109,
      "tn" : 1756462092109986362,
      "q" : "180000",
      "p" : "0.0000061648",
      "s" : "sell",
      "i" : "VVS_USD",
      "m" : "4611686018433760483"
    }, {
      "d" : "1756462091608021221",
      "t" : 1756462091608,
      "tn" : 1756462091608021221,
      "q" : "180000",
      "p" : "0.0000061648",
      "s" : "sell",
      "i" : "VVS_USD",
      "m" : "4611686018433760482"
    }, {
      "d" : "1756462091523042724",
      "t" : 1756462091523,
      "tn" : 1756462091523042724,
      "q" : "180000",
      "p" : "0.0000061648",
      "s" : "sell",
      "i" : "VVS_USD",
      "m" : "4611686018433760481"
    }, {
      "d" : "1756462090520255920",
      "t" : 1756462090520,
      "tn" : 1756462090520255920,
      "q" : "180000",
      "p" : "0.0000061648",
      "s" : "sell",
      "i" : "VVS_USD",
      "m" : "4611686018433760480"
    }, {
      "d" : "1756462090485681230",
      "t" : 1756462090485,
      "tn" : 1756462090485681230,
      "q" : "180000",
      "p" : "0.0000061648",
      "s" : "sell",
      "i" : "VVS_USD",
      "m" : "4611686018433760479"
    }, {
      "d" : "1756462090009004027",
      "t" : 1756462090009,
      "tn" : 1756462090009004027,
      "q" : "180000",
      "p" : "0.0000061651",
      "s" : "sell",
      "i" : "VVS_USD",
      "m" : "4611686018433760478"
    }, {
      "d" : "1756462089525402240",
      "t" : 1756462089525,
      "tn" : 1756462089525402240,
      "q" : "180000",
      "p" : "0.0000061640",
      "s" : "buy",
      "i" : "VVS_USD",
      "m" : "4611686018433760477"
    }, {
      "d" : "1756462089523134401",
      "t" : 1756462089523,
      "tn" : 1756462089523134401,
      "q" : "180000",
      "p" : "0.0000061639",
      "s" : "sell",
      "i" : "VVS_USD",
      "m" : "4611686018433760476"
    }, {
      "d" : "1756462089127374914",
      "t" : 1756462089127,
      "tn" : 1756462089127374914,
      "q" : "180000",
      "p" : "0.0000061639",
      "s" : "sell",
      "i" : "VVS_USD",
      "m" : "4611686018433760475"
    }, {
      "d" : "1756462089026714007",
      "t" : 1756462089026,
      "tn" : 1756462089026714007,
      "q" : "180000",
      "p" : "0.0000061639",
      "s" : "sell",
      "i" : "VVS_USD",
      "m" : "4611686018433760474"
    }, {
      "d" : "1756462088986751179",
      "t" : 1756462088986,
      "tn" : 1756462088986751179,
      "q" : "180000",
      "p" : "0.0000061639",
      "s" : "sell",
      "i" : "VVS_USD",
      "m" : "4611686018433760473"
    }, {
      "d" : "1756462088520422582",
      "t" : 1756462088520,
      "tn" : 1756462088520422582,
      "q" : "180000",
      "p" : "0.0000061639",
      "s" : "sell",
      "i" : "VVS_USD",
      "m" : "4611686018433760472"
    }, {
      "d" : "1756462088485584078",
      "t" : 1756462088485,
      "tn" : 1756462088485584078,
      "q" : "180000",
      "p" : "0.0000061639",
      "s" : "sell",
      "i" : "VVS_USD",
      "m" : "4611686018433760471"
    }, {
      "d" : "1756462088009090366",
      "t" : 1756462088009,
      "tn" : 1756462088009090366,
      "q" : "180000",
      "p" : "0.0000061639",
      "s" : "sell",
      "i" : "VVS_USD",
      "m" : "4611686018433760470"
    }, {
      "d" : "1756462087888912552",
      "t" : 1756462087888,
      "tn" : 1756462087888912552,
      "q" : "180000",
      "p" : "0.0000061639",
      "s" : "sell",
      "i" : "VVS_USD",
      "m" : "4611686018433760469"
    }, {
      "d" : "1756462087748992018",
      "t" : 1756462087748,
      "tn" : 1756462087748992018,
      "q" : "180000",
      "p" : "0.0000061639",
      "s" : "sell",
      "i" : "VVS_USD",
      "m" : "4611686018433760468"
    }, {
      "d" : "1756462084574724658",
      "t" : 1756462084574,
      "tn" : 1756462084574724658,
      "q" : "67340000",
      "p" : "0.0000061884",
      "s" : "buy",
      "i" : "VVS_USD",
      "m" : "4611686018433760467"
    }, {
      "d" : "1756462084574722893",
      "t" : 1756462084574,
      "tn" : 1756462084574722893,
      "q" : "2810000",
      "p" : "0.0000061883",
      "s" : "buy",
      "i" : "VVS_USD",
      "m" : "4611686018433760466"
    }, {
      "d" : "1756462084574721515",
      "t" : 1756462084574,
      "tn" : 1756462084574721515,
      "q" : "2810000",
      "p" : "0.0000061881",
      "s" : "buy",
      "i" : "VVS_USD",
      "m" : "4611686018433760465"
    }, {
      "d" : "1756462083935034179",
      "t" : 1756462083935,
      "tn" : 1756462083935034179,
      "q" : "9930000",
      "p" : "0.0000061830",
      "s" : "buy",
      "i" : "VVS_USD",
      "m" : "4611686018433760464"
    }, {
      "d" : "1756462083935032294",
      "t" : 1756462083935,
      "tn" : 1756462083935032294,
      "q" : "57100000",
      "p" : "0.0000061799",
      "s" : "buy",
      "i" : "VVS_USD",
      "m" : "4611686018433760463"
    }, {
      "d" : "1756462083935030228",
      "t" : 1756462083935,
      "tn" : 1756462083935030227,
      "q" : "1310000",
      "p" : "0.0000061795",
      "s" : "buy",
      "i" : "VVS_USD",
      "m" : "4611686018433760462"
    }, {
      "d" : "1756462083935030227",
      "t" : 1756462083935,
      "tn" : 1756462083935030227,
      "q" : "4650000",
      "p" : "0.0000061795",
      "s" : "buy",
      "i" : "VVS_USD",
      "m" : "4611686018433760462"
    }, {
      "d" : "1756462083691871562",
      "t" : 1756462083691,
      "tn" : 1756462083691871562,
      "q" : "320000",
      "p" : "0.0000061604",
      "s" : "sell",
      "i" : "VVS_USD",
      "m" : "4611686018433760461"
    }, {
      "d" : "1756462076753675333",
      "t" : 1756462076753,
      "tn" : 1756462076753675333,
      "q" : "72960000",
      "p" : "0.0000061644",
      "s" : "buy",
      "i" : "VVS_USD",
      "m" : "4611686018433760460"
    }, {
      "d" : "1756462076123247744",
      "t" : 1756462076123,
      "tn" : 1756462076123247744,
      "q" : "1820000",
      "p" : "0.0000061644",
      "s" : "sell",
      "i" : "VVS_USD",
      "m" : "4611686018433760459"
    }, {
      "d" : "1756462069377703520",
      "t" : 1756462069377,
      "tn" : 1756462069377703520,
      "q" : "6490000",
      "p" : "0.0000061718",
      "s" : "buy",
      "i" : "VVS_USD",
      "m" : "4611686018433760458"
    }, {
      "d" : "1756462051605580348",
      "t" : 1756462051605,
      "tn" : 1756462051605580348,
      "q" : "18140000",
      "p" : "0.0000061567",
      "s" : "sell",
      "i" : "VVS_USD",
      "m" : "4611686018433760457"
    }, {
      "d" : "1756462034105901579",
      "t" : 1756462034105,
      "tn" : 1756462034105901579,
      "q" : "790000",
      "p" : "0.0000061495",
      "s" : "sell",
      "i" : "VVS_USD",
      "m" : "4611686018433760456"
    }, {
      "d" : "1756461991536154597",
      "t" : 1756461991536,
      "tn" : 1756461991536154597,
      "q" : "64790000",
      "p" : "0.0000061439",
      "s" : "sell",
      "i" : "VVS_USD",
      "m" : "4611686018433760455"
    }, {
      "d" : "1756461991536152488",
      "t" : 1756461991536,
      "tn" : 1756461991536152488,
      "q" : "57810000",
      "p" : "0.0000061445",
      "s" : "sell",
      "i" : "VVS_USD",
      "m" : "4611686018433760454"
    }, {
      "d" : "1756461967821658793",
      "t" : 1756461967821,
      "tn" : 1756461967821658793,
      "q" : "320000",
      "p" : "0.0000061613",
      "s" : "buy",
      "i" : "VVS_USD",
      "m" : "4611686018433760453"
    }, {
      "d" : "1756461938009512019",
      "t" : 1756461938009,
      "tn" : 1756461938009512019,
      "q" : "1000000",
      "p" : "0.0000061293",
      "s" : "sell",
      "i" : "VVS_USD",
      "m" : "4611686018433760452"
    }, {
      "d" : "1756461931498515748",
      "t" : 1756461931498,
      "tn" : 1756461931498515748,
      "q" : "20750000",
      "p" : "0.0000061255",
      "s" : "sell",
      "i" : "VVS_USD",
      "m" : "4611686018433760451"
    }, {
      "d" : "1756461931498513263",
      "t" : 1756461931498,
      "tn" : 1756461931498513263,
      "q" : "2810000",
      "p" : "0.0000061256",
      "s" : "sell",
      "i" : "VVS_USD",
      "m" : "4611686018433760450"
    }, {
      "d" : "1756461910608608480",
      "t" : 1756461910608,
      "tn" : 1756461910608608480,
      "q" : "180000",
      "p" : "0.0000061155",
      "s" : "buy",
      "i" : "VVS_USD",
      "m" : "4611686018433760449"
    }, {
      "d" : "1756461906761569214",
      "t" : 1756461906761,
      "tn" : 1756461906761569214,
      "q" : "180000",
      "p" : "0.0000061154",
      "s" : "buy",
      "i" : "VVS_USD",
      "m" : "4611686018433760448"
    }, {
      "d" : "1756461906658994540",
      "t" : 1756461906658,
      "tn" : 1756461906658994540,
      "q" : "21590000",
      "p" : "0.0000061485",
      "s" : "buy",
      "i" : "VVS_USD",
      "m" : "4611686018433760447"
    }, {
      "d" : "1756461906658992510",
      "t" : 1756461906658,
      "tn" : 1756461906658992510,
      "q" : "2820000",
      "p" : "0.0000061483",
      "s" : "buy",
      "i" : "VVS_USD",
      "m" : "4611686018433760446"
    }, {
      "d" : "1756461905506812945",
      "t" : 1756461905506,
      "tn" : 1756461905506812945,
      "q" : "56920000",
      "p" : "0.0000061650",
      "s" : "buy",
      "i" : "VVS_USD",
      "m" : "4611686018433760445"
    }, {
      "d" : "1756461905506810699",
      "t" : 1756461905506,
      "tn" : 1756461905506810699,
      "q" : "87160000",
      "p" : "0.0000061560",
      "s" : "buy",
      "i" : "VVS_USD",
      "m" : "4611686018433760444"
    }, {
      "d" : "1756461905506807893",
      "t" : 1756461905506,
      "tn" : 1756461905506807893,
      "q" : "2810000",
      "p" : "0.0000061559",
      "s" : "buy",
      "i" : "VVS_USD",
      "m" : "4611686018433760443"
    }, {
      "d" : "1756461901708898187",
      "t" : 1756461901708,
      "tn" : 1756461901708898187,
      "q" : "1640000",
      "p" : "0.0000061154",
      "s" : "sell",
      "i" : "VVS_USD",
      "m" : "4611686018433760442"
    }, {
      "d" : "1756461901391932424",
      "t" : 1756461901391,
      "tn" : 1756461901391932424,
      "q" : "180000",
      "p" : "0.0000061154",
      "s" : "buy",
      "i" : "VVS_USD",
      "m" : "4611686018433760441"
    }, {
      "d" : "1756461901289333861",
      "t" : 1756461901289,
      "tn" : 1756461901289333861,
      "q" : "54030000",
      "p" : "0.0000061134",
      "s" : "sell",
      "i" : "VVS_USD",
      "m" : "4611686018433760440"
    }, {
      "d" : "1756461901289331752",
      "t" : 1756461901289,
      "tn" : 1756461901289331752,
      "q" : "57810000",
      "p" : "0.0000061169",
      "s" : "sell",
      "i" : "VVS_USD",
      "m" : "4611686018433760439"
    }, {
      "d" : "1756461901289328956",
      "t" : 1756461901289,
      "tn" : 1756461901289328956,
      "q" : "2820000",
      "p" : "0.0000061170",
      "s" : "sell",
      "i" : "VVS_USD",
      "m" : "4611686018433760438"
    }, {
      "d" : "1756461901289326526",
      "t" : 1756461901289,
      "tn" : 1756461901289326526,
      "q" : "1640000",
      "p" : "0.0000061171",
      "s" : "sell",
      "i" : "VVS_USD",
      "m" : "4611686018433760437"
    }, {
      "d" : "1756461899286423225",
      "t" : 1756461899286,
      "tn" : 1756461899286423225,
      "q" : "3550000",
      "p" : "0.0000061168",
      "s" : "sell",
      "i" : "VVS_USD",
      "m" : "4611686018433760436"
    }, {
      "d" : "1756461899286420719",
      "t" : 1756461899286,
      "tn" : 1756461899286420718,
      "q" : "2810000",
      "p" : "0.0000061169",
      "s" : "sell",
      "i" : "VVS_USD",
      "m" : "4611686018433760435"
    }, {
      "d" : "1756461899286420718",
      "t" : 1756461899286,
      "tn" : 1756461899286420718,
      "q" : "1640000",
      "p" : "0.0000061169",
      "s" : "sell",
      "i" : "VVS_USD",
      "m" : "4611686018433760435"
    }, {
      "d" : "1756461898875367736",
      "t" : 1756461898875,
      "tn" : 1756461898875367736,
      "q" : "63330000",
      "p" : "0.0000061453",
      "s" : "buy",
      "i" : "VVS_USD",
      "m" : "4611686018433760434"
    }, {
      "d" : "1756461898875365855",
      "t" : 1756461898875,
      "tn" : 1756461898875365855,
      "q" : "83770000",
      "p" : "0.0000061380",
      "s" : "buy",
      "i" : "VVS_USD",
      "m" : "4611686018433760433"
    }, {
      "d" : "1756461897706734089",
      "t" : 1756461897706,
      "tn" : 1756461897706734089,
      "q" : "146880000",
      "p" : "0.0000061365",
      "s" : "buy",
      "i" : "VVS_USD",
      "m" : "4611686018433760432"
    }, {
      "d" : "1756461897081737127",
      "t" : 1756461897081,
      "tn" : 1756461897081737127,
      "q" : "8000000",
      "p" : "0.0000061280",
      "s" : "buy",
      "i" : "VVS_USD",
      "m" : "4611686018433760431"
    }, {
      "d" : "1756461896557964819",
      "t" : 1756461896557,
      "tn" : 1756461896557964819,
      "q" : "62940000",
      "p" : "0.0000061200",
      "s" : "buy",
      "i" : "VVS_USD",
      "m" : "4611686018433760430"
    }, {
      "d" : "1756461896557963045",
      "t" : 1756461896557,
      "tn" : 1756461896557963045,
      "q" : "57100000",
      "p" : "0.0000061166",
      "s" : "buy",
      "i" : "VVS_USD",
      "m" : "4611686018433760429"
    }, {
      "d" : "1756461889898482922",
      "t" : 1756461889898,
      "tn" : 1756461889898482922,
      "q" : "76760000",
      "p" : "0.0000061146",
      "s" : "buy",
      "i" : "VVS_USD",
      "m" : "4611686018433760428"
    }, {
      "d" : "1756461889898480862",
      "t" : 1756461889898,
      "tn" : 1756461889898480862,
      "q" : "2940000",
      "p" : "0.0000061145",
      "s" : "buy",
      "i" : "VVS_USD",
      "m" : "4611686018433760427"
    }, {
      "d" : "1756461889898477665",
      "t" : 1756461889898,
      "tn" : 1756461889898477665,
      "q" : "18310000",
      "p" : "0.0000060918",
      "s" : "buy",
      "i" : "VVS_USD",
      "m" : "4611686018433760426"
    }, {
      "d" : "1756461885637990034",
      "t" : 1756461885637,
      "tn" : 1756461885637990034,
      "q" : "2680000",
      "p" : "0.0000060918",
      "s" : "sell",
      "i" : "VVS_USD",
      "m" : "4611686018433760425"
    }, {
      "d" : "1756461883408310812",
      "t" : 1756461883408,
      "tn" : 1756461883408310812,
      "q" : "98060000",
      "p" : "0.0000061189",
      "s" : "buy",
      "i" : "VVS_USD",
      "m" : "4611686018433760424"
    }, {
      "d" : "1756461882094133674",
      "t" : 1756461882094,
      "tn" : 1756461882094133674,
      "q" : "40910000",
      "p" : "0.0000061110",
      "s" : "buy",
      "i" : "VVS_USD",
      "m" : "4611686018433760423"
    }, {
      "d" : "1756461882094131292",
      "t" : 1756461882094,
      "tn" : 1756461882094131292,
      "q" : "57100000",
      "p" : "0.0000061087",
      "s" : "buy",
      "i" : "VVS_USD",
      "m" : "4611686018433760422"
    }, {
      "d" : "1756461877935698250",
      "t" : 1756461877935,
      "tn" : 1756461877935698250,
      "q" : "260000",
      "p" : "0.0000060909",
      "s" : "sell",
      "i" : "VVS_USD",
      "m" : "4611686018433760421"
    }, {
      "d" : "1756461875589719157",
      "t" : 1756461875589,
      "tn" : 1756461875589719157,
      "q" : "98060000",
      "p" : "0.0000061161",
      "s" : "buy",
      "i" : "VVS_USD",
      "m" : "4611686018433760420"
    }, {
      "d" : "1756461874292897162",
      "t" : 1756461874292,
      "tn" : 1756461874292897162,
      "q" : "38170000",
      "p" : "0.0000061110",
      "s" : "buy",
      "i" : "VVS_USD",
      "m" : "4611686018433760419"
    }, {
      "d" : "1756461874292895300",
      "t" : 1756461874292,
      "tn" : 1756461874292895300,
      "q" : "2810000",
      "p" : "0.0000061109",
      "s" : "buy",
      "i" : "VVS_USD",
      "m" : "4611686018433760418"
    }, {
      "d" : "1756461874292891833",
      "t" : 1756461874292,
      "tn" : 1756461874292891833,
      "q" : "57100000",
      "p" : "0.0000061075",
      "s" : "buy",
      "i" : "VVS_USD",
      "m" : "4611686018433760417"
    }, {
      "d" : "1756461871498331145",
      "t" : 1756461871498,
      "tn" : 1756461871498331145,
      "q" : "9850000",
      "p" : "0.0000060898",
      "s" : "sell",
      "i" : "VVS_USD",
      "m" : "4611686018433760416"
    }, {
      "d" : "1756461871498329173",
      "t" : 1756461871498,
      "tn" : 1756461871498329173,
      "q" : "2810000",
      "p" : "0.0000060901",
      "s" : "sell",
      "i" : "VVS_USD",
      "m" : "4611686018433760415"
    }, {
      "d" : "1756461867764510855",
      "t" : 1756461867764,
      "tn" : 1756461867764510855,
      "q" : "49030000",
      "p" : "0.0000061072",
      "s" : "buy",
      "i" : "VVS_USD",
      "m" : "4611686018433760414"
    }, {
      "d" : "1756461866363957753",
      "t" : 1756461866363,
      "tn" : 1756461866363957753,
      "q" : "24530000",
      "p" : "0.0000061069",
      "s" : "buy",
      "i" : "VVS_USD",
      "m" : "4611686018433760413"
    }, {
      "d" : "1756461859965663375",
      "t" : 1756461859965,
      "tn" : 1756461859965663375,
      "q" : "43570000",
      "p" : "0.0000061110",
      "s" : "buy",
      "i" : "VVS_USD",
      "m" : "4611686018433760412"
    }, {
      "d" : "1756461859965661512",
      "t" : 1756461859965,
      "tn" : 1756461859965661512,
      "q" : "54490000",
      "p" : "0.0000061060",
      "s" : "buy",
      "i" : "VVS_USD",
      "m" : "4611686018433760411"
    }, {
      "d" : "1756461859899736203",
      "t" : 1756461859899,
      "tn" : 1756461859899736203,
      "q" : "2610000",
      "p" : "0.0000061060",
      "s" : "buy",
      "i" : "VVS_USD",
      "m" : "4611686018433760410"
    }, {
      "d" : "1756461858550072203",
      "t" : 1756461858550,
      "tn" : 1756461858550072203,
      "q" : "24530000",
      "p" : "0.0000061057",
      "s" : "buy",
      "i" : "VVS_USD",
      "m" : "4611686018433760409"
    }, {
      "d" : "1756461852161183514",
      "t" : 1756461852161,
      "tn" : 1756461852161183514,
      "q" : "9810000",
      "p" : "0.0000061057",
      "s" : "buy",
      "i" : "VVS_USD",
      "m" : "4611686018433760408"
    }, {
      "d" : "1756461850684684010",
      "t" : 1756461850684,
      "tn" : 1756461850684684010,
      "q" : "9810000",
      "p" : "0.0000061054",
      "s" : "buy",
      "i" : "VVS_USD",
      "m" : "4611686018433760407"
    }, {
      "d" : "1756461836709862448",
      "t" : 1756461836709,
      "tn" : 1756461836709862448,
      "q" : "9820000",
      "p" : "0.0000061054",
      "s" : "buy",
      "i" : "VVS_USD",
      "m" : "4611686018433760406"
    }, {
      "d" : "1756461836545102156",
      "t" : 1756461836545,
      "tn" : 1756461836545102156,
      "q" : "24530000",
      "p" : "0.0000061051",
      "s" : "buy",
      "i" : "VVS_USD",
      "m" : "4611686018433760405"
    }, {
      "d" : "1756461825888912732",
      "t" : 1756461825888,
      "tn" : 1756461825888912732,
      "q" : "49130000",
      "p" : "0.0000061048",
      "s" : "buy",
      "i" : "VVS_USD",
      "m" : "4611686018433760404"
    }, {
      "d" : "1756461825346111927",
      "t" : 1756461825346,
      "tn" : 1756461825346111927,
      "q" : "47440000",
      "p" : "0.0000061042",
      "s" : "buy",
      "i" : "VVS_USD",
      "m" : "4611686018433760403"
    }, {
      "d" : "1756461825346108368",
      "t" : 1756461825346,
      "tn" : 1756461825346108368,
      "q" : "1650000",
      "p" : "0.0000061041",
      "s" : "buy",
      "i" : "VVS_USD",
      "m" : "4611686018433760402"
    }, {
      "d" : "1756461813498239224",
      "t" : 1756461813498,
      "tn" : 1756461813498239224,
      "q" : "49130000",
      "p" : "0.0000061147",
      "s" : "buy",
      "i" : "VVS_USD",
      "m" : "4611686018433760401"
    }, {
      "d" : "1756461808109101666",
      "t" : 1756461808109,
      "tn" : 1756461808109101666,
      "q" : "36670000",
      "p" : "0.0000061110",
      "s" : "buy",
      "i" : "VVS_USD",
      "m" : "4611686018433760400"
    }, {
      "d" : "1756461808109099785",
      "t" : 1756461808109,
      "tn" : 1756461808109099785,
      "q" : "2820000",
      "p" : "0.0000061109",
      "s" : "buy",
      "i" : "VVS_USD",
      "m" : "4611686018433760399"
    }, {
      "d" : "1756461808109097036",
      "t" : 1756461808109,
      "tn" : 1756461808109097036,
      "q" : "57100000",
      "p" : "0.0000061028",
      "s" : "buy",
      "i" : "VVS_USD",
      "m" : "4611686018433760398"
    }, {
      "d" : "1756461808109094071",
      "t" : 1756461808109,
      "tn" : 1756461808109094071,
      "q" : "1640000",
      "p" : "0.0000061027",
      "s" : "buy",
      "i" : "VVS_USD",
      "m" : "4611686018433760397"
    }, {
      "d" : "1756461800719141128",
      "t" : 1756461800719,
      "tn" : 1756461800719141128,
      "q" : "10210000",
      "p" : "0.0000061122",
      "s" : "buy",
      "i" : "VVS_USD",
      "m" : "4611686018433760396"
    }, {
      "d" : "1756461800719139436",
      "t" : 1756461800719,
      "tn" : 1756461800719139436,
      "q" : "83770000",
      "p" : "0.0000061110",
      "s" : "buy",
      "i" : "VVS_USD",
      "m" : "4611686018433760395"
    }, {
      "d" : "1756461800719136956",
      "t" : 1756461800719,
      "tn" : 1756461800719136956,
      "q" : "2810000",
      "p" : "0.0000061109",
      "s" : "buy",
      "i" : "VVS_USD",
      "m" : "4611686018433760394"
    }, {
      "d" : "1756461800719134964",
      "t" : 1756461800719,
      "tn" : 1756461800719134964,
      "q" : "1650000",
      "p" : "0.0000061108",
      "s" : "buy",
      "i" : "VVS_USD",
      "m" : "4611686018433760393"
    }, {
      "d" : "1756461800308024280",
      "t" : 1756461800308,
      "tn" : 1756461800308024280,
      "q" : "41350000",
      "p" : "0.0000061020",
      "s" : "buy",
      "i" : "VVS_USD",
      "m" : "4611686018433760392"
    }, {
      "d" : "1756461800308022107",
      "t" : 1756461800308,
      "tn" : 1756461800308022107,
      "q" : "57100000",
      "p" : "0.0000061001",
      "s" : "buy",
      "i" : "VVS_USD",
      "m" : "4611686018433760391"
    }, {
      "d" : "1756461769690255184",
      "t" : 1756461769690,
      "tn" : 1756461769690255184,
      "q" : "38530000",
      "p" : "0.0000060826",
      "s" : "sell",
      "i" : "VVS_USD",
      "m" : "4611686018433760390"
    }, {
      "d" : "1756461583728499877",
      "t" : 1756461583728,
      "tn" : 1756461583728499877,
      "q" : "310000",
      "p" : "0.0000061029",
      "s" : "buy",
      "i" : "VVS_USD",
      "m" : "4611686018433760389"
    }, {
      "d" : "1756461571219740009",
      "t" : 1756461571219,
      "tn" : 1756461571219740009,
      "q" : "1810000",
      "p" : "0.0000060850",
      "s" : "sell",
      "i" : "VVS_USD",
      "m" : "4611686018433760388"
    }, {
      "d" : "1756461559715168782",
      "t" : 1756461559715,
      "tn" : 1756461559715168782,
      "q" : "29620000",
      "p" : "0.0000060849",
      "s" : "sell",
      "i" : "VVS_USD",
      "m" : "4611686018433760387"
    } ]
  }
}