{
  "id" : -1,
  "method" : "public/get-trades",
  "code" : 0,
  "result" : {
    "data" : [ {
      "d" : "1756462129522681796",
      "t" : 1756462129522,
      "tn" : 1756462129522681796,
      "q" : "180000",
      "p" : "0.0000061608",
      "s" : "buy",
      "i" : "VVS_USDT",
      "m" : "4611686018431562979"
    }, {
      "d" : "1756462129487762406",
      "t" : 1756462129487,
      "tn" : 1756462129487762406,
      "q" : "180000",
      "p" : "0.0000061608",
      "s" : "buy",
      "i" : "VVS_USDT",
      "m" : "4611686018431562978"
    }, {
      "d" : "1756462129006295621",
      "t" : 1756462129006,
      "tn" : 1756462129006295621,
      "q" : "180000",
      "p" : "0.0000061608",
      "s" : "buy",
      "i" : "VVS_USDT",
      "m" : "4611686018431562977"
    }, {
      "d" : "1756462128886221697",
      "t" : 1756462128886,
      "tn" : 1756462128886221697,
      "q" : "180000",
      "p" : "0.0000061608",
      "s" : "buy",
      "i" : "VVS_USDT",
      "m" : "4611686018431562976"
    }, {
      "d" : "1756462128523485450",
      "t" : 1756462128523,
      "tn" : 1756462128523485450,
      "q" : "180000",
      "p" : "0.0000061608",
      "s" : "buy",
      "i" : "VVS_USDT",
      "m" : "4611686018431562975"
    }, {
      "d" : "1756462103527501697",
      "t" : 1756462103527,
      "tn" : 1756462103527501697,
      "q" : "180000",
      "p" : "0.0000061610",
      "s" : "buy",
      "i" : "VVS_USDT",
      "m" : "4611686018431562974"
    }, {
      "d" : "1756462093622067854",
      "t" : 1756462093622,
      "tn" : 1756462093622067854,
      "q" : "180000",
      "p" : "0.0000061556",
      "s" : "buy",
      "i" : "VVS_USDT",
      "m" : "4611686018431562973"
    }, {
      "d" : "1756462093522187468",
      "t" : 1756462093522,
      "tn" : 1756462093522187468,
      "q" : "180000",
      "p" : "0.0000061556",
      "s" : "buy",
      "i" : "VVS_USDT",
      "m" : "4611686018431562972"
    }, {
      "d" : "1756462093166618708",
      "t" : 1756462093166,
      "tn" : 1756462093166618708,
      "q" : "180000",
      "p" : "0.0000061556",
      "s" : "buy",
      "i" : "VVS_USDT",
      "m" : "4611686018431562971"
    }, {
      "d" : "1756462093136553878",
      "t" : 1756462093136,
      "tn" : 1756462093136553878,
      "q" : "180000",
      "p" : "0.0000061556",
      "s" : "buy",
      "i" : "VVS_USDT",
      "m" : "4611686018431562970"
    }, {
      "d" : "1756462093126604556",
      "t" : 1756462093126,
      "tn" : 1756462093126604556,
      "q" : "180000",
      "p" : "0.0000061556",
      "s" : "buy",
      "i" : "VVS_USDT",
      "m" : "4611686018431562969"
    }, {
      "d" : "1756462093025895518",
      "t" : 1756462093025,
      "tn" : 1756462093025895518,
      "q" : "180000",
      "p" : "0.0000061556",
      "s" : "buy",
      "i" : "VVS_USDT",
      "m" : "4611686018431562968"
    }, {
      "d" : "1756462092905751155",
      "t" : 1756462092905,
      "tn" : 1756462092905751155,
      "q" : "180000",
      "p" : "0.0000061556",
      "s" : "buy",
      "i" : "VVS_USDT",
      "m" : "4611686018431562967"
    }, {
      "d" : "1756462092705488791",
      "t" : 1756462092705,
      "tn" : 1756462092705488791,
      "q" : "180000",
      "p" : "0.0000061556",
      "s" : "buy",
      "i" : "VVS_USDT",
      "m" : "4611686018431562966"
    }, {
      "d" : "1756462092524800248",
      "t" : 1756462092524,
      "tn" : 1756462092524800248,
      "q" : "180000",
      "p" : "0.0000061556",
      "s" : "buy",
      "i" : "VVS_USDT",
      "m" : "4611686018431562965"
    }, {
      "d" : "1756462092309218487",
      "t" : 1756462092309,
      "tn" : 1756462092309218487,
      "q" : "180000",
      "p" : "0.0000061556",
      "s" : "buy",
      "i" : "VVS_USDT",
      "m" : "4611686018431562964"
    }, {
      "d" : "1756462092204075175",
      "t" : 1756462092204,
      "tn" : 1756462092204075175,
      "q" : "180000",
      "p" : "0.0000061556",
      "s" : "buy",
      "i" : "VVS_USDT",
      "m" : "4611686018431562963"
    }, {
      "d" : "1756462092109022585",
      "t" : 1756462092109,
      "tn" : 1756462092109022585,
      "q" : "180000",
      "p" : "0.0000061556",
      "s" : "buy",
      "i" : "VVS_USDT",
      "m" : "4611686018431562962"
    }, {
      "d" : "1756462091607210034",
      "t" : 1756462091607,
      "tn" : 1756462091607210034,
      "q" : "180000",
      "p" : "0.0000061556",
      "s" : "buy",
      "i" : "VVS_USDT",
      "m" : "4611686018431562961"
    }, {
      "d" : "1756462091522051420",
      "t" : 1756462091522,
      "tn" : 1756462091522051420,
      "q" : "180000",
      "p" : "0.0000061556",
      "s" : "buy",
      "i" : "VVS_USDT",
      "m" : "4611686018431562960"
    }, {
      "d" : "1756462090519366059",
      "t" : 1756462090519,
      "tn" : 1756462090519366059,
      "q" : "180000",
      "p" : "0.0000061552",
      "s" : "buy",
      "i" : "VVS_USDT",
      "m" : "4611686018431562959"
    }, {
      "d" : "1756462090484683030",
      "t" : 1756462090484,
      "tn" : 1756462090484683030,
      "q" : "180000",
      "p" : "0.0000061552",
      "s" : "buy",
      "i" : "VVS_USDT",
      "m" : "4611686018431562958"
    }, {
      "d" : "1756462090008089879",
      "t" : 1756462090008,
      "tn" : 1756462090008089879,
      "q" : "180000",
      "p" : "0.0000061552",
      "s" : "buy",
      "i" : "VVS_USDT",
      "m" : "4611686018431562957"
    }, {
      "d" : "1756462089522263729",
      "t" : 1756462089522,
      "tn" : 1756462089522263729,
      "q" : "180000",
      "p" : "0.0000061552",
      "s" : "buy",
      "i" : "VVS_USDT",
      "m" : "4611686018431562956"
    }, {
      "d" : "1756462089126561419",
      "t" : 1756462089126,
      "tn" : 1756462089126561419,
      "q" : "180000",
      "p" : "0.0000061552",
      "s" : "buy",
      "i" : "VVS_USDT",
      "m" : "4611686018431562955"
    }, {
      "d" : "1756462089025756627",
      "t" : 1756462089025,
      "tn" : 1756462089025756627,
      "q" : "180000",
      "p" : "0.0000061552",
      "s" : "buy",
      "i" : "VVS_USDT",
      "m" : "4611686018431562954"
    }, {
      "d" : "1756462088985777596",
      "t" : 1756462088985,
      "tn" : 1756462088985777596,
      "q" : "180000",
      "p" : "0.0000061552",
      "s" : "buy",
      "i" : "VVS_USDT",
      "m" : "4611686018431562953"
    }, {
      "d" : "1756462088519584681",
      "t" : 1756462088519,
      "tn" : 1756462088519584681,
      "q" : "180000",
      "p" : "0.0000061552",
      "s" : "buy",
      "i" : "VVS_USDT",
      "m" : "4611686018431562952"
    }, {
      "d" : "1756462088484647774",
      "t" : 1756462088484,
      "tn" : 1756462088484647774,
      "q" : "180000",
      "p" : "0.0000061552",
      "s" : "buy",
      "i" : "VVS_USDT",
      "m" : "4611686018431562951"
    }, {
      "d" : "1756462088008228201",
      "t" : 1756462088008,
      "tn" : 1756462088008228201,
      "q" : "180000",
      "p" : "0.0000061552",
      "s" : "buy",
      "i" : "VVS_USDT",
      "m" : "4611686018431562950"
    }, {
      "d" : "1756462087888091116",
      "t" : 1756462087888,
      "tn" : 1756462087888091116,
      "q" : "180000",
      "p" : "0.0000061552",
      "s" : "buy",
      "i" : "VVS_USDT",
      "m" : "4611686018431562949"
    }, {
      "d" : "1756462087747972935",
      "t" : 1756462087747,
      "tn" : 1756462087747972935,
      "q" : "180000",
      "p" : "0.0000061552",
      "s" : "buy",
      "i" : "VVS_USDT",
      "m" : "4611686018431562948"
    }, {
      "d" : "1756461899404692227",
      "t" : 1756461899404,
      "tn" : 1756461899404692227,
      "q" : "180000",
      "p" : "0.0000061180",
      "s" : "buy",
      "i" : "VVS_USDT",
      "m" : "4611686018431562947"
    }, {
      "d" : "1756461899058928618",
      "t" : 1756461899058,
      "tn" : 1756461899058928618,
      "q" : "180000",
      "p" : "0.0000061150",
      "s" : "buy",
      "i" : "VVS_USDT",
      "m" : "4611686018431562946"
    }, {
      "d" : "1756461898925154691",
      "t" : 1756461898925,
      "tn" : 1756461898925154691,
      "q" : "114640000",
      "p" : "0.0000061272",
      "s" : "buy",
      "i" : "VVS_USDT",
      "m" : "4611686018431562945"
    }, {
      "d" : "1756461896935697415",
      "t" : 1756461896935,
      "tn" : 1756461896935697415,
      "q" : "57100000",
      "p" : "0.0000061106",
      "s" : "buy",
      "i" : "VVS_USDT",
      "m" : "4611686018431562944"
    }, {
      "d" : "1756459808992946101",
      "t" : 1756459808992,
      "tn" : 1756459808992946101,
      "q" : "180000",
      "p" : "0.0000060918",
      "s" : "buy",
      "i" : "VVS_USDT",
      "m" : "4611686018431562943"
    }, {
      "d" : "1756459786859772713",
      "t" : 1756459786859,
      "tn" : 1756459786859772713,
      "q" : "48690000",
      "p" : "0.0000060727",
      "s" : "buy",
      "i" : "VVS_USDT",
      "m" : "4611686018431562942"
    }, {
      "d" : "1756459782869201834",
      "t" : 1756459782869,
      "tn" : 1756459782869201834,
      "q" : "48690000",
      "p" : "0.0000060551",
      "s" : "sell",
      "i" : "VVS_USDT",
      "m" : "4611686018431562941"
    }, {
      "d" : "1756459495783717970",
      "t" : 1756459495783,
      "tn" : 1756459495783717970,
      "q" : "15470000",
      "p" : "0.0000060471",
      "s" : "buy",
      "i" : "VVS_USDT",
      "m" : "4611686018431562940"
    }, {
      "d" : "1756459375712894331",
      "t" : 1756459375712,
      "tn" : 1756459375712894331,
      "q" : "1160000",
      "p" : "0.0000060371",
      "s" : "buy",
      "i" : "VVS_USDT",
      "m" : "4611686018431562939"
    }, {
      "d" : "1756459375712892446",
      "t" : 1756459375712,
      "tn" : 1756459375712892446,
      "q" : "230000",
      "p" : "0.0000060370",
      "s" : "buy",
      "i" : "VVS_USDT",
      "m" : "4611686018431562938"
    }, {
      "d" : "1756458455023814870",
      "t" : 1756458455023,
      "tn" : 1756458455023814870,
      "q" : "230000",
      "p" : "0.0000059780",
      "s" : "sell",
      "i" : "VVS_USDT",
      "m" : "4611686018431562937"
    }, {
      "d" : "1756458443538220389",
      "t" : 1756458443538,
      "tn" : 1756458443538220389,
      "q" : "170000",
      "p" : "0.0000059935",
      "s" : "buy",
      "i" : "VVS_USDT",
      "m" : "4611686018431562936"
    }, {
      "d" : "1756458392726200619",
      "t" : 1756458392726,
      "tn" : 1756458392726200619,
      "q" : "180000",
      "p" : "0.0000059932",
      "s" : "sell",
      "i" : "VVS_USDT",
      "m" : "4611686018431562935"
    }, {
      "d" : "1756458392625311862",
      "t" : 1756458392625,
      "tn" : 1756458392625311862,
      "q" : "180000",
      "p" : "0.0000059931",
      "s" : "sell",
      "i" : "VVS_USDT",
      "m" : "4611686018431562934"
    }, {
      "d" : "1756458377613862805",
      "t" : 1756458377613,
      "tn" : 1756458377613862805,
      "q" : "180000",
      "p" : "0.0000059934",
      "s" : "sell",
      "i" : "VVS_USDT",
      "m" : "4611686018431562933"
    }, {
      "d" : "1756457199083748627",
      "t" : 1756457199083,
      "tn" : 1756457199083748627,
      "q" : "24560000",
      "p" : "0.0000061048",
      "s" : "buy",
      "i" : "VVS_USDT",
      "m" : "4611686018431562932"
    }, {
      "d" : "1756457199083745972",
      "t" : 1756457199083,
      "tn" : 1756457199083745972,
      "q" : "1940000",
      "p" : "0.0000061047",
      "s" : "buy",
      "i" : "VVS_USDT",
      "m" : "4611686018431562931"
    }, {
      "d" : "1756456827064381547",
      "t" : 1756456827064,
      "tn" : 1756456827064381547,
      "q" : "34050000",
      "p" : "0.0000060872",
      "s" : "sell",
      "i" : "VVS_USDT",
      "m" : "4611686018431562930"
    }, {
      "d" : "1756454978522821938",
      "t" : 1756454978522,
      "tn" : 1756454978522821938,
      "q" : "180000",
      "p" : "0.0000061514",
      "s" : "buy",
      "i" : "VVS_USDT",
      "m" : "4611686018431562929"
    }, {
      "d" : "1756454978207310787",
      "t" : 1756454978207,
      "tn" : 1756454978207310787,
      "q" : "180000",
      "p" : "0.0000061514",
      "s" : "buy",
      "i" : "VVS_USDT",
      "m" : "4611686018431562928"
    }, {
      "d" : "1756454978086621706",
      "t" : 1756454978086,
      "tn" : 1756454978086621706,
      "q" : "180000",
      "p" : "0.0000061514",
      "s" : "buy",
      "i" : "VVS_USDT",
      "m" : "4611686018431562927"
    }, {
      "d" : "1756454977966433374",
      "t" : 1756454977966,
      "tn" : 1756454977966433374,
      "q" : "180000",
      "p" : "0.0000061514",
      "s" : "buy",
      "i" : "VVS_USDT",
      "m" : "4611686018431562926"
    }, {
      "d" : "1756454977926490253",
      "t" : 1756454977926,
      "tn" : 1756454977926490253,
      "q" : "180000",
      "p" : "0.0000061514",
      "s" : "buy",
      "i" : "VVS_USDT",
      "m" : "4611686018431562925"
    }, {
      "d" : "1756454977520208650",
      "t" : 1756454977520,
      "tn" : 1756454977520208650,
      "q" : "180000",
      "p" : "0.0000061522",
      "s" : "buy",
      "i" : "VVS_USDT",
      "m" : "4611686018431562924"
    }, {
      "d" : "1756454977224749503",
      "t" : 1756454977224,
      "tn" : 1756454977224749503,
      "q" : "180000",
      "p" : "0.0000061522",
      "s" : "buy",
      "i" : "VVS_USDT",
      "m" : "4611686018431562923"
    }, {
      "d" : "1756454977134686505",
      "t" : 1756454977134,
      "tn" : 1756454977134686505,
      "q" : "180000",
      "p" : "0.0000061522",
      "s" : "buy",
      "i" : "VVS_USDT",
      "m" : "4611686018431562922"
    }, {
      "d" : "1756454977124633987",
      "t" : 1756454977124,
      "tn" : 1756454977124633987,
      "q" : "180000",
      "p" : "0.0000061522",
      "s" : "buy",
      "i" : "VVS_USDT",
      "m" : "4611686018431562921"
    }, {
      "d" : "1756454977104705023",
      "t" : 1756454977104,
      "tn" : 1756454977104705023,
      "q" : "180000",
      "p" : "0.0000061514",
      "s" : "buy",
      "i" : "VVS_USDT",
      "m" : "4611686018431562920"
    }, {
      "d" : "1756454977013928953",
      "t" : 1756454977013,
      "tn" : 1756454977013928953,
      "q" : "180000",
      "p" : "0.0000061514",
      "s" : "buy",
      "i" : "VVS_USDT",
      "m" : "4611686018431562919"
    }, {
      "d" : "1756454976924013066",
      "t" : 1756454976924,
      "tn" : 1756454976924013066,
      "q" : "180000",
      "p" : "0.0000061514",
      "s" : "buy",
      "i" : "VVS_USDT",
      "m" : "4611686018431562918"
    }, {
      "d" : "1756454269802539628",
      "t" : 1756454269802,
      "tn" : 1756454269802539628,
      "q" : "180000",
      "p" : "0.0000062224",
      "s" : "buy",
      "i" : "VVS_USDT",
      "m" : "4611686018431562917"
    }, {
      "d" : "1756454268981447271",
      "t" : 1756454268981,
      "tn" : 1756454268981447271,
      "q" : "180000",
      "p" : "0.0000062223",
      "s" : "buy",
      "i" : "VVS_USDT",
      "m" : "4611686018431562916"
    }, {
      "d" : "1756454268141226345",
      "t" : 1756454268141,
      "tn" : 1756454268141226345,
      "q" : "180000",
      "p" : "0.0000062222",
      "s" : "buy",
      "i" : "VVS_USDT",
      "m" : "4611686018431562915"
    }, {
      "d" : "1756454268042602648",
      "t" : 1756454268042,
      "tn" : 1756454268042602648,
      "q" : "180000",
      "p" : "0.0000062222",
      "s" : "buy",
      "i" : "VVS_USDT",
      "m" : "4611686018431562914"
    }, {
      "d" : "1756454267943654319",
      "t" : 1756454267943,
      "tn" : 1756454267943654319,
      "q" : "180000",
      "p" : "0.0000062224",
      "s" : "buy",
      "i" : "VVS_USDT",
      "m" : "4611686018431562913"
    }, {
      "d" : "1756454267558355485",
      "t" : 1756454267558,
      "tn" : 1756454267558355485,
      "q" : "180000",
      "p" : "0.0000062224",
      "s" : "buy",
      "i" : "VVS_USDT",
      "m" : "4611686018431562912"
    }, {
      "d" : "1756454266956802945",
      "t" : 1756454266956,
      "tn" : 1756454266956802945,
      "q" : "180000",
      "p" : "0.0000062224",
      "s" : "buy",
      "i" : "VVS_USDT",
      "m" : "4611686018431562911"
    }, {
      "d" : "1756454266556249694",
      "t" : 1756454266556,
      "tn" : 1756454266556249694,
      "q" : "180000",
      "p" : "0.0000062224",
      "s" : "buy",
      "i" : "VVS_USDT",
      "m" : "4611686018431562910"
    }, {
      "d" : "1756454266220321984",
      "t" : 1756454266220,
      "tn" : 1756454266220321984,
      "q" : "180000",
      "p" : "0.0000062224",
      "s" : "buy",
      "i" : "VVS_USDT",
      "m" : "4611686018431562909"
    }, {
      "d" : "1756454265539115081",
      "t" : 1756454265539,
      "tn" : 1756454265539115081,
      "q" : "180000",
      "p" : "0.0000062222",
      "s" : "buy",
      "i" : "VVS_USDT",
      "m" : "4611686018431562908"
    }, {
      "d" : "1756454265268128800",
      "t" : 1756454265268,
      "tn" : 1756454265268128800,
      "q" : "180000",
      "p" : "0.0000062220",
      "s" : "buy",
      "i" : "VVS_USDT",
      "m" : "4611686018431562907"
    }, {
      "d" : "1756454264932761663",
      "t" : 1756454264932,
      "tn" : 1756454264932761663,
      "q" : "180000",
      "p" : "0.0000062222",
      "s" : "buy",
      "i" : "VVS_USDT",
      "m" : "4611686018431562906"
    }, {
      "d" : "1756454264569044745",
      "t" : 1756454264569,
      "tn" : 1756454264569044745,
      "q" : "180000",
      "p" : "0.0000062222",
      "s" : "buy",
      "i" : "VVS_USDT",
      "m" : "4611686018431562905"
    }, {
      "d" : "1756454260311463657",
      "t" : 1756454260311,
      "tn" : 1756454260311463657,
      "q" : "180000",
      "p" : "0.0000062213",
      "s" : "buy",
      "i" : "VVS_USDT",
      "m" : "4611686018431562904"
    }, {
      "d" : "1756454259605176538",
      "t" : 1756454259605,
      "tn" : 1756454259605176538,
      "q" : "180000",
      "p" : "0.0000062223",
      "s" : "buy",
      "i" : "VVS_USDT",
      "m" : "4611686018431562903"
    }, {
      "d" : "1756454084859098175",
      "t" : 1756454084859,
      "tn" : 1756454084859098175,
      "q" : "540000",
      "p" : "0.0000062223",
      "s" : "buy",
      "i" : "VVS_USDT",
      "m" : "4611686018431562902"
    }, {
      "d" : "1756454076519702585",
      "t" : 1756454076519,
      "tn" : 1756454076519702585,
      "q" : "180000",
      "p" : "0.0000062043",
      "s" : "buy",
      "i" : "VVS_USDT",
      "m" : "4611686018431562901"
    }, {
      "d" : "1756454074685837874",
      "t" : 1756454074685,
      "tn" : 1756454074685837874,
      "q" : "180000",
      "p" : "0.0000062118",
      "s" : "buy",
      "i" : "VVS_USDT",
      "m" : "4611686018431562900"
    }, {
      "d" : "1756453877905616172",
      "t" : 1756453877905,
      "tn" : 1756453877905616172,
      "q" : "400000",
      "p" : "0.0000062080",
      "s" : "buy",
      "i" : "VVS_USDT",
      "m" : "4611686018431562899"
    }, {
      "d" : "1756453823792471562",
      "t" : 1756453823792,
      "tn" : 1756453823792471562,
      "q" : "2810000",
      "p" : "0.0000062034",
      "s" : "buy",
      "i" : "VVS_USDT",
      "m" : "4611686018431562898"
    }, {
      "d" : "1756453495309416745",
      "t" : 1756453495309,
      "tn" : 1756453495309416745,
      "q" : "8380000",
      "p" : "0.0000061928",
      "s" : "buy",
      "i" : "VVS_USDT",
      "m" : "4611686018431562897"
    }, {
      "d" : "1756452750470258006",
      "t" : 1756452750470,
      "tn" : 1756452750470258006,
      "q" : "13630000",
      "p" : "0.0000061005",
      "s" : "buy",
      "i" : "VVS_USDT",
      "m" : "4611686018431562896"
    }, {
      "d" : "1756452220157831221",
      "t" : 1756452220157,
      "tn" : 1756452220157831221,
      "q" : "1020000",
      "p" : "0.0000061046",
      "s" : "sell",
      "i" : "VVS_USDT",
      "m" : "4611686018431562895"
    }, {
      "d" : "1756452055512531255",
      "t" : 1756452055512,
      "tn" : 1756452055512531255,
      "q" : "52910000",
      "p" : "0.0000061483",
      "s" : "sell",
      "i" : "VVS_USDT",
      "m" : "4611686018431562894"
    }, {
      "d" : "1756451278500745028",
      "t" : 1756451278500,
      "tn" : 1756451278500745028,
      "q" : "180000",
      "p" : "0.0000062401",
      "s" : "buy",
      "i" : "VVS_USDT",
      "m" : "4611686018431562893"
    }, {
      "d" : "1756451278498761915",
      "t" : 1756451278498,
      "tn" : 1756451278498761915,
      "q" : "180000",
      "p" : "0.0000062400",
      "s" : "sell",
      "i" : "VVS_USDT",
      "m" : "4611686018431562892"
    }, {
      "d" : "1756451278455812644",
      "t" : 1756451278455,
      "tn" : 1756451278455812644,
      "q" : "92670000",
      "p" : "0.0000062416",
      "s" : "sell",
      "i" : "VVS_USDT",
      "m" : "4611686018431562891"
    }, {
      "d" : "1756451278453872327",
      "t" : 1756451278453,
      "tn" : 1756451278453872327,
      "q" : "37280000",
      "p" : "0.0000062454",
      "s" : "sell",
      "i" : "VVS_USDT",
      "m" : "4611686018431562890"
    }, {
      "d" : "1756451054768508413",
      "t" : 1756451054768,
      "tn" : 1756451054768508413,
      "q" : "23530000",
      "p" : "0.0000061747",
      "s" : "buy",
      "i" : "VVS_USDT",
      "m" : "4611686018431562889"
    }, {
      "d" : "1756450849159800131",
      "t" : 1756450849159,
      "tn" : 1756450849159800131,
      "q" : "2840000",
      "p" : "0.0000061489",
      "s" : "sell",
      "i" : "VVS_USDT",
      "m" : "4611686018431562888"
    }, {
      "d" : "1756450291688421333",
      "t" : 1756450291688,
      "tn" : 1756450291688421333,
      "q" : "180000",
      "p" : "0.0000061895",
      "s" : "sell",
      "i" : "VVS_USDT",
      "m" : "4611686018431562887"
    }, {
      "d" : "1756450291518412465",
      "t" : 1756450291518,
      "tn" : 1756450291518412465,
      "q" : "180000",
      "p" : "0.0000061924",
      "s" : "sell",
      "i" : "VVS_USDT",
      "m" : "4611686018431562886"
    }, {
      "d" : "1756450272835311076",
      "t" : 1756450272835,
      "tn" : 1756450272835311076,
      "q" : "7380000",
      "p" : "0.0000062103",
      "s" : "buy",
      "i" : "VVS_USDT",
      "m" : "4611686018431562885"
    }, {
      "d" : "1756449978066238592",
      "t" : 1756449978066,
      "tn" : 1756449978066238592,
      "q" : "17060000",
      "p" : "0.0000061944",
      "s" : "buy",
      "i" : "VVS_USDT",
      "m" : "4611686018431562884"
    }, {
      "d" : "1756449978055224372",
      "t" : 1756449978055,
      "tn" : 1756449978055224372,
      "q" : "31020000",
      "p" : "0.0000061944",
      "s" : "buy",
      "i" : "VVS_USDT",
      "m" : "4611686018431562883"
    }, {
      "d" : "1756449965786001019",
      "t" : 1756449965786,
      "tn" : 1756449965786001019,
      "q" : "530000",
      "p" : "0.0000061908",
      "s" : "buy",
      "i" : "VVS_USDT",
      "m" : "4611686018431562882"
    }, {
      "d" : "1756449930627220254",
      "t" : 1756449930627,
      "tn" : 1756449930627220254,
      "q" : "1610000",
      "p" : "0.0000061789",
      "s" : "buy",
      "i" : "VVS_USDT",
      "m" : "4611686018431562881"
    }, {
      "d" : "1756449930574209055",
      "t" : 1756449930574,
      "tn" : 1756449930574209055,
      "q" : "15320000",
      "p" : "0.0000061789",
      "s" : "buy",
      "i" : "VVS_USDT",
      "m" : "4611686018431562880"
    }, {
      "d" : "1756449214738191070",
      "t" : 1756449214738,
      "tn" : 1756449214738191070,
      "q" : "180000",
      "p" : "0.0000062293",
      "s" : "sell",
      "i" : "VVS_USDT",
      "m" : "4611686018431562879"
    }, {
      "d" : "1756449214640661069",
      "t" : 1756449214640,
      "tn" : 1756449214640661069,
      "q" : "180000",
      "p" : "0.0000062293",
      "s" : "sell",
      "i" : "VVS_USDT",
      "m" : "4611686018431562878"
    }, {
      "d" : "1756449214590574909",
      "t" : 1756449214590,
      "tn" : 1756449214590574909,
      "q" : "180000",
      "p" : "0.0000062293",
      "s" : "sell",
      "i" : "VVS_USDT",
      "m" : "4611686018431562877"
    }, {
      "d" : "1756449214539017253",
      "t" : 1756449214539,
      "tn" : 1756449214539017253,
      "q" : "180000",
      "p" : "0.0000062293",
      "s" : "sell",
      "i" : "VVS_USDT",
      "m" : "4611686018431562876"
    }, {
      "d" : "1756449214329619489",
      "t" : 1756449214329,
      "tn" : 1756449214329619489,
      "q" : "180000",
      "p" : "0.0000062293",
      "s" : "sell",
      "i" : "VVS_USDT",
      "m" : "4611686018431562875"
    }, {
      "d" : "1756449214249731475",
      "t" : 1756449214249,
      "tn" : 1756449214249731475,
      "q" : "180000",
      "p" : "0.0000062293",
      "s" : "sell",
      "i" : "VVS_USDT",
      "m" : "4611686018431562874"
    }, {
      "d" : "1756449214151679323",
      "t" : 1756449214151,
      "tn" : 1756449214151679323,
      "q" : "180000",
      "p" : "0.0000062293",
      "s" : "sell",
      "i" : "VVS_USDT",
      "m" : "4611686018431562873"
    }, {
      "d" : "1756449213808851234",
      "t" : 1756449213808,
      "tn" : 1756449213808851234,
      "q" : "180000",
      "p" : "0.0000062293",
      "s" : "sell",
      "i" : "VVS_USDT",
      "m" : "4611686018431562872"
    }, {
      "d" : "1756449213748491249",
      "t" : 1756449213748,
      "tn" : 1756449213748491249,
      "q" : "180000",
      "p" : "0.0000062293",
      "s" : "sell",
      "i" : "VVS_USDT",
      "m" : "4611686018431562871"
    }, {
      "d" : "1756449213688583770",
      "t" : 1756449213688,
      "tn" : 1756449213688583770,
      "q" : "180000",
      "p" : "0.0000062293",
      "s" : "sell",
      "i" : "VVS_USDT",
      "m" : "4611686018431562870"
    }, {
      "d" : "1756449213648184937",
      "t" : 1756449213648,
      "tn" : 1756449213648184937,
      "q" : "180000",
      "p" : "0.0000062293",
      "s" : "sell",
      "i" : "VVS_USDT",
      "m" : "4611686018431562869"
    }, {
      "d" : "1756449213266194430",
      "t" : 1756449213266,
      "tn" : 1756449213266194430,
      "q" : "180000",
      "p" : "0.0000062293",
      "s" : "sell",
      "i" : "VVS_USDT",
      "m" : "4611686018431562868"
    }, {
      "d" : "1756449212931422356",
      "t" : 1756449212931,
      "tn" : 1756449212931422356,
      "q" : "180000",
      "p" : "0.0000062293",
      "s" : "sell",
      "i" : "VVS_USDT",
      "m" : "4611686018431562867"
    }, {
      "d" : "1756449212838541435",
      "t" : 1756449212838,
      "tn" : 1756449212838541435,
      "q" : "180000",
      "p" : "0.0000062293",
      "s" : "sell",
      "i" : "VVS_USDT",
      "m" : "4611686018431562866"
    }, {
      "d" : "1756449212384699767",
      "t" : 1756449212384,
      "tn" : 1756449212384699767,
      "q" : "180000",
      "p" : "0.0000062293",
      "s" : "sell",
      "i" : "VVS_USDT",
      "m" : "4611686018431562865"
    }, {
      "d" : "1756449212350031080",
      "t" : 1756449212350,
      "tn" : 1756449212350031080,
      "q" : "180000",
      "p" : "0.0000062293",
      "s" : "sell",
      "i" : "VVS_USDT",
      "m" : "4611686018431562864"
    }, {
      "d" : "1756449212229569953",
      "t" : 1756449212229,
      "tn" : 1756449212229569953,
      "q" : "180000",
      "p" : "0.0000062293",
      "s" : "sell",
      "i" : "VVS_USDT",
      "m" : "4611686018431562863"
    }, {
      "d" : "1756449212156569698",
      "t" : 1756449212156,
      "tn" : 1756449212156569698,
      "q" : "180000",
      "p" : "0.0000062292",
      "s" : "sell",
      "i" : "VVS_USDT",
      "m" : "4611686018431562862"
    }, {
      "d" : "1756449211941596711",
      "t" : 1756449211941,
      "tn" : 1756449211941596711,
      "q" : "180000",
      "p" : "0.0000062292",
      "s" : "sell",
      "i" : "VVS_USDT",
      "m" : "4611686018431562861"
    }, {
      "d" : "1756449211556104270",
      "t" : 1756449211556,
      "tn" : 1756449211556104270,
      "q" : "180000",
      "p" : "0.0000062265",
      "s" : "sell",
      "i" : "VVS_USDT",
      "m" : "4611686018431562860"
    }, {
      "d" : "1756449191522472015",
      "t" : 1756449191522,
      "tn" : 1756449191522472015,
      "q" : "180000",
      "p" : "0.0000062139",
      "s" : "sell",
      "i" : "VVS_USDT",
      "m" : "4611686018431562859"
    }, {
      "d" : "1756449186533621739",
      "t" : 1756449186533,
      "tn" : 1756449186533621739,
      "q" : "180000",
      "p" : "0.0000062208",
      "s" : "sell",
      "i" : "VVS_USDT",
      "m" : "4611686018431562858"
    }, {
      "d" : "1756449182095376936",
      "t" : 1756449182095,
      "tn" : 1756449182095376936,
      "q" : "180000",
      "p" : "0.0000062272",
      "s" : "sell",
      "i" : "VVS_USDT",
      "m" : "4611686018431562857"
    }, {
      "d" : "1756449181539370671",
      "t" : 1756449181539,
      "tn" : 1756449181539370671,
      "q" : "180000",
      "p" : "0.0000062299",
      "s" : "sell",
      "i" : "VVS_USDT",
      "m" : "4611686018431562856"
    }, {
      "d" : "1756449179374296745",
      "t" : 1756449179374,
      "tn" : 1756449179374296745,
      "q" : "180000",
      "p" : "0.0000062345",
      "s" : "sell",
      "i" : "VVS_USDT",
      "m" : "4611686018431562855"
    }, {
      "d" : "1756449174630909151",
      "t" : 1756449174630,
      "tn" : 1756449174630909151,
      "q" : "180000",
      "p" : "0.0000062371",
      "s" : "sell",
      "i" : "VVS_USDT",
      "m" : "4611686018431562854"
    }, {
      "d" : "1756449174570888164",
      "t" : 1756449174570,
      "tn" : 1756449174570888164,
      "q" : "180000",
      "p" : "0.0000062371",
      "s" : "sell",
      "i" : "VVS_USDT",
      "m" : "4611686018431562853"
    }, {
      "d" : "1756449174550808641",
      "t" : 1756449174550,
      "tn" : 1756449174550808641,
      "q" : "180000",
      "p" : "0.0000062370",
      "s" : "sell",
      "i" : "VVS_USDT",
      "m" : "4611686018431562852"
    }, {
      "d" : "1756449174521084857",
      "t" : 1756449174521,
      "tn" : 1756449174521084857,
      "q" : "180000",
      "p" : "0.0000062371",
      "s" : "sell",
      "i" : "VVS_USDT",
      "m" : "4611686018431562851"
    }, {
      "d" : "1756449171921140201",
      "t" : 1756449171921,
      "tn" : 1756449171921140201,
      "q" : "180000",
      "p" : "0.0000062411",
      "s" : "sell",
      "i" : "VVS_USDT",
      "m" : "4611686018431562850"
    }, {
      "d" : "1756449168652782827",
      "t" : 1756449168652,
      "tn" : 1756449168652782827,
      "q" : "180000",
      "p" : "0.0000062412",
      "s" : "buy",
      "i" : "VVS_USDT",
      "m" : "4611686018431562849"
    }, {
      "d" : "1756449163919463973",
      "t" : 1756449163919,
      "tn" : 1756449163919463973,
      "q" : "180000",
      "p" : "0.0000062411",
      "s" : "buy",
      "i" : "VVS_USDT",
      "m" : "4611686018431562848"
    }, {
      "d" : "1756449159744960100",
      "t" : 1756449159744,
      "tn" : 1756449159744960100,
      "q" : "180000",
      "p" : "0.0000062411",
      "s" : "buy",
      "i" : "VVS_USDT",
      "m" : "4611686018431562847"
    }, {
      "d" : "1756449159038099510",
      "t" : 1756449159038,
      "tn" : 1756449159038099510,
      "q" : "180000",
      "p" : "0.0000062410",
      "s" : "buy",
      "i" : "VVS_USDT",
      "m" : "4611686018431562846"
    }, {
      "d" : "1756449155034849316",
      "t" : 1756449155034,
      "tn" : 1756449155034849316,
      "q" : "180000",
      "p" : "0.0000062410",
      "s" : "buy",
      "i" : "VVS_USDT",
      "m" : "4611686018431562845"
    }, {
      "d" : "1756449146449753294",
      "t" : 1756449146449,
      "tn" : 1756449146449753294,
      "q" : "180000",
      "p" : "0.0000062575",
      "s" : "sell",
      "i" : "VVS_USDT",
      "m" : "4611686018431562844"
    }, {
      "d" : "1756449146129213636",
      "t" : 1756449146129,
      "tn" : 1756449146129213636,
      "q" : "180000",
      "p" : "0.0000062575",
      "s" : "sell",
      "i" : "VVS_USDT",
      "m" : "4611686018431562843"
    }, {
      "d" : "1756449146075468564",
      "t" : 1756449146075,
      "tn" : 1756449146075468564,
      "q" : "180000",
      "p" : "0.0000062574",
      "s" : "sell",
      "i" : "VVS_USDT",
      "m" : "4611686018431562842"
    }, {
      "d" : "1756449145572377813",
      "t" : 1756449145572,
      "tn" : 1756449145572377813,
      "q" : "180000",
      "p" : "0.0000062574",
      "s" : "sell",
      "i" : "VVS_USDT",
      "m" : "4611686018431562841"
    }, {
      "d" : "1756449145393108932",
      "t" : 1756449145393,
      "tn" : 1756449145393108932,
      "q" : "180000",
      "p" : "0.0000062575",
      "s" : "sell",
      "i" : "VVS_USDT",
      "m" : "4611686018431562840"
    }, {
      "d" : "1756449145307013888",
      "t" : 1756449145307,
      "tn" : 1756449145307013888,
      "q" : "180000",
      "p" : "0.0000062575",
      "s" : "sell",
      "i" : "VVS_USDT",
      "m" : "4611686018431562839"
    }, {
      "d" : "1756449145265923819",
      "t" : 1756449145265,
      "tn" : 1756449145265923819,
      "q" : "180000",
      "p" : "0.0000062574",
      "s" : "sell",
      "i" : "VVS_USDT",
      "m" : "4611686018431562838"
    }, {
      "d" : "1756449145037857117",
      "t" : 1756449145037,
      "tn" : 1756449145037857117,
      "q" : "180000",
      "p" : "0.0000062575",
      "s" : "sell",
      "i" : "VVS_USDT",
      "m" : "4611686018431562837"
    }, {
      "d" : "1756449144703004142",
      "t" : 1756449144703,
      "tn" : 1756449144703004142,
      "q" : "180000",
      "p" : "0.0000062574",
      "s" : "sell",
      "i" : "VVS_USDT",
      "m" : "4611686018431562836"
    }, {
      "d" : "1756449144558225969",
      "t" : 1756449144558,
      "tn" : 1756449144558225969,
      "q" : "180000",
      "p" : "0.0000062559",
      "s" : "sell",
      "i" : "VVS_USDT",
      "m" : "4611686018431562835"
    }, {
      "d" : "1756449144089780047",
      "t" : 1756449144089,
      "tn" : 1756449144089780047,
      "q" : "190000",
      "p" : "0.0000062430",
      "s" : "buy",
      "i" : "VVS_USDT",
      "m" : "4611686018431562834"
    }, {
      "d" : "1756449142521674336",
      "t" : 1756449142521,
      "tn" : 1756449142521674336,
      "q" : "180000",
      "p" : "0.0000062466",
      "s" : "buy",
      "i" : "VVS_USDT",
      "m" : "4611686018431562833"
    }, {
      "d" : "1756448338780922734",
      "t" : 1756448338780,
      "tn" : 1756448338780922734,
      "q" : "1590000",
      "p" : "0.0000062907",
      "s" : "sell",
      "i" : "VVS_USDT",
      "m" : "4611686018431562832"
    }, {
      "d" : "1756448334569241630",
      "t" : 1756448334569,
      "tn" : 1756448334569241630,
      "q" : "180000",
      "p" : "0.0000063092",
      "s" : "sell",
      "i" : "VVS_USDT",
      "m" : "4611686018431562831"
    }, {
      "d" : "1756448331871544344",
      "t" : 1756448331871,
      "tn" : 1756448331871544344,
      "q" : "180000",
      "p" : "0.0000063093",
      "s" : "sell",
      "i" : "VVS_USDT",
      "m" : "4611686018431562830"
    } ]
  }
}