{
  "id" : -1,
  "method" : "public/get-trades",
  "code" : 0,
  "result" : {
    "data" : [ {
      "d" : "1756462888349312436",
      "t" : 1756462888349,
      "tn" : 1756462888349312436,
      "q" : "17",
      "p" : "0.091694",
      "s" : "sell",
      "i" : "W_USDT",
      "m" : "4611686018428502030"
    }, {
      "d" : "1756462875226437151",
      "t" : 1756462875226,
      "tn" : 1756462875226437151,
      "q" : "17",
      "p" : "0.091949",
      "s" : "sell",
      "i" : "W_USDT",
      "m" : "4611686018428502029"
    }, {
      "d" : "1756462875054741653",
      "t" : 1756462875054,
      "tn" : 1756462875054741653,
      "q" : "17",
      "p" : "0.091959",
      "s" : "sell",
      "i" : "W_USDT",
      "m" : "4611686018428502028"
    }, {
      "d" : "1756462874869631978",
      "t" : 1756462874869,
      "tn" : 1756462874869631978,
      "q" : "17",
      "p" : "0.091974",
      "s" : "sell",
      "i" : "W_USDT",
      "m" : "4611686018428502027"
    }, {
      "d" : "1756462870241890056",
      "t" : 1756462870241,
      "tn" : 1756462870241890056,
      "q" : "17",
      "p" : "0.091979",
      "s" : "sell",
      "i" : "W_USDT",
      "m" : "4611686018428502026"
    }, {
      "d" : "1756462865044248763",
      "t" : 1756462865044,
      "tn" : 1756462865044248763,
      "q" : "17",
      "p" : "0.091959",
      "s" : "sell",
      "i" : "W_USDT",
      "m" : "4611686018428502025"
    }, {
      "d" : "1756462864736081973",
      "t" : 1756462864736,
      "tn" : 1756462864736081973,
      "q" : "17",
      "p" : "0.091907",
      "s" : "sell",
      "i" : "W_USDT",
      "m" : "4611686018428502024"
    }, {
      "d" : "1756462860339520216",
      "t" : 1756462860339,
      "tn" : 1756462860339520216,
      "q" : "17",
      "p" : "0.091934",
      "s" : "sell",
      "i" : "W_USDT",
      "m" : "4611686018428502023"
    }, {
      "d" : "1756462858036789638",
      "t" : 1756462858036,
      "tn" : 1756462858036789638,
      "q" : "17",
      "p" : "0.091969",
      "s" : "sell",
      "i" : "W_USDT",
      "m" : "4611686018428502022"
    }, {
      "d" : "1756462854925810502",
      "t" : 1756462854925,
      "tn" : 1756462854925810502,
      "q" : "17",
      "p" : "0.091869",
      "s" : "sell",
      "i" : "W_USDT",
      "m" : "4611686018428502021"
    }, {
      "d" : "1756462854184566961",
      "t" : 1756462854184,
      "tn" : 1756462854184566961,
      "q" : "17",
      "p" : "0.091899",
      "s" : "sell",
      "i" : "W_USDT",
      "m" : "4611686018428502020"
    }, {
      "d" : "1756462849649998794",
      "t" : 1756462849649,
      "tn" : 1756462849649998794,
      "q" : "17",
      "p" : "0.091864",
      "s" : "sell",
      "i" : "W_USDT",
      "m" : "4611686018428502019"
    }, {
      "d" : "1756462844887853096",
      "t" : 1756462844887,
      "tn" : 1756462844887853096,
      "q" : "17",
      "p" : "0.091853",
      "s" : "sell",
      "i" : "W_USDT",
      "m" : "4611686018428502018"
    }, {
      "d" : "1756462844130538251",
      "t" : 1756462844130,
      "tn" : 1756462844130538251,
      "q" : "17",
      "p" : "0.091843",
      "s" : "sell",
      "i" : "W_USDT",
      "m" : "4611686018428502017"
    }, {
      "d" : "1756462841622380861",
      "t" : 1756462841622,
      "tn" : 1756462841622380861,
      "q" : "17",
      "p" : "0.091979",
      "s" : "sell",
      "i" : "W_USDT",
      "m" : "4611686018428502016"
    }, {
      "d" : "1756462836844651509",
      "t" : 1756462836844,
      "tn" : 1756462836844651509,
      "q" : "17",
      "p" : "0.091974",
      "s" : "sell",
      "i" : "W_USDT",
      "m" : "4611686018428502015"
    }, {
      "d" : "1756462836744517544",
      "t" : 1756462836744,
      "tn" : 1756462836744517544,
      "q" : "17",
      "p" : "0.091974",
      "s" : "sell",
      "i" : "W_USDT",
      "m" : "4611686018428502014"
    }, {
      "d" : "1756462836644529705",
      "t" : 1756462836644,
      "tn" : 1756462836644529705,
      "q" : "17",
      "p" : "0.091974",
      "s" : "sell",
      "i" : "W_USDT",
      "m" : "4611686018428502013"
    }, {
      "d" : "1756462836574174849",
      "t" : 1756462836574,
      "tn" : 1756462836574174849,
      "q" : "17",
      "p" : "0.091974",
      "s" : "sell",
      "i" : "W_USDT",
      "m" : "4611686018428502012"
    }, {
      "d" : "1756462836549263308",
      "t" : 1756462836549,
      "tn" : 1756462836549263308,
      "q" : "17",
      "p" : "0.091964",
      "s" : "sell",
      "i" : "W_USDT",
      "m" : "4611686018428502011"
    }, {
      "d" : "1756462836528617265",
      "t" : 1756462836528,
      "tn" : 1756462836528617265,
      "q" : "17",
      "p" : "0.091964",
      "s" : "sell",
      "i" : "W_USDT",
      "m" : "4611686018428502010"
    }, {
      "d" : "1756462833734051526",
      "t" : 1756462833734,
      "tn" : 1756462833734051526,
      "q" : "17",
      "p" : "0.091934",
      "s" : "sell",
      "i" : "W_USDT",
      "m" : "4611686018428502009"
    }, {
      "d" : "1756462833609723127",
      "t" : 1756462833609,
      "tn" : 1756462833609723127,
      "q" : "17",
      "p" : "0.091954",
      "s" : "sell",
      "i" : "W_USDT",
      "m" : "4611686018428502008"
    }, {
      "d" : "1756462824686186954",
      "t" : 1756462824686,
      "tn" : 1756462824686186954,
      "q" : "17",
      "p" : "0.091684",
      "s" : "sell",
      "i" : "W_USDT",
      "m" : "4611686018428502007"
    }, {
      "d" : "1756462821847817160",
      "t" : 1756462821847,
      "tn" : 1756462821847817160,
      "q" : "17",
      "p" : "0.091629",
      "s" : "sell",
      "i" : "W_USDT",
      "m" : "4611686018428502006"
    }, {
      "d" : "1756462821600876189",
      "t" : 1756462821600,
      "tn" : 1756462821600876189,
      "q" : "17",
      "p" : "0.091629",
      "s" : "sell",
      "i" : "W_USDT",
      "m" : "4611686018428502005"
    }, {
      "d" : "1756462811865749414",
      "t" : 1756462811865,
      "tn" : 1756462811865749414,
      "q" : "17",
      "p" : "0.091564",
      "s" : "sell",
      "i" : "W_USDT",
      "m" : "4611686018428502004"
    }, {
      "d" : "1756462811588996196",
      "t" : 1756462811588,
      "tn" : 1756462811588996196,
      "q" : "17",
      "p" : "0.091574",
      "s" : "sell",
      "i" : "W_USDT",
      "m" : "4611686018428502003"
    }, {
      "d" : "1756462793409116160",
      "t" : 1756462793409,
      "tn" : 1756462793409116160,
      "q" : "17",
      "p" : "0.091844",
      "s" : "sell",
      "i" : "W_USDT",
      "m" : "4611686018428502002"
    }, {
      "d" : "1756462793407319628",
      "t" : 1756462793407,
      "tn" : 1756462793407319628,
      "q" : "17",
      "p" : "0.091844",
      "s" : "sell",
      "i" : "W_USDT",
      "m" : "4611686018428502001"
    }, {
      "d" : "1756462792980748899",
      "t" : 1756462792980,
      "tn" : 1756462792980748899,
      "q" : "17",
      "p" : "0.091844",
      "s" : "sell",
      "i" : "W_USDT",
      "m" : "4611686018428502000"
    }, {
      "d" : "1756462749285900035",
      "t" : 1756462749285,
      "tn" : 1756462749285900035,
      "q" : "17",
      "p" : "0.091564",
      "s" : "sell",
      "i" : "W_USDT",
      "m" : "4611686018428501999"
    }, {
      "d" : "1756462746624624062",
      "t" : 1756462746624,
      "tn" : 1756462746624624062,
      "q" : "17",
      "p" : "0.091544",
      "s" : "sell",
      "i" : "W_USDT",
      "m" : "4611686018428501998"
    }, {
      "d" : "1756462745296292919",
      "t" : 1756462745296,
      "tn" : 1756462745296292919,
      "q" : "17",
      "p" : "0.091524",
      "s" : "sell",
      "i" : "W_USDT",
      "m" : "4611686018428501997"
    }, {
      "d" : "1756462744044819074",
      "t" : 1756462744044,
      "tn" : 1756462744044819074,
      "q" : "17",
      "p" : "0.091474",
      "s" : "sell",
      "i" : "W_USDT",
      "m" : "4611686018428501996"
    }, {
      "d" : "1756462743944354524",
      "t" : 1756462743944,
      "tn" : 1756462743944354524,
      "q" : "17",
      "p" : "0.091474",
      "s" : "sell",
      "i" : "W_USDT",
      "m" : "4611686018428501995"
    }, {
      "d" : "1756462743844252244",
      "t" : 1756462743844,
      "tn" : 1756462743844252244,
      "q" : "17",
      "p" : "0.091474",
      "s" : "sell",
      "i" : "W_USDT",
      "m" : "4611686018428501994"
    }, {
      "d" : "1756462743744168544",
      "t" : 1756462743744,
      "tn" : 1756462743744168544,
      "q" : "17",
      "p" : "0.091474",
      "s" : "sell",
      "i" : "W_USDT",
      "m" : "4611686018428501993"
    }, {
      "d" : "1756462743643984055",
      "t" : 1756462743643,
      "tn" : 1756462743643984055,
      "q" : "17",
      "p" : "0.091474",
      "s" : "sell",
      "i" : "W_USDT",
      "m" : "4611686018428501992"
    }, {
      "d" : "1756462743543244745",
      "t" : 1756462743543,
      "tn" : 1756462743543244745,
      "q" : "17",
      "p" : "0.091474",
      "s" : "sell",
      "i" : "W_USDT",
      "m" : "4611686018428501991"
    }, {
      "d" : "1756462743523234707",
      "t" : 1756462743523,
      "tn" : 1756462743523234707,
      "q" : "17",
      "p" : "0.091474",
      "s" : "sell",
      "i" : "W_USDT",
      "m" : "4611686018428501990"
    }, {
      "d" : "1756462743443001847",
      "t" : 1756462743443,
      "tn" : 1756462743443001847,
      "q" : "17",
      "p" : "0.091474",
      "s" : "sell",
      "i" : "W_USDT",
      "m" : "4611686018428501989"
    }, {
      "d" : "1756462743342898431",
      "t" : 1756462743342,
      "tn" : 1756462743342898431,
      "q" : "17",
      "p" : "0.091474",
      "s" : "sell",
      "i" : "W_USDT",
      "m" : "4611686018428501988"
    }, {
      "d" : "1756462743242774167",
      "t" : 1756462743242,
      "tn" : 1756462743242774167,
      "q" : "17",
      "p" : "0.091464",
      "s" : "sell",
      "i" : "W_USDT",
      "m" : "4611686018428501987"
    }, {
      "d" : "1756462743147464080",
      "t" : 1756462743147,
      "tn" : 1756462743147464080,
      "q" : "17",
      "p" : "0.091464",
      "s" : "sell",
      "i" : "W_USDT",
      "m" : "4611686018428501986"
    }, {
      "d" : "1756462743132479975",
      "t" : 1756462743132,
      "tn" : 1756462743132479975,
      "q" : "17",
      "p" : "0.091464",
      "s" : "sell",
      "i" : "W_USDT",
      "m" : "4611686018428501985"
    }, {
      "d" : "1756462743042426900",
      "t" : 1756462743042,
      "tn" : 1756462743042426900,
      "q" : "17",
      "p" : "0.091464",
      "s" : "sell",
      "i" : "W_USDT",
      "m" : "4611686018428501984"
    }, {
      "d" : "1756462742942152674",
      "t" : 1756462742942,
      "tn" : 1756462742942152674,
      "q" : "17",
      "p" : "0.091464",
      "s" : "sell",
      "i" : "W_USDT",
      "m" : "4611686018428501983"
    }, {
      "d" : "1756462742841749897",
      "t" : 1756462742841,
      "tn" : 1756462742841749897,
      "q" : "17",
      "p" : "0.091464",
      "s" : "sell",
      "i" : "W_USDT",
      "m" : "4611686018428501982"
    }, {
      "d" : "1756462742771653804",
      "t" : 1756462742771,
      "tn" : 1756462742771653804,
      "q" : "17",
      "p" : "0.091464",
      "s" : "sell",
      "i" : "W_USDT",
      "m" : "4611686018428501981"
    }, {
      "d" : "1756462742641253918",
      "t" : 1756462742641,
      "tn" : 1756462742641253918,
      "q" : "17",
      "p" : "0.091459",
      "s" : "sell",
      "i" : "W_USDT",
      "m" : "4611686018428501980"
    }, {
      "d" : "1756462742540547803",
      "t" : 1756462742540,
      "tn" : 1756462742540547803,
      "q" : "17",
      "p" : "0.091464",
      "s" : "sell",
      "i" : "W_USDT",
      "m" : "4611686018428501979"
    }, {
      "d" : "1756462742520489591",
      "t" : 1756462742520,
      "tn" : 1756462742520489591,
      "q" : "17",
      "p" : "0.091464",
      "s" : "sell",
      "i" : "W_USDT",
      "m" : "4611686018428501978"
    }, {
      "d" : "1756462742445295060",
      "t" : 1756462742445,
      "tn" : 1756462742445295060,
      "q" : "17",
      "p" : "0.091464",
      "s" : "sell",
      "i" : "W_USDT",
      "m" : "4611686018428501977"
    }, {
      "d" : "1756462742345248248",
      "t" : 1756462742345,
      "tn" : 1756462742345248248,
      "q" : "17",
      "p" : "0.091464",
      "s" : "sell",
      "i" : "W_USDT",
      "m" : "4611686018428501976"
    }, {
      "d" : "1756462742275201971",
      "t" : 1756462742275,
      "tn" : 1756462742275201971,
      "q" : "17",
      "p" : "0.091469",
      "s" : "sell",
      "i" : "W_USDT",
      "m" : "4611686018428501975"
    }, {
      "d" : "1756462742265199896",
      "t" : 1756462742265,
      "tn" : 1756462742265199896,
      "q" : "17",
      "p" : "0.091464",
      "s" : "sell",
      "i" : "W_USDT",
      "m" : "4611686018428501974"
    }, {
      "d" : "1756462742215146822",
      "t" : 1756462742215,
      "tn" : 1756462742215146822,
      "q" : "17",
      "p" : "0.091464",
      "s" : "sell",
      "i" : "W_USDT",
      "m" : "4611686018428501973"
    }, {
      "d" : "1756462741833040829",
      "t" : 1756462741833,
      "tn" : 1756462741833040829,
      "q" : "17",
      "p" : "0.091464",
      "s" : "sell",
      "i" : "W_USDT",
      "m" : "4611686018428501972"
    }, {
      "d" : "1756462739254942703",
      "t" : 1756462739254,
      "tn" : 1756462739254942703,
      "q" : "17",
      "p" : "0.091414",
      "s" : "sell",
      "i" : "W_USDT",
      "m" : "4611686018428501971"
    }, {
      "d" : "1756462731470867037",
      "t" : 1756462731470,
      "tn" : 1756462731470867037,
      "q" : "17",
      "p" : "0.091374",
      "s" : "sell",
      "i" : "W_USDT",
      "m" : "4611686018428501970"
    }, {
      "d" : "1756462729200345372",
      "t" : 1756462729200,
      "tn" : 1756462729200345372,
      "q" : "17",
      "p" : "0.091314",
      "s" : "sell",
      "i" : "W_USDT",
      "m" : "4611686018428501969"
    }, {
      "d" : "1756462726318809210",
      "t" : 1756462726318,
      "tn" : 1756462726318809210,
      "q" : "17",
      "p" : "0.091339",
      "s" : "sell",
      "i" : "W_USDT",
      "m" : "4611686018428501968"
    }, {
      "d" : "1756462710607470866",
      "t" : 1756462710607,
      "tn" : 1756462710607470866,
      "q" : "17",
      "p" : "0.091174",
      "s" : "sell",
      "i" : "W_USDT",
      "m" : "4611686018428501967"
    }, {
      "d" : "1756462700580224353",
      "t" : 1756462700580,
      "tn" : 1756462700580224353,
      "q" : "17",
      "p" : "0.091159",
      "s" : "sell",
      "i" : "W_USDT",
      "m" : "4611686018428501966"
    }, {
      "d" : "1756462691253162306",
      "t" : 1756462691253,
      "tn" : 1756462691253162306,
      "q" : "17",
      "p" : "0.091069",
      "s" : "sell",
      "i" : "W_USDT",
      "m" : "4611686018428501965"
    }, {
      "d" : "1756462686400860425",
      "t" : 1756462686400,
      "tn" : 1756462686400860425,
      "q" : "17",
      "p" : "0.091085",
      "s" : "sell",
      "i" : "W_USDT",
      "m" : "4611686018428501964"
    }, {
      "d" : "1756462685822431114",
      "t" : 1756462685822,
      "tn" : 1756462685822431114,
      "q" : "17",
      "p" : "0.091089",
      "s" : "sell",
      "i" : "W_USDT",
      "m" : "4611686018428501963"
    }, {
      "d" : "1756462671618121448",
      "t" : 1756462671618,
      "tn" : 1756462671618121448,
      "q" : "17",
      "p" : "0.091159",
      "s" : "sell",
      "i" : "W_USDT",
      "m" : "4611686018428501962"
    }, {
      "d" : "1756462668471313032",
      "t" : 1756462668471,
      "tn" : 1756462668471313032,
      "q" : "17",
      "p" : "0.091114",
      "s" : "sell",
      "i" : "W_USDT",
      "m" : "4611686018428501961"
    }, {
      "d" : "1756462668409396325",
      "t" : 1756462668409,
      "tn" : 1756462668409396325,
      "q" : "17",
      "p" : "0.091114",
      "s" : "sell",
      "i" : "W_USDT",
      "m" : "4611686018428501960"
    }, {
      "d" : "1756462661571825946",
      "t" : 1756462661571,
      "tn" : 1756462661571825946,
      "q" : "17",
      "p" : "0.090939",
      "s" : "sell",
      "i" : "W_USDT",
      "m" : "4611686018428501959"
    }, {
      "d" : "1756462658592871830",
      "t" : 1756462658592,
      "tn" : 1756462658592871830,
      "q" : "17",
      "p" : "0.090899",
      "s" : "sell",
      "i" : "W_USDT",
      "m" : "4611686018428501958"
    }, {
      "d" : "1756462656297277517",
      "t" : 1756462656297,
      "tn" : 1756462656297277517,
      "q" : "17",
      "p" : "0.090764",
      "s" : "sell",
      "i" : "W_USDT",
      "m" : "4611686018428501957"
    }, {
      "d" : "1756462651525565465",
      "t" : 1756462651525,
      "tn" : 1756462651525565465,
      "q" : "17",
      "p" : "0.090699",
      "s" : "sell",
      "i" : "W_USDT",
      "m" : "4611686018428501956"
    }, {
      "d" : "1756462646245624621",
      "t" : 1756462646245,
      "tn" : 1756462646245624621,
      "q" : "17",
      "p" : "0.090834",
      "s" : "sell",
      "i" : "W_USDT",
      "m" : "4611686018428501955"
    }, {
      "d" : "1756462645793305544",
      "t" : 1756462645793,
      "tn" : 1756462645793305544,
      "q" : "17",
      "p" : "0.090886",
      "s" : "buy",
      "i" : "W_USDT",
      "m" : "4611686018428501954"
    }, {
      "d" : "1756462642118263031",
      "t" : 1756462642118,
      "tn" : 1756462642118263031,
      "q" : "17",
      "p" : "0.090804",
      "s" : "sell",
      "i" : "W_USDT",
      "m" : "4611686018428501953"
    }, {
      "d" : "1756462640692042491",
      "t" : 1756462640692,
      "tn" : 1756462640692042491,
      "q" : "17",
      "p" : "0.090779",
      "s" : "sell",
      "i" : "W_USDT",
      "m" : "4611686018428501952"
    }, {
      "d" : "1756462634333542524",
      "t" : 1756462634333,
      "tn" : 1756462634333542524,
      "q" : "17",
      "p" : "0.090796",
      "s" : "buy",
      "i" : "W_USDT",
      "m" : "4611686018428501951"
    }, {
      "d" : "1756462634061417931",
      "t" : 1756462634061,
      "tn" : 1756462634061417931,
      "q" : "17",
      "p" : "0.090784",
      "s" : "sell",
      "i" : "W_USDT",
      "m" : "4611686018428501950"
    }, {
      "d" : "1756462630643651714",
      "t" : 1756462630643,
      "tn" : 1756462630643651714,
      "q" : "17",
      "p" : "0.090730",
      "s" : "sell",
      "i" : "W_USDT",
      "m" : "4611686018428501949"
    }, {
      "d" : "1756462625957623886",
      "t" : 1756462625957,
      "tn" : 1756462625957623886,
      "q" : "17",
      "p" : "0.090679",
      "s" : "sell",
      "i" : "W_USDT",
      "m" : "4611686018428501948"
    }, {
      "d" : "1756462625896448953",
      "t" : 1756462625896,
      "tn" : 1756462625896448953,
      "q" : "17",
      "p" : "0.090679",
      "s" : "sell",
      "i" : "W_USDT",
      "m" : "4611686018428501947"
    }, {
      "d" : "1756462620407171928",
      "t" : 1756462620407,
      "tn" : 1756462620407171928,
      "q" : "17",
      "p" : "0.090589",
      "s" : "sell",
      "i" : "W_USDT",
      "m" : "4611686018428501946"
    }, {
      "d" : "1756462616817773464",
      "t" : 1756462616817,
      "tn" : 1756462616817773464,
      "q" : "17",
      "p" : "0.090554",
      "s" : "sell",
      "i" : "W_USDT",
      "m" : "4611686018428501945"
    }, {
      "d" : "1756462610402914903",
      "t" : 1756462610402,
      "tn" : 1756462610402914903,
      "q" : "17",
      "p" : "0.090694",
      "s" : "sell",
      "i" : "W_USDT",
      "m" : "4611686018428501944"
    }, {
      "d" : "1756462606328194719",
      "t" : 1756462606328,
      "tn" : 1756462606328194719,
      "q" : "17",
      "p" : "0.090671",
      "s" : "buy",
      "i" : "W_USDT",
      "m" : "4611686018428501943"
    }, {
      "d" : "1756462605587431861",
      "t" : 1756462605587,
      "tn" : 1756462605587431861,
      "q" : "17",
      "p" : "0.090649",
      "s" : "sell",
      "i" : "W_USDT",
      "m" : "4611686018428501942"
    }, {
      "d" : "1756462605309656756",
      "t" : 1756462605309,
      "tn" : 1756462605309656756,
      "q" : "17",
      "p" : "0.090649",
      "s" : "sell",
      "i" : "W_USDT",
      "m" : "4611686018428501941"
    }, {
      "d" : "1756462600733257710",
      "t" : 1756462600733,
      "tn" : 1756462600733257710,
      "q" : "17",
      "p" : "0.090586",
      "s" : "buy",
      "i" : "W_USDT",
      "m" : "4611686018428501940"
    }, {
      "d" : "1756462600205879783",
      "t" : 1756462600205,
      "tn" : 1756462600205879783,
      "q" : "17",
      "p" : "0.090584",
      "s" : "sell",
      "i" : "W_USDT",
      "m" : "4611686018428501939"
    }, {
      "d" : "1756462586585424615",
      "t" : 1756462586585,
      "tn" : 1756462586585424615,
      "q" : "17",
      "p" : "0.090619",
      "s" : "sell",
      "i" : "W_USDT",
      "m" : "4611686018428501938"
    }, {
      "d" : "1756462579956176842",
      "t" : 1756462579956,
      "tn" : 1756462579956176842,
      "q" : "17",
      "p" : "0.090564",
      "s" : "sell",
      "i" : "W_USDT",
      "m" : "4611686018428501937"
    }, {
      "d" : "1756462577455864348",
      "t" : 1756462577455,
      "tn" : 1756462577455864348,
      "q" : "17",
      "p" : "0.090674",
      "s" : "sell",
      "i" : "W_USDT",
      "m" : "4611686018428501936"
    }, {
      "d" : "1756462577374148429",
      "t" : 1756462577374,
      "tn" : 1756462577374148429,
      "q" : "17",
      "p" : "0.090699",
      "s" : "sell",
      "i" : "W_USDT",
      "m" : "4611686018428501935"
    }, {
      "d" : "1756462576571524184",
      "t" : 1756462576571,
      "tn" : 1756462576571524184,
      "q" : "17",
      "p" : "0.090699",
      "s" : "sell",
      "i" : "W_USDT",
      "m" : "4611686018428501934"
    }, {
      "d" : "1756462573454124106",
      "t" : 1756462573454,
      "tn" : 1756462573454124106,
      "q" : "17",
      "p" : "0.090759",
      "s" : "sell",
      "i" : "W_USDT",
      "m" : "4611686018428501933"
    }, {
      "d" : "1756462571102855013",
      "t" : 1756462571102,
      "tn" : 1756462571102855013,
      "q" : "17",
      "p" : "0.090764",
      "s" : "sell",
      "i" : "W_USDT",
      "m" : "4611686018428501932"
    }, {
      "d" : "1756462563450255410",
      "t" : 1756462563450,
      "tn" : 1756462563450255410,
      "q" : "17",
      "p" : "0.090679",
      "s" : "sell",
      "i" : "W_USDT",
      "m" : "4611686018428501931"
    }, {
      "d" : "1756462563037243887",
      "t" : 1756462563037,
      "tn" : 1756462563037243887,
      "q" : "17",
      "p" : "0.090694",
      "s" : "sell",
      "i" : "W_USDT",
      "m" : "4611686018428501930"
    }, {
      "d" : "1756462555107757101",
      "t" : 1756462555107,
      "tn" : 1756462555107757101,
      "q" : "17",
      "p" : "0.090769",
      "s" : "sell",
      "i" : "W_USDT",
      "m" : "4611686018428501929"
    }, {
      "d" : "1756462553374007046",
      "t" : 1756462553374,
      "tn" : 1756462553374007046,
      "q" : "17",
      "p" : "0.090749",
      "s" : "sell",
      "i" : "W_USDT",
      "m" : "4611686018428501928"
    }, {
      "d" : "1756462545081579160",
      "t" : 1756462545081,
      "tn" : 1756462545081579160,
      "q" : "17",
      "p" : "0.090759",
      "s" : "sell",
      "i" : "W_USDT",
      "m" : "4611686018428501927"
    }, {
      "d" : "1756462543339351433",
      "t" : 1756462543339,
      "tn" : 1756462543339351433,
      "q" : "17",
      "p" : "0.090749",
      "s" : "sell",
      "i" : "W_USDT",
      "m" : "4611686018428501926"
    }, {
      "d" : "1756462535013228961",
      "t" : 1756462535013,
      "tn" : 1756462535013228961,
      "q" : "17",
      "p" : "0.090639",
      "s" : "sell",
      "i" : "W_USDT",
      "m" : "4611686018428501925"
    }, {
      "d" : "1756462533335386045",
      "t" : 1756462533335,
      "tn" : 1756462533335386045,
      "q" : "17",
      "p" : "0.090634",
      "s" : "sell",
      "i" : "W_USDT",
      "m" : "4611686018428501924"
    }, {
      "d" : "1756462525004674133",
      "t" : 1756462525004,
      "tn" : 1756462525004674133,
      "q" : "17",
      "p" : "0.090464",
      "s" : "sell",
      "i" : "W_USDT",
      "m" : "4611686018428501923"
    }, {
      "d" : "1756462522901771828",
      "t" : 1756462522901,
      "tn" : 1756462522901771828,
      "q" : "17",
      "p" : "0.090384",
      "s" : "sell",
      "i" : "W_USDT",
      "m" : "4611686018428501922"
    }, {
      "d" : "1756462514981728357",
      "t" : 1756462514981,
      "tn" : 1756462514981728357,
      "q" : "17",
      "p" : "0.090534",
      "s" : "sell",
      "i" : "W_USDT",
      "m" : "4611686018428501921"
    }, {
      "d" : "1756462509624991853",
      "t" : 1756462509624,
      "tn" : 1756462509624991853,
      "q" : "17",
      "p" : "0.090584",
      "s" : "sell",
      "i" : "W_USDT",
      "m" : "4611686018428501920"
    }, {
      "d" : "1756462504960427879",
      "t" : 1756462504960,
      "tn" : 1756462504960427879,
      "q" : "17",
      "p" : "0.090589",
      "s" : "sell",
      "i" : "W_USDT",
      "m" : "4611686018428501919"
    }, {
      "d" : "1756462503141761428",
      "t" : 1756462503141,
      "tn" : 1756462503141761428,
      "q" : "17",
      "p" : "0.090564",
      "s" : "sell",
      "i" : "W_USDT",
      "m" : "4611686018428501918"
    }, {
      "d" : "1756462503116719061",
      "t" : 1756462503116,
      "tn" : 1756462503116719061,
      "q" : "17",
      "p" : "0.090564",
      "s" : "sell",
      "i" : "W_USDT",
      "m" : "4611686018428501917"
    }, {
      "d" : "1756462503096727477",
      "t" : 1756462503096,
      "tn" : 1756462503096727477,
      "q" : "17",
      "p" : "0.090564",
      "s" : "sell",
      "i" : "W_USDT",
      "m" : "4611686018428501916"
    }, {
      "d" : "1756462503041696686",
      "t" : 1756462503041,
      "tn" : 1756462503041696686,
      "q" : "17",
      "p" : "0.090564",
      "s" : "sell",
      "i" : "W_USDT",
      "m" : "4611686018428501915"
    }, {
      "d" : "1756462502941364853",
      "t" : 1756462502941,
      "tn" : 1756462502941364853,
      "q" : "17",
      "p" : "0.090564",
      "s" : "sell",
      "i" : "W_USDT",
      "m" : "4611686018428501914"
    }, {
      "d" : "1756462502841303086",
      "t" : 1756462502841,
      "tn" : 1756462502841303086,
      "q" : "17",
      "p" : "0.090564",
      "s" : "sell",
      "i" : "W_USDT",
      "m" : "4611686018428501913"
    }, {
      "d" : "1756462502741068620",
      "t" : 1756462502741,
      "tn" : 1756462502741068620,
      "q" : "17",
      "p" : "0.090564",
      "s" : "sell",
      "i" : "W_USDT",
      "m" : "4611686018428501912"
    }, {
      "d" : "1756462502670829968",
      "t" : 1756462502670,
      "tn" : 1756462502670829968,
      "q" : "17",
      "p" : "0.090564",
      "s" : "sell",
      "i" : "W_USDT",
      "m" : "4611686018428501911"
    }, {
      "d" : "1756462502650741159",
      "t" : 1756462502650,
      "tn" : 1756462502650741159,
      "q" : "17",
      "p" : "0.090569",
      "s" : "sell",
      "i" : "W_USDT",
      "m" : "4611686018428501910"
    }, {
      "d" : "1756462502640717284",
      "t" : 1756462502640,
      "tn" : 1756462502640717284,
      "q" : "17",
      "p" : "0.090569",
      "s" : "sell",
      "i" : "W_USDT",
      "m" : "4611686018428501909"
    }, {
      "d" : "1756462502544973719",
      "t" : 1756462502544,
      "tn" : 1756462502544973719,
      "q" : "17",
      "p" : "0.090569",
      "s" : "sell",
      "i" : "W_USDT",
      "m" : "4611686018428501908"
    }, {
      "d" : "1756462502529888146",
      "t" : 1756462502529,
      "tn" : 1756462502529888146,
      "q" : "17",
      "p" : "0.090569",
      "s" : "sell",
      "i" : "W_USDT",
      "m" : "4611686018428501907"
    }, {
      "d" : "1756462502484745100",
      "t" : 1756462502484,
      "tn" : 1756462502484745100,
      "q" : "17",
      "p" : "0.090569",
      "s" : "sell",
      "i" : "W_USDT",
      "m" : "4611686018428501906"
    }, {
      "d" : "1756462502444631995",
      "t" : 1756462502444,
      "tn" : 1756462502444631995,
      "q" : "17",
      "p" : "0.090569",
      "s" : "sell",
      "i" : "W_USDT",
      "m" : "4611686018428501905"
    }, {
      "d" : "1756462502349561260",
      "t" : 1756462502349,
      "tn" : 1756462502349561260,
      "q" : "17",
      "p" : "0.090569",
      "s" : "sell",
      "i" : "W_USDT",
      "m" : "4611686018428501904"
    }, {
      "d" : "1756462502299389021",
      "t" : 1756462502299,
      "tn" : 1756462502299389021,
      "q" : "17",
      "p" : "0.090569",
      "s" : "sell",
      "i" : "W_USDT",
      "m" : "4611686018428501903"
    }, {
      "d" : "1756462502284352282",
      "t" : 1756462502284,
      "tn" : 1756462502284352282,
      "q" : "17",
      "p" : "0.090569",
      "s" : "sell",
      "i" : "W_USDT",
      "m" : "4611686018428501902"
    }, {
      "d" : "1756462502234273149",
      "t" : 1756462502234,
      "tn" : 1756462502234273149,
      "q" : "17",
      "p" : "0.090569",
      "s" : "sell",
      "i" : "W_USDT",
      "m" : "4611686018428501901"
    }, {
      "d" : "1756462502214230128",
      "t" : 1756462502214,
      "tn" : 1756462502214230128,
      "q" : "17",
      "p" : "0.090574",
      "s" : "sell",
      "i" : "W_USDT",
      "m" : "4611686018428501900"
    }, {
      "d" : "1756462502143869299",
      "t" : 1756462502143,
      "tn" : 1756462502143869299,
      "q" : "17",
      "p" : "0.090574",
      "s" : "sell",
      "i" : "W_USDT",
      "m" : "4611686018428501899"
    }, {
      "d" : "1756462502118854804",
      "t" : 1756462502118,
      "tn" : 1756462502118854804,
      "q" : "17",
      "p" : "0.090574",
      "s" : "sell",
      "i" : "W_USDT",
      "m" : "4611686018428501898"
    }, {
      "d" : "1756462502043805500",
      "t" : 1756462502043,
      "tn" : 1756462502043805500,
      "q" : "17",
      "p" : "0.090574",
      "s" : "sell",
      "i" : "W_USDT",
      "m" : "4611686018428501897"
    }, {
      "d" : "1756462501948746371",
      "t" : 1756462501948,
      "tn" : 1756462501948746371,
      "q" : "17",
      "p" : "0.090574",
      "s" : "sell",
      "i" : "W_USDT",
      "m" : "4611686018428501896"
    }, {
      "d" : "1756462501858197988",
      "t" : 1756462501858,
      "tn" : 1756462501858197988,
      "q" : "17",
      "p" : "0.090574",
      "s" : "sell",
      "i" : "W_USDT",
      "m" : "4611686018428501895"
    }, {
      "d" : "1756462501843207502",
      "t" : 1756462501843,
      "tn" : 1756462501843207502,
      "q" : "17",
      "p" : "0.090574",
      "s" : "sell",
      "i" : "W_USDT",
      "m" : "4611686018428501894"
    }, {
      "d" : "1756462501778184157",
      "t" : 1756462501778,
      "tn" : 1756462501778184157,
      "q" : "17",
      "p" : "0.090574",
      "s" : "sell",
      "i" : "W_USDT",
      "m" : "4611686018428501893"
    }, {
      "d" : "1756462501577005094",
      "t" : 1756462501577,
      "tn" : 1756462501577005094,
      "q" : "17",
      "p" : "0.090584",
      "s" : "sell",
      "i" : "W_USDT",
      "m" : "4611686018428501892"
    }, {
      "d" : "1756462499574785859",
      "t" : 1756462499574,
      "tn" : 1756462499574785859,
      "q" : "17",
      "p" : "0.090474",
      "s" : "sell",
      "i" : "W_USDT",
      "m" : "4611686018428501891"
    }, {
      "d" : "1756462499366756974",
      "t" : 1756462499366,
      "tn" : 1756462499366756974,
      "q" : "17",
      "p" : "0.090474",
      "s" : "sell",
      "i" : "W_USDT",
      "m" : "4611686018428501890"
    }, {
      "d" : "1756462495307609396",
      "t" : 1756462495307,
      "tn" : 1756462495307609396,
      "q" : "17",
      "p" : "0.090484",
      "s" : "sell",
      "i" : "W_USDT",
      "m" : "4611686018428501889"
    }, {
      "d" : "1756462495144844780",
      "t" : 1756462495144,
      "tn" : 1756462495144844780,
      "q" : "17",
      "p" : "0.090479",
      "s" : "sell",
      "i" : "W_USDT",
      "m" : "4611686018428501888"
    }, {
      "d" : "1756462494956707821",
      "t" : 1756462494956,
      "tn" : 1756462494956707821,
      "q" : "17",
      "p" : "0.090474",
      "s" : "sell",
      "i" : "W_USDT",
      "m" : "4611686018428501887"
    }, {
      "d" : "1756462494242221295",
      "t" : 1756462494242,
      "tn" : 1756462494242221295,
      "q" : "17",
      "p" : "0.090469",
      "s" : "sell",
      "i" : "W_USDT",
      "m" : "4611686018428501886"
    }, {
      "d" : "1756462493768424483",
      "t" : 1756462493768,
      "tn" : 1756462493768424483,
      "q" : "17",
      "p" : "0.090464",
      "s" : "sell",
      "i" : "W_USDT",
      "m" : "4611686018428501885"
    }, {
      "d" : "1756462493474336365",
      "t" : 1756462493474,
      "tn" : 1756462493474336365,
      "q" : "17",
      "p" : "0.090464",
      "s" : "sell",
      "i" : "W_USDT",
      "m" : "4611686018428501884"
    }, {
      "d" : "1756462493280546947",
      "t" : 1756462493280,
      "tn" : 1756462493280546947,
      "q" : "17",
      "p" : "0.090469",
      "s" : "sell",
      "i" : "W_USDT",
      "m" : "4611686018428501883"
    }, {
      "d" : "1756462493147513592",
      "t" : 1756462493147,
      "tn" : 1756462493147513592,
      "q" : "17",
      "p" : "0.090494",
      "s" : "sell",
      "i" : "W_USDT",
      "m" : "4611686018428501882"
    }, {
      "d" : "1756462492068402086",
      "t" : 1756462492068,
      "tn" : 1756462492068402086,
      "q" : "17",
      "p" : "0.090494",
      "s" : "sell",
      "i" : "W_USDT",
      "m" : "4611686018428501881"
    } ]
  }
}