{
  "id" : -1,
  "method" : "public/get-trades",
  "code" : 0,
  "result" : {
    "data" : [ {
      "d" : "1756462912077046611",
      "t" : 1756462912077,
      "tn" : 1756462912077046611,
      "q" : "289",
      "p" : "0.091258",
      "s" : "sell",
      "i" : "W_USD",
      "m" : "4611686018428730593"
    }, {
      "d" : "1756462912061789295",
      "t" : 1756462912061,
      "tn" : 1756462912061789295,
      "q" : "272",
      "p" : "0.091258",
      "s" : "sell",
      "i" : "W_USD",
      "m" : "4611686018428730592"
    }, {
      "d" : "1756462912061787609",
      "t" : 1756462912061,
      "tn" : 1756462912061787609,
      "q" : "17",
      "p" : "0.091337",
      "s" : "sell",
      "i" : "W_USD",
      "m" : "4611686018428730591"
    }, {
      "d" : "1756462912037778866",
      "t" : 1756462912037,
      "tn" : 1756462912037778866,
      "q" : "272",
      "p" : "0.091258",
      "s" : "sell",
      "i" : "W_USD",
      "m" : "4611686018428730590"
    }, {
      "d" : "1756462912037776675",
      "t" : 1756462912037,
      "tn" : 1756462912037776675,
      "q" : "17",
      "p" : "0.091337",
      "s" : "sell",
      "i" : "W_USD",
      "m" : "4611686018428730589"
    }, {
      "d" : "1756462889633507415",
      "t" : 1756462889633,
      "tn" : 1756462889633507415,
      "q" : "5476",
      "p" : "0.091302",
      "s" : "sell",
      "i" : "W_USD",
      "m" : "4611686018428730588"
    }, {
      "d" : "1756462889633504968",
      "t" : 1756462889633,
      "tn" : 1756462889633504968,
      "q" : "17",
      "p" : "0.091452",
      "s" : "sell",
      "i" : "W_USD",
      "m" : "4611686018428730587"
    }, {
      "d" : "1756462882127626515",
      "t" : 1756462882127,
      "tn" : 1756462882127626515,
      "q" : "17",
      "p" : "0.091918",
      "s" : "sell",
      "i" : "W_USD",
      "m" : "4611686018428730586"
    }, {
      "d" : "1756462875197155305",
      "t" : 1756462875197,
      "tn" : 1756462875197155305,
      "q" : "17",
      "p" : "0.091983",
      "s" : "sell",
      "i" : "W_USD",
      "m" : "4611686018428730585"
    }, {
      "d" : "1756462872624610795",
      "t" : 1756462872624,
      "tn" : 1756462872624610795,
      "q" : "2141",
      "p" : "0.091799",
      "s" : "sell",
      "i" : "W_USD",
      "m" : "4611686018428730584"
    }, {
      "d" : "1756462872603931942",
      "t" : 1756462872603,
      "tn" : 1756462872603931942,
      "q" : "2124",
      "p" : "0.091799",
      "s" : "sell",
      "i" : "W_USD",
      "m" : "4611686018428730583"
    }, {
      "d" : "1756462872603929801",
      "t" : 1756462872603,
      "tn" : 1756462872603929801,
      "q" : "17",
      "p" : "0.091896",
      "s" : "sell",
      "i" : "W_USD",
      "m" : "4611686018428730582"
    }, {
      "d" : "1756462871049145606",
      "t" : 1756462871049,
      "tn" : 1756462871049145606,
      "q" : "17",
      "p" : "0.091978",
      "s" : "sell",
      "i" : "W_USD",
      "m" : "4611686018428730581"
    }, {
      "d" : "1756462871010131686",
      "t" : 1756462871010,
      "tn" : 1756462871010131686,
      "q" : "117",
      "p" : "0.091776",
      "s" : "sell",
      "i" : "W_USD",
      "m" : "4611686018428730580"
    }, {
      "d" : "1756462870962056375",
      "t" : 1756462870962,
      "tn" : 1756462870962056375,
      "q" : "117",
      "p" : "0.091776",
      "s" : "sell",
      "i" : "W_USD",
      "m" : "4611686018428730579"
    }, {
      "d" : "1756462870908051241",
      "t" : 1756462870908,
      "tn" : 1756462870908051241,
      "q" : "117",
      "p" : "0.091776",
      "s" : "sell",
      "i" : "W_USD",
      "m" : "4611686018428730578"
    }, {
      "d" : "1756462870886865945",
      "t" : 1756462870886,
      "tn" : 1756462870886865945,
      "q" : "117",
      "p" : "0.091776",
      "s" : "sell",
      "i" : "W_USD",
      "m" : "4611686018428730577"
    }, {
      "d" : "1756462870886862021",
      "t" : 1756462870886,
      "tn" : 1756462870886862021,
      "q" : "17",
      "p" : "0.091993",
      "s" : "sell",
      "i" : "W_USD",
      "m" : "4611686018428730576"
    }, {
      "d" : "1756462860339659600",
      "t" : 1756462860339,
      "tn" : 1756462860339659600,
      "q" : "17",
      "p" : "0.091948",
      "s" : "sell",
      "i" : "W_USD",
      "m" : "4611686018428730575"
    }, {
      "d" : "1756462836135378314",
      "t" : 1756462836135,
      "tn" : 1756462836135378314,
      "q" : "17",
      "p" : "0.091998",
      "s" : "sell",
      "i" : "W_USD",
      "m" : "4611686018428730574"
    }, {
      "d" : "1756462816907920083",
      "t" : 1756462816907,
      "tn" : 1756462816907920083,
      "q" : "17",
      "p" : "0.091643",
      "s" : "sell",
      "i" : "W_USD",
      "m" : "4611686018428730573"
    }, {
      "d" : "1756462813308435055",
      "t" : 1756462813308,
      "tn" : 1756462813308435055,
      "q" : "17",
      "p" : "0.091598",
      "s" : "sell",
      "i" : "W_USD",
      "m" : "4611686018428730572"
    }, {
      "d" : "1756462812140893834",
      "t" : 1756462812140,
      "tn" : 1756462812140893834,
      "q" : "17",
      "p" : "0.091558",
      "s" : "sell",
      "i" : "W_USD",
      "m" : "4611686018428730571"
    }, {
      "d" : "1756462811865754940",
      "t" : 1756462811865,
      "tn" : 1756462811865754940,
      "q" : "17",
      "p" : "0.091578",
      "s" : "sell",
      "i" : "W_USD",
      "m" : "4611686018428730570"
    }, {
      "d" : "1756462811783516490",
      "t" : 1756462811783,
      "tn" : 1756462811783516490,
      "q" : "17",
      "p" : "0.091588",
      "s" : "sell",
      "i" : "W_USD",
      "m" : "4611686018428730569"
    }, {
      "d" : "1756462804649084297",
      "t" : 1756462804649,
      "tn" : 1756462804649084297,
      "q" : "17",
      "p" : "0.091878",
      "s" : "sell",
      "i" : "W_USD",
      "m" : "4611686018428730568"
    }, {
      "d" : "1756462804188807640",
      "t" : 1756462804188,
      "tn" : 1756462804188807640,
      "q" : "17",
      "p" : "0.091878",
      "s" : "sell",
      "i" : "W_USD",
      "m" : "4611686018428730567"
    }, {
      "d" : "1756462803117660025",
      "t" : 1756462803117,
      "tn" : 1756462803117660025,
      "q" : "17",
      "p" : "0.091833",
      "s" : "sell",
      "i" : "W_USD",
      "m" : "4611686018428730566"
    }, {
      "d" : "1756462797925960585",
      "t" : 1756462797925,
      "tn" : 1756462797925960585,
      "q" : "5445",
      "p" : "0.091827",
      "s" : "buy",
      "i" : "W_USD",
      "m" : "4611686018428730565"
    }, {
      "d" : "1756462797925957807",
      "t" : 1756462797925,
      "tn" : 1756462797925957807,
      "q" : "3593",
      "p" : "0.091826",
      "s" : "buy",
      "i" : "W_USD",
      "m" : "4611686018428730564"
    }, {
      "d" : "1756462797925954810",
      "t" : 1756462797925,
      "tn" : 1756462797925954810,
      "q" : "2000",
      "p" : "0.091825",
      "s" : "buy",
      "i" : "W_USD",
      "m" : "4611686018428730563"
    }, {
      "d" : "1756462793409123862",
      "t" : 1756462793409,
      "tn" : 1756462793409123862,
      "q" : "17",
      "p" : "0.091858",
      "s" : "sell",
      "i" : "W_USD",
      "m" : "4611686018428730562"
    }, {
      "d" : "1756462793407347725",
      "t" : 1756462793407,
      "tn" : 1756462793407347725,
      "q" : "17",
      "p" : "0.091858",
      "s" : "sell",
      "i" : "W_USD",
      "m" : "4611686018428730561"
    }, {
      "d" : "1756462793145715974",
      "t" : 1756462793145,
      "tn" : 1756462793145715974,
      "q" : "17",
      "p" : "0.091858",
      "s" : "sell",
      "i" : "W_USD",
      "m" : "4611686018428730560"
    }, {
      "d" : "1756462792980813636",
      "t" : 1756462792980,
      "tn" : 1756462792980813636,
      "q" : "17",
      "p" : "0.091858",
      "s" : "sell",
      "i" : "W_USD",
      "m" : "4611686018428730559"
    }, {
      "d" : "1756462792887966791",
      "t" : 1756462792887,
      "tn" : 1756462792887966791,
      "q" : "17",
      "p" : "0.091858",
      "s" : "sell",
      "i" : "W_USD",
      "m" : "4611686018428730558"
    }, {
      "d" : "1756462792718127354",
      "t" : 1756462792718,
      "tn" : 1756462792718127354,
      "q" : "17",
      "p" : "0.091833",
      "s" : "sell",
      "i" : "W_USD",
      "m" : "4611686018428730557"
    }, {
      "d" : "1756462792613931381",
      "t" : 1756462792613,
      "tn" : 1756462792613931381,
      "q" : "17",
      "p" : "0.091833",
      "s" : "sell",
      "i" : "W_USD",
      "m" : "4611686018428730556"
    }, {
      "d" : "1756462792598348412",
      "t" : 1756462792598,
      "tn" : 1756462792598348412,
      "q" : "17",
      "p" : "0.091833",
      "s" : "sell",
      "i" : "W_USD",
      "m" : "4611686018428730555"
    }, {
      "d" : "1756462792551048457",
      "t" : 1756462792551,
      "tn" : 1756462792551048457,
      "q" : "17",
      "p" : "0.091838",
      "s" : "sell",
      "i" : "W_USD",
      "m" : "4611686018428730554"
    }, {
      "d" : "1756462792045516773",
      "t" : 1756462792045,
      "tn" : 1756462792045516773,
      "q" : "17",
      "p" : "0.091848",
      "s" : "sell",
      "i" : "W_USD",
      "m" : "4611686018428730553"
    }, {
      "d" : "1756462696389744803",
      "t" : 1756462696389,
      "tn" : 1756462696389744803,
      "q" : "17",
      "p" : "0.091058",
      "s" : "sell",
      "i" : "W_USD",
      "m" : "4611686018428730552"
    }, {
      "d" : "1756462694820137629",
      "t" : 1756462694820,
      "tn" : 1756462694820137629,
      "q" : "17",
      "p" : "0.091048",
      "s" : "sell",
      "i" : "W_USD",
      "m" : "4611686018428730551"
    }, {
      "d" : "1756462694793603965",
      "t" : 1756462694793,
      "tn" : 1756462694793603965,
      "q" : "17",
      "p" : "0.091063",
      "s" : "sell",
      "i" : "W_USD",
      "m" : "4611686018428730550"
    }, {
      "d" : "1756462686243618201",
      "t" : 1756462686243,
      "tn" : 1756462686243618201,
      "q" : "17",
      "p" : "0.091103",
      "s" : "sell",
      "i" : "W_USD",
      "m" : "4611686018428730549"
    }, {
      "d" : "1756462684214683934",
      "t" : 1756462684214,
      "tn" : 1756462684214683934,
      "q" : "17",
      "p" : "0.091083",
      "s" : "sell",
      "i" : "W_USD",
      "m" : "4611686018428730548"
    }, {
      "d" : "1756462656342084910",
      "t" : 1756462656342,
      "tn" : 1756462656342084910,
      "q" : "17",
      "p" : "0.090778",
      "s" : "sell",
      "i" : "W_USD",
      "m" : "4611686018428730547"
    }, {
      "d" : "1756462645793326553",
      "t" : 1756462645793,
      "tn" : 1756462645793326553,
      "q" : "17",
      "p" : "0.090899",
      "s" : "buy",
      "i" : "W_USD",
      "m" : "4611686018428730546"
    }, {
      "d" : "1756462612839595329",
      "t" : 1756462612839,
      "tn" : 1756462612839595329,
      "q" : "17",
      "p" : "0.090653",
      "s" : "sell",
      "i" : "W_USD",
      "m" : "4611686018428730545"
    }, {
      "d" : "1756462591442038892",
      "t" : 1756462591442,
      "tn" : 1756462591442038892,
      "q" : "17",
      "p" : "0.090588",
      "s" : "sell",
      "i" : "W_USD",
      "m" : "4611686018428730544"
    }, {
      "d" : "1756462577374237200",
      "t" : 1756462577374,
      "tn" : 1756462577374237200,
      "q" : "17",
      "p" : "0.090713",
      "s" : "sell",
      "i" : "W_USD",
      "m" : "4611686018428730543"
    }, {
      "d" : "1756462568438090413",
      "t" : 1756462568438,
      "tn" : 1756462568438090413,
      "q" : "17",
      "p" : "0.090793",
      "s" : "sell",
      "i" : "W_USD",
      "m" : "4611686018428730542"
    }, {
      "d" : "1756462563139187889",
      "t" : 1756462563139,
      "tn" : 1756462563139187889,
      "q" : "17",
      "p" : "0.090678",
      "s" : "sell",
      "i" : "W_USD",
      "m" : "4611686018428730541"
    }, {
      "d" : "1756462563037262051",
      "t" : 1756462563037,
      "tn" : 1756462563037262051,
      "q" : "17",
      "p" : "0.090708",
      "s" : "sell",
      "i" : "W_USD",
      "m" : "4611686018428730540"
    }, {
      "d" : "1756462527408543604",
      "t" : 1756462527408,
      "tn" : 1756462527408543604,
      "q" : "17",
      "p" : "0.090458",
      "s" : "sell",
      "i" : "W_USD",
      "m" : "4611686018428730539"
    }, {
      "d" : "1756462499954925202",
      "t" : 1756462499954,
      "tn" : 1756462499954925202,
      "q" : "17",
      "p" : "0.090479",
      "s" : "sell",
      "i" : "W_USD",
      "m" : "4611686018428730538"
    }, {
      "d" : "1756462499654686920",
      "t" : 1756462499654,
      "tn" : 1756462499654686920,
      "q" : "17",
      "p" : "0.090479",
      "s" : "sell",
      "i" : "W_USD",
      "m" : "4611686018428730537"
    }, {
      "d" : "1756462494124845493",
      "t" : 1756462494124,
      "tn" : 1756462494124845493,
      "q" : "17",
      "p" : "0.090483",
      "s" : "sell",
      "i" : "W_USD",
      "m" : "4611686018428730536"
    }, {
      "d" : "1756462493893369799",
      "t" : 1756462493893,
      "tn" : 1756462493893369799,
      "q" : "17",
      "p" : "0.090478",
      "s" : "sell",
      "i" : "W_USD",
      "m" : "4611686018428730535"
    }, {
      "d" : "1756462493147617943",
      "t" : 1756462493147,
      "tn" : 1756462493147617943,
      "q" : "17",
      "p" : "0.090508",
      "s" : "sell",
      "i" : "W_USD",
      "m" : "4611686018428730534"
    }, {
      "d" : "1756462492068457840",
      "t" : 1756462492068,
      "tn" : 1756462492068457840,
      "q" : "17",
      "p" : "0.090508",
      "s" : "sell",
      "i" : "W_USD",
      "m" : "4611686018428730533"
    }, {
      "d" : "1756462491289546372",
      "t" : 1756462491289,
      "tn" : 1756462491289546372,
      "q" : "17",
      "p" : "0.090508",
      "s" : "sell",
      "i" : "W_USD",
      "m" : "4611686018428730532"
    }, {
      "d" : "1756462490934393364",
      "t" : 1756462490934,
      "tn" : 1756462490934393364,
      "q" : "17",
      "p" : "0.090508",
      "s" : "sell",
      "i" : "W_USD",
      "m" : "4611686018428730531"
    }, {
      "d" : "1756462489679657653",
      "t" : 1756462489679,
      "tn" : 1756462489679657653,
      "q" : "17",
      "p" : "0.090523",
      "s" : "sell",
      "i" : "W_USD",
      "m" : "4611686018428730530"
    }, {
      "d" : "1756462489618785799",
      "t" : 1756462489618,
      "tn" : 1756462489618785799,
      "q" : "17",
      "p" : "0.090523",
      "s" : "sell",
      "i" : "W_USD",
      "m" : "4611686018428730529"
    }, {
      "d" : "1756462487461798358",
      "t" : 1756462487461,
      "tn" : 1756462487461798358,
      "q" : "17",
      "p" : "0.090443",
      "s" : "sell",
      "i" : "W_USD",
      "m" : "4611686018428730528"
    }, {
      "d" : "1756462487239653532",
      "t" : 1756462487239,
      "tn" : 1756462487239653532,
      "q" : "17",
      "p" : "0.090463",
      "s" : "sell",
      "i" : "W_USD",
      "m" : "4611686018428730527"
    }, {
      "d" : "1756462487231711808",
      "t" : 1756462487231,
      "tn" : 1756462487231711808,
      "q" : "17",
      "p" : "0.090463",
      "s" : "sell",
      "i" : "W_USD",
      "m" : "4611686018428730526"
    }, {
      "d" : "1756462486777960663",
      "t" : 1756462486777,
      "tn" : 1756462486777960663,
      "q" : "17",
      "p" : "0.090423",
      "s" : "sell",
      "i" : "W_USD",
      "m" : "4611686018428730525"
    }, {
      "d" : "1756462485948054689",
      "t" : 1756462485948,
      "tn" : 1756462485948054689,
      "q" : "17",
      "p" : "0.090423",
      "s" : "sell",
      "i" : "W_USD",
      "m" : "4611686018428730524"
    }, {
      "d" : "1756462485127917558",
      "t" : 1756462485127,
      "tn" : 1756462485127917558,
      "q" : "17",
      "p" : "0.090438",
      "s" : "sell",
      "i" : "W_USD",
      "m" : "4611686018428730523"
    }, {
      "d" : "1756462484927636667",
      "t" : 1756462484927,
      "tn" : 1756462484927636667,
      "q" : "17",
      "p" : "0.090438",
      "s" : "sell",
      "i" : "W_USD",
      "m" : "4611686018428730522"
    }, {
      "d" : "1756462480473829605",
      "t" : 1756462480473,
      "tn" : 1756462480473829605,
      "q" : "17",
      "p" : "0.090424",
      "s" : "buy",
      "i" : "W_USD",
      "m" : "4611686018428730521"
    }, {
      "d" : "1756462464193705697",
      "t" : 1756462464193,
      "tn" : 1756462464193705697,
      "q" : "17",
      "p" : "0.090318",
      "s" : "sell",
      "i" : "W_USD",
      "m" : "4611686018428730520"
    }, {
      "d" : "1756462456560158273",
      "t" : 1756462456560,
      "tn" : 1756462456560158273,
      "q" : "17",
      "p" : "0.090329",
      "s" : "buy",
      "i" : "W_USD",
      "m" : "4611686018428730519"
    }, {
      "d" : "1756462430193242008",
      "t" : 1756462430193,
      "tn" : 1756462430193242008,
      "q" : "17",
      "p" : "0.090239",
      "s" : "buy",
      "i" : "W_USD",
      "m" : "4611686018428730518"
    }, {
      "d" : "1756462428926186774",
      "t" : 1756462428926,
      "tn" : 1756462428926186774,
      "q" : "17",
      "p" : "0.090229",
      "s" : "buy",
      "i" : "W_USD",
      "m" : "4611686018428730517"
    }, {
      "d" : "1756462426891947052",
      "t" : 1756462426891,
      "tn" : 1756462426891947052,
      "q" : "17",
      "p" : "0.090229",
      "s" : "buy",
      "i" : "W_USD",
      "m" : "4611686018428730516"
    }, {
      "d" : "1756462414815846493",
      "t" : 1756462414815,
      "tn" : 1756462414815846493,
      "q" : "17",
      "p" : "0.090158",
      "s" : "sell",
      "i" : "W_USD",
      "m" : "4611686018428730515"
    }, {
      "d" : "1756462414577958407",
      "t" : 1756462414577,
      "tn" : 1756462414577958407,
      "q" : "17",
      "p" : "0.090163",
      "s" : "sell",
      "i" : "W_USD",
      "m" : "4611686018428730514"
    }, {
      "d" : "1756462413247698593",
      "t" : 1756462413247,
      "tn" : 1756462413247698593,
      "q" : "17",
      "p" : "0.090168",
      "s" : "sell",
      "i" : "W_USD",
      "m" : "4611686018428730513"
    }, {
      "d" : "1756462413177273728",
      "t" : 1756462413177,
      "tn" : 1756462413177273728,
      "q" : "17",
      "p" : "0.090203",
      "s" : "sell",
      "i" : "W_USD",
      "m" : "4611686018428730512"
    }, {
      "d" : "1756462411178105172",
      "t" : 1756462411178,
      "tn" : 1756462411178105172,
      "q" : "17",
      "p" : "0.090188",
      "s" : "sell",
      "i" : "W_USD",
      "m" : "4611686018428730511"
    }, {
      "d" : "1756462411157102845",
      "t" : 1756462411157,
      "tn" : 1756462411157102845,
      "q" : "17",
      "p" : "0.090208",
      "s" : "sell",
      "i" : "W_USD",
      "m" : "4611686018428730510"
    }, {
      "d" : "1756462402830565199",
      "t" : 1756462402830,
      "tn" : 1756462402830565199,
      "q" : "17",
      "p" : "0.090208",
      "s" : "sell",
      "i" : "W_USD",
      "m" : "4611686018428730509"
    }, {
      "d" : "1756462389718900904",
      "t" : 1756462389718,
      "tn" : 1756462389718900904,
      "q" : "17",
      "p" : "0.090228",
      "s" : "sell",
      "i" : "W_USD",
      "m" : "4611686018428730508"
    }, {
      "d" : "1756462389377696180",
      "t" : 1756462389377,
      "tn" : 1756462389377696180,
      "q" : "17",
      "p" : "0.090238",
      "s" : "sell",
      "i" : "W_USD",
      "m" : "4611686018428730507"
    }, {
      "d" : "1756462385905100217",
      "t" : 1756462385905,
      "tn" : 1756462385905100217,
      "q" : "17",
      "p" : "0.090303",
      "s" : "sell",
      "i" : "W_USD",
      "m" : "4611686018428730506"
    }, {
      "d" : "1756462369075728406",
      "t" : 1756462369075,
      "tn" : 1756462369075728406,
      "q" : "17",
      "p" : "0.090493",
      "s" : "sell",
      "i" : "W_USD",
      "m" : "4611686018428730505"
    }, {
      "d" : "1756462365408045825",
      "t" : 1756462365408,
      "tn" : 1756462365408045825,
      "q" : "17",
      "p" : "0.090388",
      "s" : "sell",
      "i" : "W_USD",
      "m" : "4611686018428730504"
    }, {
      "d" : "1756462365140378312",
      "t" : 1756462365140,
      "tn" : 1756462365140378312,
      "q" : "17",
      "p" : "0.090408",
      "s" : "sell",
      "i" : "W_USD",
      "m" : "4611686018428730503"
    }, {
      "d" : "1756462364277999703",
      "t" : 1756462364277,
      "tn" : 1756462364277999703,
      "q" : "17",
      "p" : "0.090403",
      "s" : "sell",
      "i" : "W_USD",
      "m" : "4611686018428730502"
    }, {
      "d" : "1756462364202322404",
      "t" : 1756462364202,
      "tn" : 1756462364202322404,
      "q" : "17",
      "p" : "0.090428",
      "s" : "sell",
      "i" : "W_USD",
      "m" : "4611686018428730501"
    }, {
      "d" : "1756462362797746960",
      "t" : 1756462362797,
      "tn" : 1756462362797746960,
      "q" : "17",
      "p" : "0.090478",
      "s" : "sell",
      "i" : "W_USD",
      "m" : "4611686018428730500"
    }, {
      "d" : "1756462362497346221",
      "t" : 1756462362497,
      "tn" : 1756462362497346221,
      "q" : "17",
      "p" : "0.090478",
      "s" : "sell",
      "i" : "W_USD",
      "m" : "4611686018428730499"
    }, {
      "d" : "1756462362341884986",
      "t" : 1756462362341,
      "tn" : 1756462362341884986,
      "q" : "17",
      "p" : "0.090478",
      "s" : "sell",
      "i" : "W_USD",
      "m" : "4611686018428730498"
    }, {
      "d" : "1756462356277114065",
      "t" : 1756462356277,
      "tn" : 1756462356277114065,
      "q" : "17",
      "p" : "0.090448",
      "s" : "sell",
      "i" : "W_USD",
      "m" : "4611686018428730497"
    }, {
      "d" : "1756462350332995102",
      "t" : 1756462350332,
      "tn" : 1756462350332995102,
      "q" : "17",
      "p" : "0.090413",
      "s" : "sell",
      "i" : "W_USD",
      "m" : "4611686018428730496"
    }, {
      "d" : "1756462346578288808",
      "t" : 1756462346578,
      "tn" : 1756462346578288808,
      "q" : "17",
      "p" : "0.090483",
      "s" : "sell",
      "i" : "W_USD",
      "m" : "4611686018428730495"
    }, {
      "d" : "1756462342198783367",
      "t" : 1756462342198,
      "tn" : 1756462342198783367,
      "q" : "17",
      "p" : "0.090388",
      "s" : "sell",
      "i" : "W_USD",
      "m" : "4611686018428730494"
    }, {
      "d" : "1756462342153503680",
      "t" : 1756462342153,
      "tn" : 1756462342153503680,
      "q" : "17",
      "p" : "0.090403",
      "s" : "sell",
      "i" : "W_USD",
      "m" : "4611686018428730493"
    }, {
      "d" : "1756462339738374259",
      "t" : 1756462339738,
      "tn" : 1756462339738374259,
      "q" : "17",
      "p" : "0.090583",
      "s" : "sell",
      "i" : "W_USD",
      "m" : "4611686018428730492"
    }, {
      "d" : "1756462339660197361",
      "t" : 1756462339660,
      "tn" : 1756462339660197361,
      "q" : "17",
      "p" : "0.090583",
      "s" : "sell",
      "i" : "W_USD",
      "m" : "4611686018428730491"
    }, {
      "d" : "1756462339447753817",
      "t" : 1756462339447,
      "tn" : 1756462339447753817,
      "q" : "17",
      "p" : "0.090573",
      "s" : "sell",
      "i" : "W_USD",
      "m" : "4611686018428730490"
    }, {
      "d" : "1756462338762009618",
      "t" : 1756462338762,
      "tn" : 1756462338762009618,
      "q" : "17",
      "p" : "0.090598",
      "s" : "sell",
      "i" : "W_USD",
      "m" : "4611686018428730489"
    }, {
      "d" : "1756462337857004342",
      "t" : 1756462337857,
      "tn" : 1756462337857004342,
      "q" : "17",
      "p" : "0.090593",
      "s" : "sell",
      "i" : "W_USD",
      "m" : "4611686018428730488"
    }, {
      "d" : "1756462337186837941",
      "t" : 1756462337186,
      "tn" : 1756462337186837941,
      "q" : "17",
      "p" : "0.090563",
      "s" : "sell",
      "i" : "W_USD",
      "m" : "4611686018428730487"
    }, {
      "d" : "1756462336763576901",
      "t" : 1756462336763,
      "tn" : 1756462336763576901,
      "q" : "17",
      "p" : "0.090563",
      "s" : "sell",
      "i" : "W_USD",
      "m" : "4611686018428730486"
    }, {
      "d" : "1756462336603288990",
      "t" : 1756462336603,
      "tn" : 1756462336603288990,
      "q" : "17",
      "p" : "0.090558",
      "s" : "sell",
      "i" : "W_USD",
      "m" : "4611686018428730485"
    }, {
      "d" : "1756462336053870373",
      "t" : 1756462336053,
      "tn" : 1756462336053870373,
      "q" : "17",
      "p" : "0.090598",
      "s" : "sell",
      "i" : "W_USD",
      "m" : "4611686018428730484"
    }, {
      "d" : "1756462335164020244",
      "t" : 1756462335164,
      "tn" : 1756462335164020244,
      "q" : "17",
      "p" : "0.090593",
      "s" : "sell",
      "i" : "W_USD",
      "m" : "4611686018428730483"
    }, {
      "d" : "1756462335052789115",
      "t" : 1756462335052,
      "tn" : 1756462335052789115,
      "q" : "17",
      "p" : "0.090583",
      "s" : "sell",
      "i" : "W_USD",
      "m" : "4611686018428730482"
    }, {
      "d" : "1756462334250251200",
      "t" : 1756462334250,
      "tn" : 1756462334250251200,
      "q" : "17",
      "p" : "0.090583",
      "s" : "sell",
      "i" : "W_USD",
      "m" : "4611686018428730481"
    }, {
      "d" : "1756462333828630839",
      "t" : 1756462333828,
      "tn" : 1756462333828630839,
      "q" : "17",
      "p" : "0.090593",
      "s" : "sell",
      "i" : "W_USD",
      "m" : "4611686018428730480"
    }, {
      "d" : "1756462328542432520",
      "t" : 1756462328542,
      "tn" : 1756462328542432520,
      "q" : "17",
      "p" : "0.090862",
      "s" : "sell",
      "i" : "W_USD",
      "m" : "4611686018428730479"
    }, {
      "d" : "1756462326396231865",
      "t" : 1756462326396,
      "tn" : 1756462326396231865,
      "q" : "17",
      "p" : "0.090833",
      "s" : "sell",
      "i" : "W_USD",
      "m" : "4611686018428730478"
    }, {
      "d" : "1756462326151917552",
      "t" : 1756462326151,
      "tn" : 1756462326151917552,
      "q" : "17",
      "p" : "0.090828",
      "s" : "sell",
      "i" : "W_USD",
      "m" : "4611686018428730477"
    }, {
      "d" : "1756462325365903826",
      "t" : 1756462325365,
      "tn" : 1756462325365903826,
      "q" : "17",
      "p" : "0.090833",
      "s" : "sell",
      "i" : "W_USD",
      "m" : "4611686018428730476"
    }, {
      "d" : "1756462323843788416",
      "t" : 1756462323843,
      "tn" : 1756462323843788416,
      "q" : "17",
      "p" : "0.090838",
      "s" : "sell",
      "i" : "W_USD",
      "m" : "4611686018428730475"
    }, {
      "d" : "1756462323739055090",
      "t" : 1756462323739,
      "tn" : 1756462323739055090,
      "q" : "17",
      "p" : "0.090838",
      "s" : "sell",
      "i" : "W_USD",
      "m" : "4611686018428730474"
    }, {
      "d" : "1756462323356237891",
      "t" : 1756462323356,
      "tn" : 1756462323356237891,
      "q" : "17",
      "p" : "0.090828",
      "s" : "sell",
      "i" : "W_USD",
      "m" : "4611686018428730473"
    }, {
      "d" : "1756462322880070785",
      "t" : 1756462322880,
      "tn" : 1756462322880070785,
      "q" : "17",
      "p" : "0.090853",
      "s" : "sell",
      "i" : "W_USD",
      "m" : "4611686018428730472"
    }, {
      "d" : "1756462320742266877",
      "t" : 1756462320742,
      "tn" : 1756462320742266877,
      "q" : "17",
      "p" : "0.090813",
      "s" : "sell",
      "i" : "W_USD",
      "m" : "4611686018428730471"
    }, {
      "d" : "1756462320731238239",
      "t" : 1756462320731,
      "tn" : 1756462320731238239,
      "q" : "17",
      "p" : "0.090813",
      "s" : "sell",
      "i" : "W_USD",
      "m" : "4611686018428730470"
    }, {
      "d" : "1756462318277162794",
      "t" : 1756462318277,
      "tn" : 1756462318277162794,
      "q" : "17",
      "p" : "0.090833",
      "s" : "sell",
      "i" : "W_USD",
      "m" : "4611686018428730469"
    }, {
      "d" : "1756462318192964856",
      "t" : 1756462318192,
      "tn" : 1756462318192964856,
      "q" : "17",
      "p" : "0.090833",
      "s" : "sell",
      "i" : "W_USD",
      "m" : "4611686018428730468"
    }, {
      "d" : "1756462317175920043",
      "t" : 1756462317175,
      "tn" : 1756462317175920043,
      "q" : "17",
      "p" : "0.090833",
      "s" : "sell",
      "i" : "W_USD",
      "m" : "4611686018428730467"
    }, {
      "d" : "1756462314145914237",
      "t" : 1756462314145,
      "tn" : 1756462314145914237,
      "q" : "17",
      "p" : "0.090828",
      "s" : "sell",
      "i" : "W_USD",
      "m" : "4611686018428730466"
    }, {
      "d" : "1756462313274251285",
      "t" : 1756462313274,
      "tn" : 1756462313274251285,
      "q" : "17",
      "p" : "0.090833",
      "s" : "sell",
      "i" : "W_USD",
      "m" : "4611686018428730465"
    }, {
      "d" : "1756462312636822904",
      "t" : 1756462312636,
      "tn" : 1756462312636822904,
      "q" : "17",
      "p" : "0.090823",
      "s" : "sell",
      "i" : "W_USD",
      "m" : "4611686018428730464"
    }, {
      "d" : "1756462312531546569",
      "t" : 1756462312531,
      "tn" : 1756462312531546569,
      "q" : "17",
      "p" : "0.090823",
      "s" : "sell",
      "i" : "W_USD",
      "m" : "4611686018428730463"
    }, {
      "d" : "1756462306578843512",
      "t" : 1756462306578,
      "tn" : 1756462306578843512,
      "q" : "17",
      "p" : "0.090883",
      "s" : "sell",
      "i" : "W_USD",
      "m" : "4611686018428730462"
    }, {
      "d" : "1756462306311433926",
      "t" : 1756462306311,
      "tn" : 1756462306311433926,
      "q" : "17",
      "p" : "0.090883",
      "s" : "sell",
      "i" : "W_USD",
      "m" : "4611686018428730461"
    }, {
      "d" : "1756462302797666091",
      "t" : 1756462302797,
      "tn" : 1756462302797666091,
      "q" : "17",
      "p" : "0.090873",
      "s" : "sell",
      "i" : "W_USD",
      "m" : "4611686018428730460"
    }, {
      "d" : "1756462301712340335",
      "t" : 1756462301712,
      "tn" : 1756462301712340335,
      "q" : "17",
      "p" : "0.090888",
      "s" : "sell",
      "i" : "W_USD",
      "m" : "4611686018428730459"
    }, {
      "d" : "1756462300692424351",
      "t" : 1756462300692,
      "tn" : 1756462300692424351,
      "q" : "17",
      "p" : "0.090893",
      "s" : "sell",
      "i" : "W_USD",
      "m" : "4611686018428730458"
    }, {
      "d" : "1756462300458492528",
      "t" : 1756462300458,
      "tn" : 1756462300458492528,
      "q" : "17",
      "p" : "0.090898",
      "s" : "sell",
      "i" : "W_USD",
      "m" : "4611686018428730457"
    }, {
      "d" : "1756462295188054655",
      "t" : 1756462295188,
      "tn" : 1756462295188054655,
      "q" : "17",
      "p" : "0.090848",
      "s" : "sell",
      "i" : "W_USD",
      "m" : "4611686018428730456"
    }, {
      "d" : "1756462270534942804",
      "t" : 1756462270534,
      "tn" : 1756462270534942804,
      "q" : "17",
      "p" : "0.090754",
      "s" : "buy",
      "i" : "W_USD",
      "m" : "4611686018428730455"
    }, {
      "d" : "1756462260407831270",
      "t" : 1756462260407,
      "tn" : 1756462260407831270,
      "q" : "17",
      "p" : "0.090829",
      "s" : "buy",
      "i" : "W_USD",
      "m" : "4611686018428730454"
    }, {
      "d" : "1756462260302003672",
      "t" : 1756462260302,
      "tn" : 1756462260302003672,
      "q" : "17",
      "p" : "0.090794",
      "s" : "buy",
      "i" : "W_USD",
      "m" : "4611686018428730453"
    }, {
      "d" : "1756462260296442169",
      "t" : 1756462260296,
      "tn" : 1756462260296442169,
      "q" : "17",
      "p" : "0.090794",
      "s" : "buy",
      "i" : "W_USD",
      "m" : "4611686018428730452"
    }, {
      "d" : "1756462226258051288",
      "t" : 1756462226258,
      "tn" : 1756462226258051288,
      "q" : "17",
      "p" : "0.090489",
      "s" : "buy",
      "i" : "W_USD",
      "m" : "4611686018428730451"
    }, {
      "d" : "1756462225887938802",
      "t" : 1756462225887,
      "tn" : 1756462225887938802,
      "q" : "17",
      "p" : "0.090494",
      "s" : "buy",
      "i" : "W_USD",
      "m" : "4611686018428730450"
    }, {
      "d" : "1756462225867845972",
      "t" : 1756462225867,
      "tn" : 1756462225867845972,
      "q" : "17",
      "p" : "0.090494",
      "s" : "buy",
      "i" : "W_USD",
      "m" : "4611686018428730449"
    }, {
      "d" : "1756462200458173667",
      "t" : 1756462200458,
      "tn" : 1756462200458173667,
      "q" : "17",
      "p" : "0.090618",
      "s" : "sell",
      "i" : "W_USD",
      "m" : "4611686018428730448"
    }, {
      "d" : "1756462168831592108",
      "t" : 1756462168831,
      "tn" : 1756462168831592108,
      "q" : "17",
      "p" : "0.090917",
      "s" : "sell",
      "i" : "W_USD",
      "m" : "4611686018428730447"
    }, {
      "d" : "1756462168751361918",
      "t" : 1756462168751,
      "tn" : 1756462168751361918,
      "q" : "17",
      "p" : "0.090884",
      "s" : "buy",
      "i" : "W_USD",
      "m" : "4611686018428730446"
    }, {
      "d" : "1756462168737721418",
      "t" : 1756462168737,
      "tn" : 1756462168737721418,
      "q" : "5499",
      "p" : "0.090918",
      "s" : "buy",
      "i" : "W_USD",
      "m" : "4611686018428730445"
    }, {
      "d" : "1756462168737718767",
      "t" : 1756462168737,
      "tn" : 1756462168737718767,
      "q" : "17",
      "p" : "0.090884",
      "s" : "buy",
      "i" : "W_USD",
      "m" : "4611686018428730444"
    } ]
  }
}