{
  "id" : -1,
  "method" : "public/get-trades",
  "code" : 0,
  "result" : {
    "data" : [ {
      "d" : "1756462903915531781",
      "t" : 1756462903915,
      "tn" : 1756462903915531781,
      "q" : "3.0",
      "p" : "0.38761",
      "s" : "buy",
      "i" : "WAL_USD",
      "m" : "4611686018428710024"
    }, {
      "d" : "1756462887283067552",
      "t" : 1756462887283,
      "tn" : 1756462887283067552,
      "q" : "3.0",
      "p" : "0.38766",
      "s" : "buy",
      "i" : "WAL_USD",
      "m" : "4611686018428710023"
    }, {
      "d" : "1756462886943099549",
      "t" : 1756462886943,
      "tn" : 1756462886943099549,
      "q" : "3.0",
      "p" : "0.38761",
      "s" : "buy",
      "i" : "WAL_USD",
      "m" : "4611686018428710022"
    }, {
      "d" : "1756462886890884476",
      "t" : 1756462886890,
      "tn" : 1756462886890884476,
      "q" : "3.0",
      "p" : "0.38766",
      "s" : "buy",
      "i" : "WAL_USD",
      "m" : "4611686018428710021"
    }, {
      "d" : "1756462876443793732",
      "t" : 1756462876443,
      "tn" : 1756462876443793732,
      "q" : "3.0",
      "p" : "0.38761",
      "s" : "buy",
      "i" : "WAL_USD",
      "m" : "4611686018428710020"
    }, {
      "d" : "1756462862891659876",
      "t" : 1756462862891,
      "tn" : 1756462862891659876,
      "q" : "38.5",
      "p" : "0.38796",
      "s" : "sell",
      "i" : "WAL_USD",
      "m" : "4611686018428710019"
    }, {
      "d" : "1756462862856794469",
      "t" : 1756462862856,
      "tn" : 1756462862856794469,
      "q" : "3.0",
      "p" : "0.38800",
      "s" : "sell",
      "i" : "WAL_USD",
      "m" : "4611686018428710018"
    }, {
      "d" : "1756462848928822292",
      "t" : 1756462848928,
      "tn" : 1756462848928822292,
      "q" : "3.0",
      "p" : "0.38810",
      "s" : "sell",
      "i" : "WAL_USD",
      "m" : "4611686018428710017"
    }, {
      "d" : "1756462783853560539",
      "t" : 1756462783853,
      "tn" : 1756462783853560539,
      "q" : "3.0",
      "p" : "0.38821",
      "s" : "buy",
      "i" : "WAL_USD",
      "m" : "4611686018428710016"
    }, {
      "d" : "1756462682653737158",
      "t" : 1756462682653,
      "tn" : 1756462682653737158,
      "q" : "3.0",
      "p" : "0.38770",
      "s" : "sell",
      "i" : "WAL_USD",
      "m" : "4611686018428710015"
    }, {
      "d" : "1756462638849998130",
      "t" : 1756462638849,
      "tn" : 1756462638849998130,
      "q" : "3.0",
      "p" : "0.38750",
      "s" : "sell",
      "i" : "WAL_USD",
      "m" : "4611686018428710014"
    }, {
      "d" : "1756462622015244248",
      "t" : 1756462622015,
      "tn" : 1756462622015244248,
      "q" : "39.2",
      "p" : "0.38720",
      "s" : "buy",
      "i" : "WAL_USD",
      "m" : "4611686018428710013"
    }, {
      "d" : "1756462602029799175",
      "t" : 1756462602029,
      "tn" : 1756462602029799175,
      "q" : "3.0",
      "p" : "0.38710",
      "s" : "sell",
      "i" : "WAL_USD",
      "m" : "4611686018428710012"
    }, {
      "d" : "1756462538165674729",
      "t" : 1756462538165,
      "tn" : 1756462538165674729,
      "q" : "3.0",
      "p" : "0.38760",
      "s" : "sell",
      "i" : "WAL_USD",
      "m" : "4611686018428710011"
    }, {
      "d" : "1756462477070468054",
      "t" : 1756462477070,
      "tn" : 1756462477070468054,
      "q" : "12.4",
      "p" : "0.38754",
      "s" : "buy",
      "i" : "WAL_USD",
      "m" : "4611686018428710010"
    }, {
      "d" : "1756462477070465902",
      "t" : 1756462477070,
      "tn" : 1756462477070465902,
      "q" : "3.0",
      "p" : "0.38751",
      "s" : "buy",
      "i" : "WAL_USD",
      "m" : "4611686018428710009"
    }, {
      "d" : "1756462476563610000",
      "t" : 1756462476563,
      "tn" : 1756462476563610000,
      "q" : "3.0",
      "p" : "0.38741",
      "s" : "buy",
      "i" : "WAL_USD",
      "m" : "4611686018428710008"
    }, {
      "d" : "1756462476301991793",
      "t" : 1756462476301,
      "tn" : 1756462476301991793,
      "q" : "38.7",
      "p" : "0.38743",
      "s" : "buy",
      "i" : "WAL_USD",
      "m" : "4611686018428710007"
    }, {
      "d" : "1756462469389513313",
      "t" : 1756462469389,
      "tn" : 1756462469389513312,
      "q" : "3.0",
      "p" : "0.38721",
      "s" : "buy",
      "i" : "WAL_USD",
      "m" : "4611686018428710006"
    }, {
      "d" : "1756462469389513312",
      "t" : 1756462469389,
      "tn" : 1756462469389513312,
      "q" : "38.0",
      "p" : "0.38721",
      "s" : "buy",
      "i" : "WAL_USD",
      "m" : "4611686018428710006"
    }, {
      "d" : "1756462458859861906",
      "t" : 1756462458859,
      "tn" : 1756462458859861905,
      "q" : "3.0",
      "p" : "0.38711",
      "s" : "buy",
      "i" : "WAL_USD",
      "m" : "4611686018428710005"
    }, {
      "d" : "1756462458859861905",
      "t" : 1756462458859,
      "tn" : 1756462458859861905,
      "q" : "38.9",
      "p" : "0.38711",
      "s" : "buy",
      "i" : "WAL_USD",
      "m" : "4611686018428710005"
    }, {
      "d" : "1756462454752863937",
      "t" : 1756462454752,
      "tn" : 1756462454752863937,
      "q" : "3.0",
      "p" : "0.38710",
      "s" : "sell",
      "i" : "WAL_USD",
      "m" : "4611686018428710004"
    }, {
      "d" : "1756462454371143063",
      "t" : 1756462454371,
      "tn" : 1756462454371143063,
      "q" : "38.3",
      "p" : "0.38700",
      "s" : "sell",
      "i" : "WAL_USD",
      "m" : "4611686018428710003"
    }, {
      "d" : "1756462454362808143",
      "t" : 1756462454362,
      "tn" : 1756462454362808143,
      "q" : "3.0",
      "p" : "0.38710",
      "s" : "sell",
      "i" : "WAL_USD",
      "m" : "4611686018428710002"
    }, {
      "d" : "1756462454296597799",
      "t" : 1756462454296,
      "tn" : 1756462454296597799,
      "q" : "3.0",
      "p" : "0.38720",
      "s" : "sell",
      "i" : "WAL_USD",
      "m" : "4611686018428710001"
    }, {
      "d" : "1756462402018470691",
      "t" : 1756462402018,
      "tn" : 1756462402018470691,
      "q" : "3.0",
      "p" : "0.38761",
      "s" : "buy",
      "i" : "WAL_USD",
      "m" : "4611686018428710000"
    }, {
      "d" : "1756462376132163893",
      "t" : 1756462376132,
      "tn" : 1756462376132163893,
      "q" : "3.0",
      "p" : "0.38781",
      "s" : "buy",
      "i" : "WAL_USD",
      "m" : "4611686018428709999"
    }, {
      "d" : "1756462373294382356",
      "t" : 1756462373294,
      "tn" : 1756462373294382356,
      "q" : "3.0",
      "p" : "0.38786",
      "s" : "buy",
      "i" : "WAL_USD",
      "m" : "4611686018428709998"
    }, {
      "d" : "1756462368811221901",
      "t" : 1756462368811,
      "tn" : 1756462368811221901,
      "q" : "3.0",
      "p" : "0.38776",
      "s" : "buy",
      "i" : "WAL_USD",
      "m" : "4611686018428709997"
    }, {
      "d" : "1756462345047115241",
      "t" : 1756462345047,
      "tn" : 1756462345047115241,
      "q" : "3.0",
      "p" : "0.38781",
      "s" : "buy",
      "i" : "WAL_USD",
      "m" : "4611686018428709996"
    }, {
      "d" : "1756462327797770270",
      "t" : 1756462327797,
      "tn" : 1756462327797770270,
      "q" : "3.0",
      "p" : "0.38766",
      "s" : "buy",
      "i" : "WAL_USD",
      "m" : "4611686018428709995"
    }, {
      "d" : "1756462305408466499",
      "t" : 1756462305408,
      "tn" : 1756462305408466499,
      "q" : "3.0",
      "p" : "0.38751",
      "s" : "buy",
      "i" : "WAL_USD",
      "m" : "4611686018428709994"
    }, {
      "d" : "1756462277725483110",
      "t" : 1756462277725,
      "tn" : 1756462277725483110,
      "q" : "3.0",
      "p" : "0.38741",
      "s" : "buy",
      "i" : "WAL_USD",
      "m" : "4611686018428709993"
    }, {
      "d" : "1756462268417968904",
      "t" : 1756462268417,
      "tn" : 1756462268417968904,
      "q" : "3.0",
      "p" : "0.38731",
      "s" : "buy",
      "i" : "WAL_USD",
      "m" : "4611686018428709992"
    }, {
      "d" : "1756462255021013978",
      "t" : 1756462255021,
      "tn" : 1756462255021013978,
      "q" : "3.0",
      "p" : "0.38721",
      "s" : "buy",
      "i" : "WAL_USD",
      "m" : "4611686018428709991"
    }, {
      "d" : "1756462248568553178",
      "t" : 1756462248568,
      "tn" : 1756462248568553178,
      "q" : "3.0",
      "p" : "0.38711",
      "s" : "buy",
      "i" : "WAL_USD",
      "m" : "4611686018428709990"
    }, {
      "d" : "1756462217901217053",
      "t" : 1756462217901,
      "tn" : 1756462217901217053,
      "q" : "24.6",
      "p" : "0.38701",
      "s" : "buy",
      "i" : "WAL_USD",
      "m" : "4611686018428709989"
    }, {
      "d" : "1756462217901215542",
      "t" : 1756462217901,
      "tn" : 1756462217901215542,
      "q" : "3.0",
      "p" : "0.38696",
      "s" : "buy",
      "i" : "WAL_USD",
      "m" : "4611686018428709988"
    }, {
      "d" : "1756462217818856068",
      "t" : 1756462217818,
      "tn" : 1756462217818856068,
      "q" : "13.9",
      "p" : "0.38701",
      "s" : "buy",
      "i" : "WAL_USD",
      "m" : "4611686018428709987"
    }, {
      "d" : "1756462217801341620",
      "t" : 1756462217801,
      "tn" : 1756462217801341620,
      "q" : "3.0",
      "p" : "0.38691",
      "s" : "buy",
      "i" : "WAL_USD",
      "m" : "4611686018428709986"
    }, {
      "d" : "1756462217765811170",
      "t" : 1756462217765,
      "tn" : 1756462217765811170,
      "q" : "24.6",
      "p" : "0.38701",
      "s" : "buy",
      "i" : "WAL_USD",
      "m" : "4611686018428709985"
    }, {
      "d" : "1756462217765809583",
      "t" : 1756462217765,
      "tn" : 1756462217765809583,
      "q" : "3.0",
      "p" : "0.38686",
      "s" : "buy",
      "i" : "WAL_USD",
      "m" : "4611686018428709984"
    }, {
      "d" : "1756462217762992253",
      "t" : 1756462217762,
      "tn" : 1756462217762992253,
      "q" : "3.0",
      "p" : "0.38681",
      "s" : "buy",
      "i" : "WAL_USD",
      "m" : "4611686018428709983"
    }, {
      "d" : "1756462182137648712",
      "t" : 1756462182137,
      "tn" : 1756462182137648712,
      "q" : "3.0",
      "p" : "0.38726",
      "s" : "buy",
      "i" : "WAL_USD",
      "m" : "4611686018428709982"
    }, {
      "d" : "1756462156114596871",
      "t" : 1756462156114,
      "tn" : 1756462156114596871,
      "q" : "3.0",
      "p" : "0.38721",
      "s" : "buy",
      "i" : "WAL_USD",
      "m" : "4611686018428709981"
    }, {
      "d" : "1756462143650625448",
      "t" : 1756462143650,
      "tn" : 1756462143650625448,
      "q" : "38.3",
      "p" : "0.38729",
      "s" : "sell",
      "i" : "WAL_USD",
      "m" : "4611686018428709980"
    }, {
      "d" : "1756462134106877905",
      "t" : 1756462134106,
      "tn" : 1756462134106877905,
      "q" : "3.0",
      "p" : "0.38711",
      "s" : "buy",
      "i" : "WAL_USD",
      "m" : "4611686018428709979"
    }, {
      "d" : "1756462123700460433",
      "t" : 1756462123700,
      "tn" : 1756462123700460433,
      "q" : "39.0",
      "p" : "0.38718",
      "s" : "sell",
      "i" : "WAL_USD",
      "m" : "4611686018428709978"
    }, {
      "d" : "1756462123631827980",
      "t" : 1756462123631,
      "tn" : 1756462123631827980,
      "q" : "3.0",
      "p" : "0.38710",
      "s" : "sell",
      "i" : "WAL_USD",
      "m" : "4611686018428709977"
    }, {
      "d" : "1756462123562655631",
      "t" : 1756462123562,
      "tn" : 1756462123562655631,
      "q" : "39.5",
      "p" : "0.38718",
      "s" : "sell",
      "i" : "WAL_USD",
      "m" : "4611686018428709976"
    }, {
      "d" : "1756462116990766927",
      "t" : 1756462116990,
      "tn" : 1756462116990766926,
      "q" : "3.0",
      "p" : "0.38710",
      "s" : "sell",
      "i" : "WAL_USD",
      "m" : "4611686018428709975"
    }, {
      "d" : "1756462116990766926",
      "t" : 1756462116990,
      "tn" : 1756462116990766926,
      "q" : "38.2",
      "p" : "0.38710",
      "s" : "sell",
      "i" : "WAL_USD",
      "m" : "4611686018428709975"
    }, {
      "d" : "1756462096124292980",
      "t" : 1756462096124,
      "tn" : 1756462096124292980,
      "q" : "3.0",
      "p" : "0.38700",
      "s" : "sell",
      "i" : "WAL_USD",
      "m" : "4611686018428709974"
    }, {
      "d" : "1756462058189560402",
      "t" : 1756462058189,
      "tn" : 1756462058189560402,
      "q" : "3.0",
      "p" : "0.38651",
      "s" : "buy",
      "i" : "WAL_USD",
      "m" : "4611686018428709973"
    }, {
      "d" : "1756462034116215131",
      "t" : 1756462034116,
      "tn" : 1756462034116215131,
      "q" : "3.0",
      "p" : "0.38650",
      "s" : "sell",
      "i" : "WAL_USD",
      "m" : "4611686018428709972"
    }, {
      "d" : "1756461973006118388",
      "t" : 1756461973006,
      "tn" : 1756461973006118388,
      "q" : "3.0",
      "p" : "0.38601",
      "s" : "buy",
      "i" : "WAL_USD",
      "m" : "4611686018428709971"
    }, {
      "d" : "1756461973006115929",
      "t" : 1756461973006,
      "tn" : 1756461973006115929,
      "q" : "38.4",
      "p" : "0.38599",
      "s" : "buy",
      "i" : "WAL_USD",
      "m" : "4611686018428709970"
    }, {
      "d" : "1756461958784575952",
      "t" : 1756461958784,
      "tn" : 1756461958784575952,
      "q" : "3.0",
      "p" : "0.38620",
      "s" : "sell",
      "i" : "WAL_USD",
      "m" : "4611686018428709969"
    }, {
      "d" : "1756461956641576069",
      "t" : 1756461956641,
      "tn" : 1756461956641576069,
      "q" : "3.0",
      "p" : "0.38630",
      "s" : "sell",
      "i" : "WAL_USD",
      "m" : "4611686018428709968"
    }, {
      "d" : "1756461944169900128",
      "t" : 1756461944169,
      "tn" : 1756461944169900128,
      "q" : "39.1",
      "p" : "0.38616",
      "s" : "buy",
      "i" : "WAL_USD",
      "m" : "4611686018428709967"
    }, {
      "d" : "1756461943998852170",
      "t" : 1756461943998,
      "tn" : 1756461943998852170,
      "q" : "39.3",
      "p" : "0.38615",
      "s" : "buy",
      "i" : "WAL_USD",
      "m" : "4611686018428709966"
    }, {
      "d" : "1756461919784093709",
      "t" : 1756461919784,
      "tn" : 1756461919784093709,
      "q" : "38.4",
      "p" : "0.38612",
      "s" : "buy",
      "i" : "WAL_USD",
      "m" : "4611686018428709965"
    }, {
      "d" : "1756461880711294217",
      "t" : 1756461880711,
      "tn" : 1756461880711294217,
      "q" : "3.0",
      "p" : "0.38616",
      "s" : "buy",
      "i" : "WAL_USD",
      "m" : "4611686018428709964"
    }, {
      "d" : "1756461866090820882",
      "t" : 1756461866090,
      "tn" : 1756461866090820882,
      "q" : "3.0",
      "p" : "0.38606",
      "s" : "buy",
      "i" : "WAL_USD",
      "m" : "4611686018428709963"
    }, {
      "d" : "1756461852014227157",
      "t" : 1756461852014,
      "tn" : 1756461852014227157,
      "q" : "3.0",
      "p" : "0.38621",
      "s" : "buy",
      "i" : "WAL_USD",
      "m" : "4611686018428709962"
    }, {
      "d" : "1756461846999269878",
      "t" : 1756461846999,
      "tn" : 1756461846999269878,
      "q" : "3.0",
      "p" : "0.38601",
      "s" : "buy",
      "i" : "WAL_USD",
      "m" : "4611686018428709961"
    }, {
      "d" : "1756461837778698701",
      "t" : 1756461837778,
      "tn" : 1756461837778698701,
      "q" : "20.8",
      "p" : "0.38597",
      "s" : "sell",
      "i" : "WAL_USD",
      "m" : "4611686018428709960"
    }, {
      "d" : "1756461837778695788",
      "t" : 1756461837778,
      "tn" : 1756461837778695788,
      "q" : "3.0",
      "p" : "0.38600",
      "s" : "sell",
      "i" : "WAL_USD",
      "m" : "4611686018428709959"
    }, {
      "d" : "1756461827898065613",
      "t" : 1756461827898,
      "tn" : 1756461827898065613,
      "q" : "3.0",
      "p" : "0.38606",
      "s" : "buy",
      "i" : "WAL_USD",
      "m" : "4611686018428709958"
    }, {
      "d" : "1756461823075822673",
      "t" : 1756461823075,
      "tn" : 1756461823075822673,
      "q" : "3.0",
      "p" : "0.38591",
      "s" : "buy",
      "i" : "WAL_USD",
      "m" : "4611686018428709957"
    }, {
      "d" : "1756461821548622417",
      "t" : 1756461821548,
      "tn" : 1756461821548622417,
      "q" : "3.0",
      "p" : "0.38581",
      "s" : "buy",
      "i" : "WAL_USD",
      "m" : "4611686018428709956"
    }, {
      "d" : "1756461820727222596",
      "t" : 1756461820727,
      "tn" : 1756461820727222596,
      "q" : "3.0",
      "p" : "0.38566",
      "s" : "buy",
      "i" : "WAL_USD",
      "m" : "4611686018428709955"
    }, {
      "d" : "1756461808852991472",
      "t" : 1756461808852,
      "tn" : 1756461808852991472,
      "q" : "3.0",
      "p" : "0.38580",
      "s" : "sell",
      "i" : "WAL_USD",
      "m" : "4611686018428709954"
    }, {
      "d" : "1756461771841369867",
      "t" : 1756461771841,
      "tn" : 1756461771841369867,
      "q" : "3.0",
      "p" : "0.38590",
      "s" : "sell",
      "i" : "WAL_USD",
      "m" : "4611686018428709953"
    }, {
      "d" : "1756461733558156495",
      "t" : 1756461733558,
      "tn" : 1756461733558156495,
      "q" : "3.0",
      "p" : "0.38561",
      "s" : "buy",
      "i" : "WAL_USD",
      "m" : "4611686018428709952"
    }, {
      "d" : "1756461730881146531",
      "t" : 1756461730881,
      "tn" : 1756461730881146531,
      "q" : "38.6",
      "p" : "0.38558",
      "s" : "sell",
      "i" : "WAL_USD",
      "m" : "4611686018428709951"
    }, {
      "d" : "1756461730810841706",
      "t" : 1756461730810,
      "tn" : 1756461730810841706,
      "q" : "3.0",
      "p" : "0.38570",
      "s" : "sell",
      "i" : "WAL_USD",
      "m" : "4611686018428709950"
    }, {
      "d" : "1756461723425786731",
      "t" : 1756461723425,
      "tn" : 1756461723425786731,
      "q" : "3.0",
      "p" : "0.38546",
      "s" : "buy",
      "i" : "WAL_USD",
      "m" : "4611686018428709949"
    }, {
      "d" : "1756461678368239879",
      "t" : 1756461678368,
      "tn" : 1756461678368239879,
      "q" : "39.3",
      "p" : "0.38529",
      "s" : "sell",
      "i" : "WAL_USD",
      "m" : "4611686018428709948"
    }, {
      "d" : "1756461678363292562",
      "t" : 1756461678363,
      "tn" : 1756461678363292562,
      "q" : "3.0",
      "p" : "0.38540",
      "s" : "sell",
      "i" : "WAL_USD",
      "m" : "4611686018428709947"
    }, {
      "d" : "1756461660496005701",
      "t" : 1756461660496,
      "tn" : 1756461660496005701,
      "q" : "3.0",
      "p" : "0.38521",
      "s" : "buy",
      "i" : "WAL_USD",
      "m" : "4611686018428709946"
    }, {
      "d" : "1756461635575770314",
      "t" : 1756461635575,
      "tn" : 1756461635575770314,
      "q" : "3.0",
      "p" : "0.38471",
      "s" : "buy",
      "i" : "WAL_USD",
      "m" : "4611686018428709945"
    }, {
      "d" : "1756461605413178977",
      "t" : 1756461605413,
      "tn" : 1756461605413178977,
      "q" : "3.0",
      "p" : "0.38465",
      "s" : "sell",
      "i" : "WAL_USD",
      "m" : "4611686018428709944"
    }, {
      "d" : "1756461604588891466",
      "t" : 1756461604588,
      "tn" : 1756461604588891466,
      "q" : "3.0",
      "p" : "0.38470",
      "s" : "sell",
      "i" : "WAL_USD",
      "m" : "4611686018428709943"
    }, {
      "d" : "1756461604479766432",
      "t" : 1756461604479,
      "tn" : 1756461604479766432,
      "q" : "3.0",
      "p" : "0.38470",
      "s" : "sell",
      "i" : "WAL_USD",
      "m" : "4611686018428709942"
    }, {
      "d" : "1756461604445105829",
      "t" : 1756461604445,
      "tn" : 1756461604445105829,
      "q" : "3.0",
      "p" : "0.38470",
      "s" : "sell",
      "i" : "WAL_USD",
      "m" : "4611686018428709941"
    }, {
      "d" : "1756461593751193835",
      "t" : 1756461593751,
      "tn" : 1756461593751193835,
      "q" : "3.0",
      "p" : "0.38480",
      "s" : "sell",
      "i" : "WAL_USD",
      "m" : "4611686018428709940"
    }, {
      "d" : "1756461576425753602",
      "t" : 1756461576425,
      "tn" : 1756461576425753602,
      "q" : "3.0",
      "p" : "0.38490",
      "s" : "sell",
      "i" : "WAL_USD",
      "m" : "4611686018428709939"
    }, {
      "d" : "1756461550572021289",
      "t" : 1756461550572,
      "tn" : 1756461550572021289,
      "q" : "3.0",
      "p" : "0.38501",
      "s" : "buy",
      "i" : "WAL_USD",
      "m" : "4611686018428709938"
    }, {
      "d" : "1756461533120946588",
      "t" : 1756461533120,
      "tn" : 1756461533120946588,
      "q" : "3.0",
      "p" : "0.38481",
      "s" : "buy",
      "i" : "WAL_USD",
      "m" : "4611686018428709937"
    }, {
      "d" : "1756461533025411634",
      "t" : 1756461533025,
      "tn" : 1756461533025411634,
      "q" : "3.0",
      "p" : "0.38476",
      "s" : "buy",
      "i" : "WAL_USD",
      "m" : "4611686018428709936"
    }, {
      "d" : "1756461493048699522",
      "t" : 1756461493048,
      "tn" : 1756461493048699522,
      "q" : "3.0",
      "p" : "0.38491",
      "s" : "buy",
      "i" : "WAL_USD",
      "m" : "4611686018428709935"
    }, {
      "d" : "1756461492510499602",
      "t" : 1756461492510,
      "tn" : 1756461492510499602,
      "q" : "38.1",
      "p" : "0.38496",
      "s" : "sell",
      "i" : "WAL_USD",
      "m" : "4611686018428709934"
    }, {
      "d" : "1756461473590815445",
      "t" : 1756461473590,
      "tn" : 1756461473590815445,
      "q" : "3.0",
      "p" : "0.38511",
      "s" : "buy",
      "i" : "WAL_USD",
      "m" : "4611686018428709933"
    }, {
      "d" : "1756461421795478271",
      "t" : 1756461421795,
      "tn" : 1756461421795478271,
      "q" : "3.0",
      "p" : "0.38471",
      "s" : "buy",
      "i" : "WAL_USD",
      "m" : "4611686018428709932"
    }, {
      "d" : "1756461385578400289",
      "t" : 1756461385578,
      "tn" : 1756461385578400289,
      "q" : "3.0",
      "p" : "0.38481",
      "s" : "buy",
      "i" : "WAL_USD",
      "m" : "4611686018428709931"
    }, {
      "d" : "1756461385350788685",
      "t" : 1756461385350,
      "tn" : 1756461385350788685,
      "q" : "3.0",
      "p" : "0.38477",
      "s" : "buy",
      "i" : "WAL_USD",
      "m" : "4611686018428709930"
    }, {
      "d" : "1756461369608807128",
      "t" : 1756461369608,
      "tn" : 1756461369608807128,
      "q" : "3.0",
      "p" : "0.38501",
      "s" : "buy",
      "i" : "WAL_USD",
      "m" : "4611686018428709929"
    }, {
      "d" : "1756461363354963827",
      "t" : 1756461363354,
      "tn" : 1756461363354963827,
      "q" : "3.0",
      "p" : "0.38516",
      "s" : "buy",
      "i" : "WAL_USD",
      "m" : "4611686018428709928"
    }, {
      "d" : "1756461345233482554",
      "t" : 1756461345233,
      "tn" : 1756461345233482554,
      "q" : "3.0",
      "p" : "0.38501",
      "s" : "buy",
      "i" : "WAL_USD",
      "m" : "4611686018428709927"
    }, {
      "d" : "1756461310223548442",
      "t" : 1756461310223,
      "tn" : 1756461310223548442,
      "q" : "38.2",
      "p" : "0.38505",
      "s" : "sell",
      "i" : "WAL_USD",
      "m" : "4611686018428709926"
    }, {
      "d" : "1756461310207510176",
      "t" : 1756461310207,
      "tn" : 1756461310207510176,
      "q" : "3.0",
      "p" : "0.38510",
      "s" : "sell",
      "i" : "WAL_USD",
      "m" : "4611686018428709925"
    }, {
      "d" : "1756461300579096492",
      "t" : 1756461300579,
      "tn" : 1756461300579096492,
      "q" : "3.0",
      "p" : "0.38511",
      "s" : "buy",
      "i" : "WAL_USD",
      "m" : "4611686018428709924"
    }, {
      "d" : "1756461299860627397",
      "t" : 1756461299860,
      "tn" : 1756461299860627397,
      "q" : "3.0",
      "p" : "0.38521",
      "s" : "buy",
      "i" : "WAL_USD",
      "m" : "4611686018428709923"
    }, {
      "d" : "1756461299770604966",
      "t" : 1756461299770,
      "tn" : 1756461299770604966,
      "q" : "3.0",
      "p" : "0.38516",
      "s" : "buy",
      "i" : "WAL_USD",
      "m" : "4611686018428709922"
    }, {
      "d" : "1756461268029659201",
      "t" : 1756461268029,
      "tn" : 1756461268029659201,
      "q" : "3.0",
      "p" : "0.38501",
      "s" : "buy",
      "i" : "WAL_USD",
      "m" : "4611686018428709921"
    }, {
      "d" : "1756461261871883371",
      "t" : 1756461261871,
      "tn" : 1756461261871883371,
      "q" : "3.0",
      "p" : "0.38496",
      "s" : "buy",
      "i" : "WAL_USD",
      "m" : "4611686018428709920"
    }, {
      "d" : "1756461257725420431",
      "t" : 1756461257725,
      "tn" : 1756461257725420431,
      "q" : "3.0",
      "p" : "0.38491",
      "s" : "buy",
      "i" : "WAL_USD",
      "m" : "4611686018428709919"
    }, {
      "d" : "1756461255700460052",
      "t" : 1756461255700,
      "tn" : 1756461255700460052,
      "q" : "3.0",
      "p" : "0.38496",
      "s" : "buy",
      "i" : "WAL_USD",
      "m" : "4611686018428709918"
    }, {
      "d" : "1756461255413560743",
      "t" : 1756461255413,
      "tn" : 1756461255413560743,
      "q" : "3.0",
      "p" : "0.38491",
      "s" : "buy",
      "i" : "WAL_USD",
      "m" : "4611686018428709917"
    }, {
      "d" : "1756461193731389945",
      "t" : 1756461193731,
      "tn" : 1756461193731389945,
      "q" : "3.0",
      "p" : "0.38481",
      "s" : "buy",
      "i" : "WAL_USD",
      "m" : "4611686018428709916"
    }, {
      "d" : "1756461192535046541",
      "t" : 1756461192535,
      "tn" : 1756461192535046541,
      "q" : "3.0",
      "p" : "0.38476",
      "s" : "buy",
      "i" : "WAL_USD",
      "m" : "4611686018428709915"
    }, {
      "d" : "1756461187458109600",
      "t" : 1756461187458,
      "tn" : 1756461187458109600,
      "q" : "3.0",
      "p" : "0.38521",
      "s" : "buy",
      "i" : "WAL_USD",
      "m" : "4611686018428709914"
    }, {
      "d" : "1756461187296446957",
      "t" : 1756461187296,
      "tn" : 1756461187296446957,
      "q" : "3.0",
      "p" : "0.38516",
      "s" : "buy",
      "i" : "WAL_USD",
      "m" : "4611686018428709913"
    }, {
      "d" : "1756461182912971491",
      "t" : 1756461182912,
      "tn" : 1756461182912971491,
      "q" : "3.0",
      "p" : "0.38506",
      "s" : "buy",
      "i" : "WAL_USD",
      "m" : "4611686018428709912"
    }, {
      "d" : "1756461182907170528",
      "t" : 1756461182907,
      "tn" : 1756461182907170528,
      "q" : "3.0",
      "p" : "0.38506",
      "s" : "buy",
      "i" : "WAL_USD",
      "m" : "4611686018428709911"
    }, {
      "d" : "1756461179851154455",
      "t" : 1756461179851,
      "tn" : 1756461179851154455,
      "q" : "3.0",
      "p" : "0.38496",
      "s" : "buy",
      "i" : "WAL_USD",
      "m" : "4611686018428709910"
    }, {
      "d" : "1756461178203807943",
      "t" : 1756461178203,
      "tn" : 1756461178203807943,
      "q" : "3.0",
      "p" : "0.38491",
      "s" : "buy",
      "i" : "WAL_USD",
      "m" : "4611686018428709909"
    }, {
      "d" : "1756461177700182445",
      "t" : 1756461177700,
      "tn" : 1756461177700182445,
      "q" : "3.0",
      "p" : "0.38486",
      "s" : "buy",
      "i" : "WAL_USD",
      "m" : "4611686018428709908"
    }, {
      "d" : "1756461159499264513",
      "t" : 1756461159499,
      "tn" : 1756461159499264513,
      "q" : "3.0",
      "p" : "0.38491",
      "s" : "buy",
      "i" : "WAL_USD",
      "m" : "4611686018428709907"
    }, {
      "d" : "1756461119602924061",
      "t" : 1756461119602,
      "tn" : 1756461119602924061,
      "q" : "3.0",
      "p" : "0.38521",
      "s" : "buy",
      "i" : "WAL_USD",
      "m" : "4611686018428709906"
    }, {
      "d" : "1756461115637145573",
      "t" : 1756461115637,
      "tn" : 1756461115637145573,
      "q" : "3.0",
      "p" : "0.38516",
      "s" : "buy",
      "i" : "WAL_USD",
      "m" : "4611686018428709905"
    }, {
      "d" : "1756461115601761007",
      "t" : 1756461115601,
      "tn" : 1756461115601761007,
      "q" : "3.0",
      "p" : "0.38514",
      "s" : "buy",
      "i" : "WAL_USD",
      "m" : "4611686018428709904"
    }, {
      "d" : "1756461111901659875",
      "t" : 1756461111901,
      "tn" : 1756461111901659875,
      "q" : "3.0",
      "p" : "0.38530",
      "s" : "sell",
      "i" : "WAL_USD",
      "m" : "4611686018428709903"
    }, {
      "d" : "1756461111896613786",
      "t" : 1756461111896,
      "tn" : 1756461111896613786,
      "q" : "38.1",
      "p" : "0.38536",
      "s" : "sell",
      "i" : "WAL_USD",
      "m" : "4611686018428709902"
    }, {
      "d" : "1756461090539440085",
      "t" : 1756461090539,
      "tn" : 1756461090539440085,
      "q" : "3.0",
      "p" : "0.38541",
      "s" : "buy",
      "i" : "WAL_USD",
      "m" : "4611686018428709901"
    }, {
      "d" : "1756461069468766219",
      "t" : 1756461069468,
      "tn" : 1756461069468766219,
      "q" : "3.0",
      "p" : "0.38551",
      "s" : "buy",
      "i" : "WAL_USD",
      "m" : "4611686018428709900"
    }, {
      "d" : "1756461026231408217",
      "t" : 1756461026231,
      "tn" : 1756461026231408217,
      "q" : "3.0",
      "p" : "0.38550",
      "s" : "sell",
      "i" : "WAL_USD",
      "m" : "4611686018428709899"
    }, {
      "d" : "1756461013446589684",
      "t" : 1756461013446,
      "tn" : 1756461013446589684,
      "q" : "3.0",
      "p" : "0.38560",
      "s" : "sell",
      "i" : "WAL_USD",
      "m" : "4611686018428709898"
    }, {
      "d" : "1756461013436547053",
      "t" : 1756461013436,
      "tn" : 1756461013436547052,
      "q" : "3.0",
      "p" : "0.38560",
      "s" : "sell",
      "i" : "WAL_USD",
      "m" : "4611686018428709897"
    }, {
      "d" : "1756461013436547052",
      "t" : 1756461013436,
      "tn" : 1756461013436547052,
      "q" : "38.3",
      "p" : "0.38560",
      "s" : "sell",
      "i" : "WAL_USD",
      "m" : "4611686018428709897"
    }, {
      "d" : "1756460996962790350",
      "t" : 1756460996962,
      "tn" : 1756460996962790350,
      "q" : "3.0",
      "p" : "0.38590",
      "s" : "sell",
      "i" : "WAL_USD",
      "m" : "4611686018428709896"
    }, {
      "d" : "1756460836051063178",
      "t" : 1756460836051,
      "tn" : 1756460836051063178,
      "q" : "15.6",
      "p" : "0.38526",
      "s" : "buy",
      "i" : "WAL_USD",
      "m" : "4611686018428709895"
    }, {
      "d" : "1756460836041738087",
      "t" : 1756460836041,
      "tn" : 1756460836041738087,
      "q" : "3.0",
      "p" : "0.38516",
      "s" : "buy",
      "i" : "WAL_USD",
      "m" : "4611686018428709894"
    }, {
      "d" : "1756460835964672300",
      "t" : 1756460835964,
      "tn" : 1756460835964672300,
      "q" : "38.8",
      "p" : "0.38525",
      "s" : "buy",
      "i" : "WAL_USD",
      "m" : "4611686018428709893"
    }, {
      "d" : "1756460835959660667",
      "t" : 1756460835959,
      "tn" : 1756460835959660667,
      "q" : "3.0",
      "p" : "0.38511",
      "s" : "buy",
      "i" : "WAL_USD",
      "m" : "4611686018428709892"
    }, {
      "d" : "1756460813409494271",
      "t" : 1756460813409,
      "tn" : 1756460813409494271,
      "q" : "3.0",
      "p" : "0.38495",
      "s" : "sell",
      "i" : "WAL_USD",
      "m" : "4611686018428709891"
    }, {
      "d" : "1756460808319401521",
      "t" : 1756460808319,
      "tn" : 1756460808319401521,
      "q" : "39.4",
      "p" : "0.38487",
      "s" : "sell",
      "i" : "WAL_USD",
      "m" : "4611686018428709890"
    }, {
      "d" : "1756460808319399387",
      "t" : 1756460808319,
      "tn" : 1756460808319399387,
      "q" : "3.0",
      "p" : "0.38490",
      "s" : "sell",
      "i" : "WAL_USD",
      "m" : "4611686018428709889"
    }, {
      "d" : "1756460804534132447",
      "t" : 1756460804534,
      "tn" : 1756460804534132447,
      "q" : "3.0",
      "p" : "0.38520",
      "s" : "sell",
      "i" : "WAL_USD",
      "m" : "4611686018428709888"
    }, {
      "d" : "1756460779214854957",
      "t" : 1756460779214,
      "tn" : 1756460779214854957,
      "q" : "3.0",
      "p" : "0.38540",
      "s" : "sell",
      "i" : "WAL_USD",
      "m" : "4611686018428709887"
    }, {
      "d" : "1756460778002022950",
      "t" : 1756460778002,
      "tn" : 1756460778002022950,
      "q" : "3.0",
      "p" : "0.38516",
      "s" : "buy",
      "i" : "WAL_USD",
      "m" : "4611686018428709886"
    }, {
      "d" : "1756460777932290256",
      "t" : 1756460777932,
      "tn" : 1756460777932290256,
      "q" : "3.0",
      "p" : "0.38506",
      "s" : "buy",
      "i" : "WAL_USD",
      "m" : "4611686018428709885"
    }, {
      "d" : "1756460777861965523",
      "t" : 1756460777861,
      "tn" : 1756460777861965523,
      "q" : "38.5",
      "p" : "0.38508",
      "s" : "buy",
      "i" : "WAL_USD",
      "m" : "4611686018428709884"
    }, {
      "d" : "1756460767868621690",
      "t" : 1756460767868,
      "tn" : 1756460767868621690,
      "q" : "3.0",
      "p" : "0.38500",
      "s" : "sell",
      "i" : "WAL_USD",
      "m" : "4611686018428709883"
    }, {
      "d" : "1756460762289245605",
      "t" : 1756460762289,
      "tn" : 1756460762289245605,
      "q" : "3.0",
      "p" : "0.38510",
      "s" : "sell",
      "i" : "WAL_USD",
      "m" : "4611686018428709882"
    }, {
      "d" : "1756460761786520081",
      "t" : 1756460761786,
      "tn" : 1756460761786520081,
      "q" : "3.0",
      "p" : "0.38510",
      "s" : "sell",
      "i" : "WAL_USD",
      "m" : "4611686018428709881"
    }, {
      "d" : "1756460761376658361",
      "t" : 1756460761376,
      "tn" : 1756460761376658361,
      "q" : "3.0",
      "p" : "0.38510",
      "s" : "sell",
      "i" : "WAL_USD",
      "m" : "4611686018428709880"
    }, {
      "d" : "1756460727335970232",
      "t" : 1756460727335,
      "tn" : 1756460727335970232,
      "q" : "3.0",
      "p" : "0.38460",
      "s" : "sell",
      "i" : "WAL_USD",
      "m" : "4611686018428709879"
    } ]
  }
}