{
  "id" : -1,
  "method" : "public/get-trades",
  "code" : 0,
  "result" : {
    "data" : [ {
      "d" : "1756450958633984804",
      "t" : 1756450958633,
      "tn" : 1756450958633984804,
      "q" : "2066",
      "p" : "0.020299",
      "s" : "buy",
      "i" : "WAXP_USD",
      "m" : "4611686018430079596"
    }, {
      "d" : "1756450934226254533",
      "t" : 1756450934226,
      "tn" : 1756450934226254533,
      "q" : "6681",
      "p" : "0.020295",
      "s" : "sell",
      "i" : "WAXP_USD",
      "m" : "4611686018430079595"
    }, {
      "d" : "1756449631826599108",
      "t" : 1756449631826,
      "tn" : 1756449631826599108,
      "q" : "6665",
      "p" : "0.020282",
      "s" : "buy",
      "i" : "WAXP_USD",
      "m" : "4611686018430079594"
    }, {
      "d" : "1756449631825102206",
      "t" : 1756449631825,
      "tn" : 1756449631825102206,
      "q" : "2922",
      "p" : "0.020282",
      "s" : "sell",
      "i" : "WAXP_USD",
      "m" : "4611686018430079593"
    }, {
      "d" : "1756437254528607026",
      "t" : 1756437254528,
      "tn" : 1756437254528607026,
      "q" : "2273",
      "p" : "0.020792",
      "s" : "buy",
      "i" : "WAXP_USD",
      "m" : "4611686018430079592"
    }, {
      "d" : "1756434600218033918",
      "t" : 1756434600218,
      "tn" : 1756434600218033918,
      "q" : "1702",
      "p" : "0.020771",
      "s" : "buy",
      "i" : "WAXP_USD",
      "m" : "4611686018430079591"
    }, {
      "d" : "1756434597006564352",
      "t" : 1756434597006,
      "tn" : 1756434597006564352,
      "q" : "2923",
      "p" : "0.020748",
      "s" : "buy",
      "i" : "WAXP_USD",
      "m" : "4611686018430079590"
    }, {
      "d" : "1756433225053878358",
      "t" : 1756433225053,
      "tn" : 1756433225053878358,
      "q" : "6778",
      "p" : "0.020575",
      "s" : "sell",
      "i" : "WAXP_USD",
      "m" : "4611686018430079589"
    }, {
      "d" : "1756433225053874863",
      "t" : 1756433225053,
      "tn" : 1756433225053874863,
      "q" : "2922",
      "p" : "0.020593",
      "s" : "sell",
      "i" : "WAXP_USD",
      "m" : "4611686018430079588"
    }, {
      "d" : "1756431958675472994",
      "t" : 1756431958675,
      "tn" : 1756431958675472994,
      "q" : "2097",
      "p" : "0.020670",
      "s" : "buy",
      "i" : "WAXP_USD",
      "m" : "4611686018430079587"
    }, {
      "d" : "1756431584298482269",
      "t" : 1756431584298,
      "tn" : 1756431584298482269,
      "q" : "13623",
      "p" : "0.020660",
      "s" : "buy",
      "i" : "WAXP_USD",
      "m" : "4611686018430079586"
    }, {
      "d" : "1756431581396776219",
      "t" : 1756431581396,
      "tn" : 1756431581396776219,
      "q" : "421",
      "p" : "0.020655",
      "s" : "sell",
      "i" : "WAXP_USD",
      "m" : "4611686018430079585"
    }, {
      "d" : "1756431581396769472",
      "t" : 1756431581396,
      "tn" : 1756431581396769472,
      "q" : "14524",
      "p" : "0.020655",
      "s" : "sell",
      "i" : "WAXP_USD",
      "m" : "4611686018430079584"
    }, {
      "d" : "1756431581396421155",
      "t" : 1756431581396,
      "tn" : 1756431581396421155,
      "q" : "26629",
      "p" : "0.020655",
      "s" : "sell",
      "i" : "WAXP_USD",
      "m" : "4611686018430079583"
    }, {
      "d" : "1756431581388315419",
      "t" : 1756431581388,
      "tn" : 1756431581388315419,
      "q" : "8108",
      "p" : "0.020655",
      "s" : "buy",
      "i" : "WAXP_USD",
      "m" : "4611686018430079582"
    }, {
      "d" : "1756431581165667346",
      "t" : 1756431581165,
      "tn" : 1756431581165667346,
      "q" : "20026",
      "p" : "0.020628",
      "s" : "sell",
      "i" : "WAXP_USD",
      "m" : "4611686018430079581"
    }, {
      "d" : "1756431581155743463",
      "t" : 1756431581155,
      "tn" : 1756431581155743463,
      "q" : "12368",
      "p" : "0.020628",
      "s" : "sell",
      "i" : "WAXP_USD",
      "m" : "4611686018430079580"
    }, {
      "d" : "1756431581153934688",
      "t" : 1756431581153,
      "tn" : 1756431581153934688,
      "q" : "14366",
      "p" : "0.020628",
      "s" : "sell",
      "i" : "WAXP_USD",
      "m" : "4611686018430079579"
    }, {
      "d" : "1756431581148704675",
      "t" : 1756431581148,
      "tn" : 1756431581148704675,
      "q" : "2922",
      "p" : "0.020628",
      "s" : "buy",
      "i" : "WAXP_USD",
      "m" : "4611686018430079578"
    }, {
      "d" : "1756423504628909965",
      "t" : 1756423504628,
      "tn" : 1756423504628909965,
      "q" : "5171",
      "p" : "0.020690",
      "s" : "buy",
      "i" : "WAXP_USD",
      "m" : "4611686018430079577"
    }, {
      "d" : "1756423504621249672",
      "t" : 1756423504621,
      "tn" : 1756423504621249672,
      "q" : "2922",
      "p" : "0.020690",
      "s" : "sell",
      "i" : "WAXP_USD",
      "m" : "4611686018430079576"
    }, {
      "d" : "1756420893715389238",
      "t" : 1756420893715,
      "tn" : 1756420893715389238,
      "q" : "3759",
      "p" : "0.020743",
      "s" : "sell",
      "i" : "WAXP_USD",
      "m" : "4611686018430079575"
    }, {
      "d" : "1756420893709448253",
      "t" : 1756420893709,
      "tn" : 1756420893709448253,
      "q" : "733",
      "p" : "0.020743",
      "s" : "buy",
      "i" : "WAXP_USD",
      "m" : "4611686018430079574"
    }, {
      "d" : "1756420881640596169",
      "t" : 1756420881640,
      "tn" : 1756420881640596169,
      "q" : "2189",
      "p" : "0.020729",
      "s" : "buy",
      "i" : "WAXP_USD",
      "m" : "4611686018430079573"
    }, {
      "d" : "1756419146526268792",
      "t" : 1756419146526,
      "tn" : 1756419146526268792,
      "q" : "15497",
      "p" : "0.020546",
      "s" : "buy",
      "i" : "WAXP_USD",
      "m" : "4611686018430079572"
    }, {
      "d" : "1756419146525134794",
      "t" : 1756419146525,
      "tn" : 1756419146525134794,
      "q" : "2922",
      "p" : "0.020546",
      "s" : "sell",
      "i" : "WAXP_USD",
      "m" : "4611686018430079571"
    }, {
      "d" : "1756418764557686728",
      "t" : 1756418764557,
      "tn" : 1756418764557686728,
      "q" : "2237",
      "p" : "0.020596",
      "s" : "buy",
      "i" : "WAXP_USD",
      "m" : "4611686018430079570"
    }, {
      "d" : "1756409146441867662",
      "t" : 1756409146441,
      "tn" : 1756409146441867662,
      "q" : "1225",
      "p" : "0.020558",
      "s" : "buy",
      "i" : "WAXP_USD",
      "m" : "4611686018430079569"
    }, {
      "d" : "1756405694544187954",
      "t" : 1756405694544,
      "tn" : 1756405694544187954,
      "q" : "6369",
      "p" : "0.020540",
      "s" : "sell",
      "i" : "WAXP_USD",
      "m" : "4611686018430079568"
    }, {
      "d" : "1756405694537752223",
      "t" : 1756405694537,
      "tn" : 1756405694537752223,
      "q" : "2922",
      "p" : "0.020540",
      "s" : "buy",
      "i" : "WAXP_USD",
      "m" : "4611686018430079567"
    }, {
      "d" : "1756404930680538563",
      "t" : 1756404930680,
      "tn" : 1756404930680538563,
      "q" : "13452",
      "p" : "0.020390",
      "s" : "buy",
      "i" : "WAXP_USD",
      "m" : "4611686018430079566"
    }, {
      "d" : "1756404930676906752",
      "t" : 1756404930676,
      "tn" : 1756404930676906752,
      "q" : "1318",
      "p" : "0.020390",
      "s" : "sell",
      "i" : "WAXP_USD",
      "m" : "4611686018430079565"
    }, {
      "d" : "1756401661888814392",
      "t" : 1756401661888,
      "tn" : 1756401661888814392,
      "q" : "1318",
      "p" : "0.020405",
      "s" : "buy",
      "i" : "WAXP_USD",
      "m" : "4611686018430079564"
    }, {
      "d" : "1756400626438353182",
      "t" : 1756400626438,
      "tn" : 1756400626438353182,
      "q" : "2439",
      "p" : "0.020362",
      "s" : "sell",
      "i" : "WAXP_USD",
      "m" : "4611686018430079563"
    }, {
      "d" : "1756400599537128783",
      "t" : 1756400599537,
      "tn" : 1756400599537128783,
      "q" : "6271",
      "p" : "0.020364",
      "s" : "buy",
      "i" : "WAXP_USD",
      "m" : "4611686018430079562"
    }, {
      "d" : "1756400599531147691",
      "t" : 1756400599531,
      "tn" : 1756400599531147691,
      "q" : "2352",
      "p" : "0.020364",
      "s" : "sell",
      "i" : "WAXP_USD",
      "m" : "4611686018430079561"
    }, {
      "d" : "1756397810869028289",
      "t" : 1756397810869,
      "tn" : 1756397810869028289,
      "q" : "18492",
      "p" : "0.020610",
      "s" : "sell",
      "i" : "WAXP_USD",
      "m" : "4611686018430079560"
    }, {
      "d" : "1756397810869026370",
      "t" : 1756397810869,
      "tn" : 1756397810869026370,
      "q" : "17531",
      "p" : "0.020611",
      "s" : "sell",
      "i" : "WAXP_USD",
      "m" : "4611686018430079559"
    }, {
      "d" : "1756397810869023569",
      "t" : 1756397810869,
      "tn" : 1756397810869023569,
      "q" : "7276",
      "p" : "0.020614",
      "s" : "sell",
      "i" : "WAXP_USD",
      "m" : "4611686018430079558"
    }, {
      "d" : "1756395432327997935",
      "t" : 1756395432327,
      "tn" : 1756395432327997935,
      "q" : "1942",
      "p" : "0.020621",
      "s" : "sell",
      "i" : "WAXP_USD",
      "m" : "4611686018430079557"
    }, {
      "d" : "1756394502454134516",
      "t" : 1756394502454,
      "tn" : 1756394502454134516,
      "q" : "2922",
      "p" : "0.020717",
      "s" : "sell",
      "i" : "WAXP_USD",
      "m" : "4611686018430079556"
    }, {
      "d" : "1756391980260863971",
      "t" : 1756391980260,
      "tn" : 1756391980260863971,
      "q" : "62",
      "p" : "0.020719",
      "s" : "sell",
      "i" : "WAXP_USD",
      "m" : "4611686018430079555"
    }, {
      "d" : "1756391980254939605",
      "t" : 1756391980254,
      "tn" : 1756391980254939605,
      "q" : "2840",
      "p" : "0.020719",
      "s" : "buy",
      "i" : "WAXP_USD",
      "m" : "4611686018430079554"
    }, {
      "d" : "1756389950101160670",
      "t" : 1756389950101,
      "tn" : 1756389950101160670,
      "q" : "1015",
      "p" : "0.020565",
      "s" : "buy",
      "i" : "WAXP_USD",
      "m" : "4611686018430079553"
    }, {
      "d" : "1756389942159060953",
      "t" : 1756389942159,
      "tn" : 1756389942159060953,
      "q" : "2922",
      "p" : "0.020564",
      "s" : "buy",
      "i" : "WAXP_USD",
      "m" : "4611686018430079552"
    }, {
      "d" : "1756388139210977637",
      "t" : 1756388139210,
      "tn" : 1756388139210977637,
      "q" : "2922",
      "p" : "0.020471",
      "s" : "sell",
      "i" : "WAXP_USD",
      "m" : "4611686018430079551"
    }, {
      "d" : "1756387231612382276",
      "t" : 1756387231612,
      "tn" : 1756387231612382276,
      "q" : "2432",
      "p" : "0.020555",
      "s" : "sell",
      "i" : "WAXP_USD",
      "m" : "4611686018430079550"
    }, {
      "d" : "1756387231611956883",
      "t" : 1756387231611,
      "tn" : 1756387231611956883,
      "q" : "8297",
      "p" : "0.020555",
      "s" : "sell",
      "i" : "WAXP_USD",
      "m" : "4611686018430079549"
    }, {
      "d" : "1756387231607705959",
      "t" : 1756387231607,
      "tn" : 1756387231607705958,
      "q" : "5149",
      "p" : "0.020555",
      "s" : "buy",
      "i" : "WAXP_USD",
      "m" : "4611686018430079548"
    }, {
      "d" : "1756387231607705958",
      "t" : 1756387231607,
      "tn" : 1756387231607705958,
      "q" : "188",
      "p" : "0.020555",
      "s" : "buy",
      "i" : "WAXP_USD",
      "m" : "4611686018430079548"
    }, {
      "d" : "1756386183839548329",
      "t" : 1756386183839,
      "tn" : 1756386183839548329,
      "q" : "2734",
      "p" : "0.020491",
      "s" : "buy",
      "i" : "WAXP_USD",
      "m" : "4611686018430079547"
    }, {
      "d" : "1756384654413389907",
      "t" : 1756384654413,
      "tn" : 1756384654413389907,
      "q" : "5148",
      "p" : "0.020412",
      "s" : "sell",
      "i" : "WAXP_USD",
      "m" : "4611686018430079546"
    }, {
      "d" : "1756384230950138788",
      "t" : 1756384230950,
      "tn" : 1756384230950138788,
      "q" : "1430",
      "p" : "0.020496",
      "s" : "sell",
      "i" : "WAXP_USD",
      "m" : "4611686018430079545"
    }, {
      "d" : "1756383022556242221",
      "t" : 1756383022556,
      "tn" : 1756383022556242221,
      "q" : "1430",
      "p" : "0.020505",
      "s" : "buy",
      "i" : "WAXP_USD",
      "m" : "4611686018430079544"
    }, {
      "d" : "1756383022556240807",
      "t" : 1756383022556,
      "tn" : 1756383022556240807,
      "q" : "8456",
      "p" : "0.020504",
      "s" : "buy",
      "i" : "WAXP_USD",
      "m" : "4611686018430079543"
    } ]
  }
}