{
  "id" : -1,
  "method" : "public/get-trades",
  "code" : 0,
  "result" : {
    "data" : [ {
      "d" : "1756455653025809665",
      "t" : 1756455653025,
      "tn" : 1756455653025809665,
      "q" : "0.000099",
      "p" : "110054.52",
      "s" : "sell",
      "i" : "WBTC_USD",
      "m" : "4611686018430324569"
    }, {
      "d" : "1756438769836901736",
      "t" : 1756438769836,
      "tn" : 1756438769836901736,
      "q" : "0.006250",
      "p" : "111742.36",
      "s" : "sell",
      "i" : "WBTC_USD",
      "m" : "4611686018430324568"
    }, {
      "d" : "1756438769639610411",
      "t" : 1756438769639,
      "tn" : 1756438769639610411,
      "q" : "0.004126",
      "p" : "111736.95",
      "s" : "sell",
      "i" : "WBTC_USD",
      "m" : "4611686018430324567"
    }, {
      "d" : "1756438769638418053",
      "t" : 1756438769638,
      "tn" : 1756438769638418053,
      "q" : "0.002118",
      "p" : "111736.95",
      "s" : "sell",
      "i" : "WBTC_USD",
      "m" : "4611686018430324566"
    }, {
      "d" : "1756438398839976023",
      "t" : 1756438398839,
      "tn" : 1756438398839976023,
      "q" : "0.004130",
      "p" : "111560.26",
      "s" : "sell",
      "i" : "WBTC_USD",
      "m" : "4611686018430324565"
    }, {
      "d" : "1756438398838060432",
      "t" : 1756438398838,
      "tn" : 1756438398838060432,
      "q" : "0.002113",
      "p" : "111560.26",
      "s" : "sell",
      "i" : "WBTC_USD",
      "m" : "4611686018430324564"
    }, {
      "d" : "1756438398243359696",
      "t" : 1756438398243,
      "tn" : 1756438398243359696,
      "q" : "0.004136",
      "p" : "111559.12",
      "s" : "sell",
      "i" : "WBTC_USD",
      "m" : "4611686018430324563"
    }, {
      "d" : "1756438398242337338",
      "t" : 1756438398242,
      "tn" : 1756438398242337338,
      "q" : "0.002107",
      "p" : "111559.12",
      "s" : "sell",
      "i" : "WBTC_USD",
      "m" : "4611686018430324562"
    }, {
      "d" : "1756438397265049078",
      "t" : 1756438397265,
      "tn" : 1756438397265049078,
      "q" : "0.004675",
      "p" : "111582.35",
      "s" : "sell",
      "i" : "WBTC_USD",
      "m" : "4611686018430324561"
    }, {
      "d" : "1756438247842247838",
      "t" : 1756438247842,
      "tn" : 1756438247842247838,
      "q" : "0.004141",
      "p" : "111606.91",
      "s" : "sell",
      "i" : "WBTC_USD",
      "m" : "4611686018430324560"
    }, {
      "d" : "1756438247840208251",
      "t" : 1756438247840,
      "tn" : 1756438247840208251,
      "q" : "0.002102",
      "p" : "111606.91",
      "s" : "sell",
      "i" : "WBTC_USD",
      "m" : "4611686018430324559"
    }, {
      "d" : "1756437971987237944",
      "t" : 1756437971987,
      "tn" : 1756437971987237944,
      "q" : "0.004146",
      "p" : "111583.61",
      "s" : "sell",
      "i" : "WBTC_USD",
      "m" : "4611686018430324558"
    }, {
      "d" : "1756437971985305228",
      "t" : 1756437971985,
      "tn" : 1756437971985305228,
      "q" : "0.002096",
      "p" : "111583.61",
      "s" : "sell",
      "i" : "WBTC_USD",
      "m" : "4611686018430324557"
    }, {
      "d" : "1756425640600496228",
      "t" : 1756425640600,
      "tn" : 1756425640600496228,
      "q" : "0.000017",
      "p" : "112375.05",
      "s" : "sell",
      "i" : "WBTC_USD",
      "m" : "4611686018430324556"
    }, {
      "d" : "1756414004909049503",
      "t" : 1756414004909,
      "tn" : 1756414004909049503,
      "q" : "0.000848",
      "p" : "111996.27",
      "s" : "sell",
      "i" : "WBTC_USD",
      "m" : "4611686018430324555"
    }, {
      "d" : "1756413480343068323",
      "t" : 1756413480343,
      "tn" : 1756413480343068323,
      "q" : "0.004153",
      "p" : "111894.28",
      "s" : "sell",
      "i" : "WBTC_USD",
      "m" : "4611686018430324554"
    }, {
      "d" : "1756413480341154568",
      "t" : 1756413480341,
      "tn" : 1756413480341154568,
      "q" : "0.002089",
      "p" : "111894.28",
      "s" : "sell",
      "i" : "WBTC_USD",
      "m" : "4611686018430324553"
    }, {
      "d" : "1756412750845615378",
      "t" : 1756412750845,
      "tn" : 1756412750845615378,
      "q" : "0.016905",
      "p" : "111950.00",
      "s" : "buy",
      "i" : "WBTC_USD",
      "m" : "4611686018430324552"
    }, {
      "d" : "1756412681737662552",
      "t" : 1756412681737,
      "tn" : 1756412681737662552,
      "q" : "0.004460",
      "p" : "111968.61",
      "s" : "sell",
      "i" : "WBTC_USD",
      "m" : "4611686018430324551"
    }, {
      "d" : "1756412681737660067",
      "t" : 1756412681737,
      "tn" : 1756412681737660067,
      "q" : "0.001324",
      "p" : "111995.56",
      "s" : "sell",
      "i" : "WBTC_USD",
      "m" : "4611686018430324550"
    }, {
      "d" : "1756412681737657510",
      "t" : 1756412681737,
      "tn" : 1756412681737657510,
      "q" : "0.006250",
      "p" : "112033.39",
      "s" : "sell",
      "i" : "WBTC_USD",
      "m" : "4611686018430324549"
    }, {
      "d" : "1756412442114881439",
      "t" : 1756412442114,
      "tn" : 1756412442114881439,
      "q" : "0.111875",
      "p" : "111950.00",
      "s" : "buy",
      "i" : "WBTC_USD",
      "m" : "4611686018430324548"
    }, {
      "d" : "1756412441462575037",
      "t" : 1756412441462,
      "tn" : 1756412441462575037,
      "q" : "0.044600",
      "p" : "111950.00",
      "s" : "buy",
      "i" : "WBTC_USD",
      "m" : "4611686018430324547"
    }, {
      "d" : "1756412436036756136",
      "t" : 1756412436036,
      "tn" : 1756412436036756136,
      "q" : "0.000078",
      "p" : "111950.00",
      "s" : "buy",
      "i" : "WBTC_USD",
      "m" : "4611686018430324546"
    }, {
      "d" : "1756412435661122565",
      "t" : 1756412435661,
      "tn" : 1756412435661122565,
      "q" : "0.000024",
      "p" : "111950.00",
      "s" : "buy",
      "i" : "WBTC_USD",
      "m" : "4611686018430324545"
    }, {
      "d" : "1756412435132718824",
      "t" : 1756412435132,
      "tn" : 1756412435132718824,
      "q" : "0.000053",
      "p" : "111950.00",
      "s" : "buy",
      "i" : "WBTC_USD",
      "m" : "4611686018430324544"
    }, {
      "d" : "1756412434792659374",
      "t" : 1756412434792,
      "tn" : 1756412434792659374,
      "q" : "0.000033",
      "p" : "111950.00",
      "s" : "buy",
      "i" : "WBTC_USD",
      "m" : "4611686018430324543"
    }, {
      "d" : "1756412434048922426",
      "t" : 1756412434048,
      "tn" : 1756412434048922426,
      "q" : "0.000038",
      "p" : "111950.00",
      "s" : "buy",
      "i" : "WBTC_USD",
      "m" : "4611686018430324542"
    }, {
      "d" : "1756412434046196394",
      "t" : 1756412434046,
      "tn" : 1756412434046196394,
      "q" : "0.000081",
      "p" : "111950.00",
      "s" : "buy",
      "i" : "WBTC_USD",
      "m" : "4611686018430324541"
    }, {
      "d" : "1756412367805890217",
      "t" : 1756412367805,
      "tn" : 1756412367805890217,
      "q" : "0.000026",
      "p" : "111950.00",
      "s" : "buy",
      "i" : "WBTC_USD",
      "m" : "4611686018430324540"
    }, {
      "d" : "1756412367013948597",
      "t" : 1756412367013,
      "tn" : 1756412367013948597,
      "q" : "0.000027",
      "p" : "111950.00",
      "s" : "buy",
      "i" : "WBTC_USD",
      "m" : "4611686018430324539"
    }, {
      "d" : "1756412366975977968",
      "t" : 1756412366975,
      "tn" : 1756412366975977968,
      "q" : "0.000038",
      "p" : "111950.00",
      "s" : "buy",
      "i" : "WBTC_USD",
      "m" : "4611686018430324538"
    }, {
      "d" : "1756412366947182981",
      "t" : 1756412366947,
      "tn" : 1756412366947182981,
      "q" : "0.000106",
      "p" : "111950.00",
      "s" : "buy",
      "i" : "WBTC_USD",
      "m" : "4611686018430324537"
    }, {
      "d" : "1756412366925187873",
      "t" : 1756412366925,
      "tn" : 1756412366925187873,
      "q" : "0.000087",
      "p" : "111950.00",
      "s" : "buy",
      "i" : "WBTC_USD",
      "m" : "4611686018430324536"
    }, {
      "d" : "1756412171533905241",
      "t" : 1756412171533,
      "tn" : 1756412171533905241,
      "q" : "0.000148",
      "p" : "111950.00",
      "s" : "buy",
      "i" : "WBTC_USD",
      "m" : "4611686018430324535"
    }, {
      "d" : "1756412157847819721",
      "t" : 1756412157847,
      "tn" : 1756412157847819721,
      "q" : "0.000043",
      "p" : "111950.00",
      "s" : "buy",
      "i" : "WBTC_USD",
      "m" : "4611686018430324534"
    }, {
      "d" : "1756412153239157535",
      "t" : 1756412153239,
      "tn" : 1756412153239157535,
      "q" : "0.000048",
      "p" : "111950.00",
      "s" : "buy",
      "i" : "WBTC_USD",
      "m" : "4611686018430324533"
    }, {
      "d" : "1756412152853594410",
      "t" : 1756412152853,
      "tn" : 1756412152853594410,
      "q" : "0.000035",
      "p" : "111950.00",
      "s" : "buy",
      "i" : "WBTC_USD",
      "m" : "4611686018430324532"
    }, {
      "d" : "1756412152852179981",
      "t" : 1756412152852,
      "tn" : 1756412152852179981,
      "q" : "0.000027",
      "p" : "111950.00",
      "s" : "buy",
      "i" : "WBTC_USD",
      "m" : "4611686018430324531"
    }, {
      "d" : "1756412069033432866",
      "t" : 1756412069033,
      "tn" : 1756412069033432866,
      "q" : "0.006284",
      "p" : "111950.00",
      "s" : "buy",
      "i" : "WBTC_USD",
      "m" : "4611686018430324530"
    }, {
      "d" : "1756412069030600781",
      "t" : 1756412069030,
      "tn" : 1756412069030600781,
      "q" : "0.006250",
      "p" : "111965.59",
      "s" : "sell",
      "i" : "WBTC_USD",
      "m" : "4611686018430324529"
    }, {
      "d" : "1756411295844933527",
      "t" : 1756411295844,
      "tn" : 1756411295844933527,
      "q" : "0.001442",
      "p" : "112015.12",
      "s" : "buy",
      "i" : "WBTC_USD",
      "m" : "4611686018430324528"
    }, {
      "d" : "1756411295842015593",
      "t" : 1756411295842,
      "tn" : 1756411295842015593,
      "q" : "0.000066",
      "p" : "112015.11",
      "s" : "buy",
      "i" : "WBTC_USD",
      "m" : "4611686018430324527"
    }, {
      "d" : "1756410183356706588",
      "t" : 1756410183356,
      "tn" : 1756410183356706588,
      "q" : "0.000285",
      "p" : "112140.87",
      "s" : "buy",
      "i" : "WBTC_USD",
      "m" : "4611686018430324526"
    }, {
      "d" : "1756409731539840335",
      "t" : 1756409731539,
      "tn" : 1756409731539840335,
      "q" : "0.000040",
      "p" : "112351.85",
      "s" : "buy",
      "i" : "WBTC_USD",
      "m" : "4611686018430324525"
    }, {
      "d" : "1756398493803042269",
      "t" : 1756398493803,
      "tn" : 1756398493803042269,
      "q" : "0.000048",
      "p" : "113089.43",
      "s" : "buy",
      "i" : "WBTC_USD",
      "m" : "4611686018430324524"
    }, {
      "d" : "1756398493803039943",
      "t" : 1756398493803,
      "tn" : 1756398493803039943,
      "q" : "0.000096",
      "p" : "113089.42",
      "s" : "buy",
      "i" : "WBTC_USD",
      "m" : "4611686018430324523"
    }, {
      "d" : "1756398491166207646",
      "t" : 1756398491166,
      "tn" : 1756398491166207646,
      "q" : "0.000133",
      "p" : "113089.43",
      "s" : "buy",
      "i" : "WBTC_USD",
      "m" : "4611686018430324522"
    }, {
      "d" : "1756398491166204722",
      "t" : 1756398491166,
      "tn" : 1756398491166204722,
      "q" : "0.000096",
      "p" : "113089.42",
      "s" : "buy",
      "i" : "WBTC_USD",
      "m" : "4611686018430324521"
    }, {
      "d" : "1756396918760229670",
      "t" : 1756396918760,
      "tn" : 1756396918760229670,
      "q" : "0.001324",
      "p" : "112668.88",
      "s" : "sell",
      "i" : "WBTC_USD",
      "m" : "4611686018430324520"
    }, {
      "d" : "1756396398435079647",
      "t" : 1756396398435,
      "tn" : 1756396398435079647,
      "q" : "0.000098",
      "p" : "112513.75",
      "s" : "buy",
      "i" : "WBTC_USD",
      "m" : "4611686018430324519"
    }, {
      "d" : "1756396398435077358",
      "t" : 1756396398435,
      "tn" : 1756396398435077358,
      "q" : "0.000097",
      "p" : "112513.74",
      "s" : "buy",
      "i" : "WBTC_USD",
      "m" : "4611686018430324518"
    }, {
      "d" : "1756394934949044912",
      "t" : 1756394934949,
      "tn" : 1756394934949044912,
      "q" : "0.000090",
      "p" : "112609.64",
      "s" : "buy",
      "i" : "WBTC_USD",
      "m" : "4611686018430324517"
    }, {
      "d" : "1756392376956990361",
      "t" : 1756392376956,
      "tn" : 1756392376956990361,
      "q" : "0.000109",
      "p" : "113064.99",
      "s" : "buy",
      "i" : "WBTC_USD",
      "m" : "4611686018430324516"
    }, {
      "d" : "1756392296552283714",
      "t" : 1756392296552,
      "tn" : 1756392296552283714,
      "q" : "0.001230",
      "p" : "112915.64",
      "s" : "sell",
      "i" : "WBTC_USD",
      "m" : "4611686018430324515"
    }, {
      "d" : "1756392296552279377",
      "t" : 1756392296552,
      "tn" : 1756392296552279377,
      "q" : "0.000011",
      "p" : "113101.58",
      "s" : "sell",
      "i" : "WBTC_USD",
      "m" : "4611686018430324514"
    }, {
      "d" : "1756391131400215952",
      "t" : 1756391131400,
      "tn" : 1756391131400215952,
      "q" : "0.000142",
      "p" : "112805.71",
      "s" : "buy",
      "i" : "WBTC_USD",
      "m" : "4611686018430324513"
    }, {
      "d" : "1756390228872556725",
      "t" : 1756390228872,
      "tn" : 1756390228872556725,
      "q" : "0.000114",
      "p" : "113094.30",
      "s" : "buy",
      "i" : "WBTC_USD",
      "m" : "4611686018430324512"
    }, {
      "d" : "1756389940635056657",
      "t" : 1756389940635,
      "tn" : 1756389940635056657,
      "q" : "0.000032",
      "p" : "113000.73",
      "s" : "buy",
      "i" : "WBTC_USD",
      "m" : "4611686018430324511"
    }, {
      "d" : "1756389761596094817",
      "t" : 1756389761596,
      "tn" : 1756389761596094817,
      "q" : "0.000050",
      "p" : "112976.89",
      "s" : "buy",
      "i" : "WBTC_USD",
      "m" : "4611686018430324510"
    }, {
      "d" : "1756389552416434245",
      "t" : 1756389552416,
      "tn" : 1756389552416434245,
      "q" : "0.005909",
      "p" : "113200.01",
      "s" : "sell",
      "i" : "WBTC_USD",
      "m" : "4611686018430324509"
    }, {
      "d" : "1756389552403900536",
      "t" : 1756389552403,
      "tn" : 1756389552403900536,
      "q" : "0.002522",
      "p" : "113200.01",
      "s" : "sell",
      "i" : "WBTC_USD",
      "m" : "4611686018430324508"
    }, {
      "d" : "1756389552398473649",
      "t" : 1756389552398,
      "tn" : 1756389552398473649,
      "q" : "0.001324",
      "p" : "112668.88",
      "s" : "sell",
      "i" : "WBTC_USD",
      "m" : "4611686018430324507"
    }, {
      "d" : "1756389552398471505",
      "t" : 1756389552398,
      "tn" : 1756389552398471505,
      "q" : "0.006250",
      "p" : "112670.63",
      "s" : "sell",
      "i" : "WBTC_USD",
      "m" : "4611686018430324506"
    }, {
      "d" : "1756389552398468991",
      "t" : 1756389552398,
      "tn" : 1756389552398468991,
      "q" : "0.010964",
      "p" : "113200.00",
      "s" : "sell",
      "i" : "WBTC_USD",
      "m" : "4611686018430324505"
    }, {
      "d" : "1756389552396032794",
      "t" : 1756389552396,
      "tn" : 1756389552396032794,
      "q" : "0.010103",
      "p" : "113200.00",
      "s" : "sell",
      "i" : "WBTC_USD",
      "m" : "4611686018430324504"
    }, {
      "d" : "1756389552388490493",
      "t" : 1756389552388,
      "tn" : 1756389552388490493,
      "q" : "0.001194",
      "p" : "113117.76",
      "s" : "buy",
      "i" : "WBTC_USD",
      "m" : "4611686018430324503"
    }, {
      "d" : "1756389552388487761",
      "t" : 1756389552388,
      "tn" : 1756389552388487761,
      "q" : "0.006250",
      "p" : "112970.74",
      "s" : "buy",
      "i" : "WBTC_USD",
      "m" : "4611686018430324502"
    }, {
      "d" : "1756389552388485899",
      "t" : 1756389552388,
      "tn" : 1756389552388485899,
      "q" : "0.000011",
      "p" : "112841.76",
      "s" : "buy",
      "i" : "WBTC_USD",
      "m" : "4611686018430324501"
    }, {
      "d" : "1756389552388482126",
      "t" : 1756389552388,
      "tn" : 1756389552388482126,
      "q" : "0.132957",
      "p" : "112840.80",
      "s" : "buy",
      "i" : "WBTC_USD",
      "m" : "4611686018430324500"
    }, {
      "d" : "1756389552388479355",
      "t" : 1756389552388,
      "tn" : 1756389552388479355,
      "q" : "0.003859",
      "p" : "112840.79",
      "s" : "buy",
      "i" : "WBTC_USD",
      "m" : "4611686018430324499"
    }, {
      "d" : "1756389552388475741",
      "t" : 1756389552388,
      "tn" : 1756389552388475741,
      "q" : "0.004434",
      "p" : "112743.67",
      "s" : "buy",
      "i" : "WBTC_USD",
      "m" : "4611686018430324498"
    }, {
      "d" : "1756384866753858902",
      "t" : 1756384866753,
      "tn" : 1756384866753858902,
      "q" : "0.004959",
      "p" : "113010.00",
      "s" : "buy",
      "i" : "WBTC_USD",
      "m" : "4611686018430324497"
    }, {
      "d" : "1756384866753856358",
      "t" : 1756384866753,
      "tn" : 1756384866753856358,
      "q" : "0.000158",
      "p" : "113009.99",
      "s" : "buy",
      "i" : "WBTC_USD",
      "m" : "4611686018430324496"
    }, {
      "d" : "1756383036368029071",
      "t" : 1756383036368,
      "tn" : 1756383036368029071,
      "q" : "0.000594",
      "p" : "112831.68",
      "s" : "sell",
      "i" : "WBTC_USD",
      "m" : "4611686018430324495"
    }, {
      "d" : "1756382952140674004",
      "t" : 1756382952140,
      "tn" : 1756382952140674004,
      "q" : "0.001486",
      "p" : "112842.97",
      "s" : "sell",
      "i" : "WBTC_USD",
      "m" : "4611686018430324494"
    }, {
      "d" : "1756382938814305913",
      "t" : 1756382938814,
      "tn" : 1756382938814305913,
      "q" : "0.000088",
      "p" : "112841.99",
      "s" : "sell",
      "i" : "WBTC_USD",
      "m" : "4611686018430324493"
    }, {
      "d" : "1756382818129495392",
      "t" : 1756382818129,
      "tn" : 1756382818129495392,
      "q" : "0.000259",
      "p" : "112824.23",
      "s" : "sell",
      "i" : "WBTC_USD",
      "m" : "4611686018430324492"
    }, {
      "d" : "1756382723055376771",
      "t" : 1756382723055,
      "tn" : 1756382723055376771,
      "q" : "0.001117",
      "p" : "112842.07",
      "s" : "sell",
      "i" : "WBTC_USD",
      "m" : "4611686018430324491"
    }, {
      "d" : "1756382579078102317",
      "t" : 1756382579078,
      "tn" : 1756382579078102317,
      "q" : "0.001512",
      "p" : "112859.25",
      "s" : "sell",
      "i" : "WBTC_USD",
      "m" : "4611686018430324490"
    }, {
      "d" : "1756382298403888067",
      "t" : 1756382298403,
      "tn" : 1756382298403888067,
      "q" : "0.000222",
      "p" : "112850.42",
      "s" : "sell",
      "i" : "WBTC_USD",
      "m" : "4611686018430324489"
    }, {
      "d" : "1756382242271560402",
      "t" : 1756382242271,
      "tn" : 1756382242271560402,
      "q" : "0.001323",
      "p" : "112893.32",
      "s" : "sell",
      "i" : "WBTC_USD",
      "m" : "4611686018430324488"
    }, {
      "d" : "1756382242271559533",
      "t" : 1756382242271,
      "tn" : 1756382242271559533,
      "q" : "0.004110",
      "p" : "112894.09",
      "s" : "sell",
      "i" : "WBTC_USD",
      "m" : "4611686018430324487"
    }, {
      "d" : "1756382242269750718",
      "t" : 1756382242269,
      "tn" : 1756382242269750718,
      "q" : "0.002140",
      "p" : "112894.09",
      "s" : "sell",
      "i" : "WBTC_USD",
      "m" : "4611686018430324486"
    }, {
      "d" : "1756382216676962857",
      "t" : 1756382216676,
      "tn" : 1756382216676962857,
      "q" : "0.004109",
      "p" : "112936.66",
      "s" : "sell",
      "i" : "WBTC_USD",
      "m" : "4611686018430324485"
    }, {
      "d" : "1756382216675859843",
      "t" : 1756382216675,
      "tn" : 1756382216675859843,
      "q" : "0.002134",
      "p" : "112936.66",
      "s" : "sell",
      "i" : "WBTC_USD",
      "m" : "4611686018430324484"
    }, {
      "d" : "1756382194146605487",
      "t" : 1756382194146,
      "tn" : 1756382194146605487,
      "q" : "0.000585",
      "p" : "112938.22",
      "s" : "sell",
      "i" : "WBTC_USD",
      "m" : "4611686018430324483"
    }, {
      "d" : "1756382045177894201",
      "t" : 1756382045177,
      "tn" : 1756382045177894201,
      "q" : "0.000171",
      "p" : "112902.35",
      "s" : "sell",
      "i" : "WBTC_USD",
      "m" : "4611686018430324482"
    }, {
      "d" : "1756381006605718467",
      "t" : 1756381006605,
      "tn" : 1756381006605718467,
      "q" : "0.004114",
      "p" : "112895.04",
      "s" : "sell",
      "i" : "WBTC_USD",
      "m" : "4611686018430324481"
    }, {
      "d" : "1756381006603647374",
      "t" : 1756381006603,
      "tn" : 1756381006603647374,
      "q" : "0.002129",
      "p" : "112895.04",
      "s" : "sell",
      "i" : "WBTC_USD",
      "m" : "4611686018430324480"
    }, {
      "d" : "1756380987567106423",
      "t" : 1756380987567,
      "tn" : 1756380987567106423,
      "q" : "0.000011",
      "p" : "113009.96",
      "s" : "sell",
      "i" : "WBTC_USD",
      "m" : "4611686018430324479"
    }, {
      "d" : "1756380986559252150",
      "t" : 1756380986559,
      "tn" : 1756380986559252150,
      "q" : "0.000011",
      "p" : "113009.96",
      "s" : "sell",
      "i" : "WBTC_USD",
      "m" : "4611686018430324478"
    }, {
      "d" : "1756380985626527022",
      "t" : 1756380985626,
      "tn" : 1756380985626527022,
      "q" : "0.000011",
      "p" : "113009.96",
      "s" : "sell",
      "i" : "WBTC_USD",
      "m" : "4611686018430324477"
    }, {
      "d" : "1756380973875244820",
      "t" : 1756380973875,
      "tn" : 1756380973875244820,
      "q" : "0.006250",
      "p" : "112913.14",
      "s" : "sell",
      "i" : "WBTC_USD",
      "m" : "4611686018430324476"
    }, {
      "d" : "1756380944841960258",
      "t" : 1756380944841,
      "tn" : 1756380944841960258,
      "q" : "0.000011",
      "p" : "113009.98",
      "s" : "sell",
      "i" : "WBTC_USD",
      "m" : "4611686018430324475"
    }, {
      "d" : "1756380944734235961",
      "t" : 1756380944734,
      "tn" : 1756380944734235961,
      "q" : "0.000011",
      "p" : "113009.98",
      "s" : "sell",
      "i" : "WBTC_USD",
      "m" : "4611686018430324474"
    }, {
      "d" : "1756380909571335198",
      "t" : 1756380909571,
      "tn" : 1756380909571335198,
      "q" : "0.000011",
      "p" : "113009.92",
      "s" : "sell",
      "i" : "WBTC_USD",
      "m" : "4611686018430324473"
    }, {
      "d" : "1756380909536324727",
      "t" : 1756380909536,
      "tn" : 1756380909536324727,
      "q" : "0.000011",
      "p" : "113009.92",
      "s" : "sell",
      "i" : "WBTC_USD",
      "m" : "4611686018430324472"
    }, {
      "d" : "1756380909466567859",
      "t" : 1756380909466,
      "tn" : 1756380909466567859,
      "q" : "0.000011",
      "p" : "113009.92",
      "s" : "sell",
      "i" : "WBTC_USD",
      "m" : "4611686018430324471"
    }, {
      "d" : "1756380900336401903",
      "t" : 1756380900336,
      "tn" : 1756380900336401903,
      "q" : "0.000011",
      "p" : "113009.95",
      "s" : "sell",
      "i" : "WBTC_USD",
      "m" : "4611686018430324470"
    }, {
      "d" : "1756380815851233342",
      "t" : 1756380815851,
      "tn" : 1756380815851233342,
      "q" : "0.001399",
      "p" : "112870.06",
      "s" : "sell",
      "i" : "WBTC_USD",
      "m" : "4611686018430324469"
    }, {
      "d" : "1756380615188197872",
      "t" : 1756380615188,
      "tn" : 1756380615188197872,
      "q" : "0.002035",
      "p" : "112872.02",
      "s" : "sell",
      "i" : "WBTC_USD",
      "m" : "4611686018430324468"
    }, {
      "d" : "1756380615073921476",
      "t" : 1756380615073,
      "tn" : 1756380615073921476,
      "q" : "0.006248",
      "p" : "112890.79",
      "s" : "sell",
      "i" : "WBTC_USD",
      "m" : "4611686018430324467"
    }, {
      "d" : "1756380546934436397",
      "t" : 1756380546934,
      "tn" : 1756380546934436397,
      "q" : "0.000011",
      "p" : "112965.22",
      "s" : "sell",
      "i" : "WBTC_USD",
      "m" : "4611686018430324466"
    }, {
      "d" : "1756380514907269209",
      "t" : 1756380514907,
      "tn" : 1756380514907269209,
      "q" : "0.001073",
      "p" : "112878.36",
      "s" : "sell",
      "i" : "WBTC_USD",
      "m" : "4611686018430324465"
    }, {
      "d" : "1756380478937460030",
      "t" : 1756380478937,
      "tn" : 1756380478937460030,
      "q" : "0.000151",
      "p" : "112882.69",
      "s" : "sell",
      "i" : "WBTC_USD",
      "m" : "4611686018430324464"
    }, {
      "d" : "1756380454238738777",
      "t" : 1756380454238,
      "tn" : 1756380454238738777,
      "q" : "0.006248",
      "p" : "112905.28",
      "s" : "sell",
      "i" : "WBTC_USD",
      "m" : "4611686018430324463"
    }, {
      "d" : "1756380393334450663",
      "t" : 1756380393334,
      "tn" : 1756380393334450663,
      "q" : "0.001324",
      "p" : "112893.32",
      "s" : "sell",
      "i" : "WBTC_USD",
      "m" : "4611686018430324462"
    }, {
      "d" : "1756380393333497809",
      "t" : 1756380393333,
      "tn" : 1756380393333497809,
      "q" : "0.001324",
      "p" : "112902.89",
      "s" : "sell",
      "i" : "WBTC_USD",
      "m" : "4611686018430324461"
    }, {
      "d" : "1756380393332256768",
      "t" : 1756380393332,
      "tn" : 1756380393332256768,
      "q" : "0.001324",
      "p" : "112902.89",
      "s" : "sell",
      "i" : "WBTC_USD",
      "m" : "4611686018430324460"
    }, {
      "d" : "1756380343735746543",
      "t" : 1756380343735,
      "tn" : 1756380343735746543,
      "q" : "0.000746",
      "p" : "112904.84",
      "s" : "sell",
      "i" : "WBTC_USD",
      "m" : "4611686018430324459"
    }, {
      "d" : "1756380180959031664",
      "t" : 1756380180959,
      "tn" : 1756380180959031664,
      "q" : "0.004122",
      "p" : "112960.09",
      "s" : "sell",
      "i" : "WBTC_USD",
      "m" : "4611686018430324458"
    }, {
      "d" : "1756380180957984431",
      "t" : 1756380180957,
      "tn" : 1756380180957984431,
      "q" : "0.002121",
      "p" : "112960.09",
      "s" : "sell",
      "i" : "WBTC_USD",
      "m" : "4611686018430324457"
    }, {
      "d" : "1756380145660719964",
      "t" : 1756380145660,
      "tn" : 1756380145660719964,
      "q" : "0.006248",
      "p" : "112981.31",
      "s" : "sell",
      "i" : "WBTC_USD",
      "m" : "4611686018430324456"
    }, {
      "d" : "1756380061839387978",
      "t" : 1756380061839,
      "tn" : 1756380061839387978,
      "q" : "0.000011",
      "p" : "113009.32",
      "s" : "sell",
      "i" : "WBTC_USD",
      "m" : "4611686018430324455"
    }, {
      "d" : "1756380061749299662",
      "t" : 1756380061749,
      "tn" : 1756380061749299662,
      "q" : "0.000011",
      "p" : "112993.22",
      "s" : "sell",
      "i" : "WBTC_USD",
      "m" : "4611686018430324454"
    }, {
      "d" : "1756379833132957539",
      "t" : 1756379833132,
      "tn" : 1756379833132957539,
      "q" : "0.000011",
      "p" : "113009.99",
      "s" : "sell",
      "i" : "WBTC_USD",
      "m" : "4611686018430324453"
    }, {
      "d" : "1756379831559046164",
      "t" : 1756379831559,
      "tn" : 1756379831559046164,
      "q" : "0.000877",
      "p" : "112955.67",
      "s" : "sell",
      "i" : "WBTC_USD",
      "m" : "4611686018430324452"
    }, {
      "d" : "1756379831559044279",
      "t" : 1756379831559,
      "tn" : 1756379831559044279,
      "q" : "0.000011",
      "p" : "113009.99",
      "s" : "sell",
      "i" : "WBTC_USD",
      "m" : "4611686018430324451"
    }, {
      "d" : "1756379751838687855",
      "t" : 1756379751838,
      "tn" : 1756379751838687855,
      "q" : "0.000011",
      "p" : "113009.97",
      "s" : "sell",
      "i" : "WBTC_USD",
      "m" : "4611686018430324450"
    }, {
      "d" : "1756379728867311421",
      "t" : 1756379728867,
      "tn" : 1756379728867311421,
      "q" : "0.000011",
      "p" : "112995.22",
      "s" : "sell",
      "i" : "WBTC_USD",
      "m" : "4611686018430324449"
    }, {
      "d" : "1756379728842054779",
      "t" : 1756379728842,
      "tn" : 1756379728842054779,
      "q" : "0.000011",
      "p" : "112997.65",
      "s" : "sell",
      "i" : "WBTC_USD",
      "m" : "4611686018430324448"
    }, {
      "d" : "1756379728776927962",
      "t" : 1756379728776,
      "tn" : 1756379728776927962,
      "q" : "0.000011",
      "p" : "112995.22",
      "s" : "sell",
      "i" : "WBTC_USD",
      "m" : "4611686018430324447"
    }, {
      "d" : "1756379728746585606",
      "t" : 1756379728746,
      "tn" : 1756379728746585606,
      "q" : "0.000011",
      "p" : "113000.87",
      "s" : "sell",
      "i" : "WBTC_USD",
      "m" : "4611686018430324446"
    }, {
      "d" : "1756379728701470994",
      "t" : 1756379728701,
      "tn" : 1756379728701470994,
      "q" : "0.000011",
      "p" : "113009.98",
      "s" : "sell",
      "i" : "WBTC_USD",
      "m" : "4611686018430324445"
    }, {
      "d" : "1756379627547563236",
      "t" : 1756379627547,
      "tn" : 1756379627547563236,
      "q" : "0.001552",
      "p" : "112949.97",
      "s" : "sell",
      "i" : "WBTC_USD",
      "m" : "4611686018430324444"
    }, {
      "d" : "1756379581323303689",
      "t" : 1756379581323,
      "tn" : 1756379581323303689,
      "q" : "0.006248",
      "p" : "112961.63",
      "s" : "sell",
      "i" : "WBTC_USD",
      "m" : "4611686018430324443"
    }, {
      "d" : "1756379539737105453",
      "t" : 1756379539737,
      "tn" : 1756379539737105453,
      "q" : "0.001910",
      "p" : "112979.58",
      "s" : "sell",
      "i" : "WBTC_USD",
      "m" : "4611686018430324442"
    }, {
      "d" : "1756379539727085827",
      "t" : 1756379539727,
      "tn" : 1756379539727085827,
      "q" : "0.000104",
      "p" : "112979.58",
      "s" : "sell",
      "i" : "WBTC_USD",
      "m" : "4611686018430324441"
    }, {
      "d" : "1756379539717170276",
      "t" : 1756379539717,
      "tn" : 1756379539717170276,
      "q" : "0.002014",
      "p" : "112979.58",
      "s" : "sell",
      "i" : "WBTC_USD",
      "m" : "4611686018430324440"
    }, {
      "d" : "1756379539710241284",
      "t" : 1756379539710,
      "tn" : 1756379539710241284,
      "q" : "0.002118",
      "p" : "112979.58",
      "s" : "sell",
      "i" : "WBTC_USD",
      "m" : "4611686018430324439"
    }, {
      "d" : "1756379529127039070",
      "t" : 1756379529127,
      "tn" : 1756379529127039070,
      "q" : "0.002016",
      "p" : "112993.09",
      "s" : "sell",
      "i" : "WBTC_USD",
      "m" : "4611686018430324438"
    }, {
      "d" : "1756379529118318395",
      "t" : 1756379529118,
      "tn" : 1756379529118318395,
      "q" : "0.002117",
      "p" : "112993.09",
      "s" : "sell",
      "i" : "WBTC_USD",
      "m" : "4611686018430324437"
    }, {
      "d" : "1756379497037423275",
      "t" : 1756379497037,
      "tn" : 1756379497037423275,
      "q" : "0.000011",
      "p" : "113009.99",
      "s" : "sell",
      "i" : "WBTC_USD",
      "m" : "4611686018430324436"
    }, {
      "d" : "1756379494594165590",
      "t" : 1756379494594,
      "tn" : 1756379494594165590,
      "q" : "0.000011",
      "p" : "113009.99",
      "s" : "sell",
      "i" : "WBTC_USD",
      "m" : "4611686018430324435"
    }, {
      "d" : "1756379473495670565",
      "t" : 1756379473495,
      "tn" : 1756379473495670565,
      "q" : "0.000724",
      "p" : "112962.15",
      "s" : "sell",
      "i" : "WBTC_USD",
      "m" : "4611686018430324434"
    }, {
      "d" : "1756379406977840378",
      "t" : 1756379406977,
      "tn" : 1756379406977840378,
      "q" : "0.006248",
      "p" : "112975.32",
      "s" : "sell",
      "i" : "WBTC_USD",
      "m" : "4611686018430324433"
    }, {
      "d" : "1756379377877213801",
      "t" : 1756379377877,
      "tn" : 1756379377877213801,
      "q" : "0.000209",
      "p" : "112971.23",
      "s" : "sell",
      "i" : "WBTC_USD",
      "m" : "4611686018430324432"
    }, {
      "d" : "1756379370973698894",
      "t" : 1756379370973,
      "tn" : 1756379370973698894,
      "q" : "0.000011",
      "p" : "113009.98",
      "s" : "sell",
      "i" : "WBTC_USD",
      "m" : "4611686018430324431"
    }, {
      "d" : "1756379353836025904",
      "t" : 1756379353836,
      "tn" : 1756379353836025904,
      "q" : "0.000011",
      "p" : "113009.99",
      "s" : "sell",
      "i" : "WBTC_USD",
      "m" : "4611686018430324430"
    }, {
      "d" : "1756379353735743497",
      "t" : 1756379353735,
      "tn" : 1756379353735743497,
      "q" : "0.000011",
      "p" : "113009.99",
      "s" : "sell",
      "i" : "WBTC_USD",
      "m" : "4611686018430324429"
    }, {
      "d" : "1756379247530240648",
      "t" : 1756379247530,
      "tn" : 1756379247530240648,
      "q" : "0.000011",
      "p" : "113009.99",
      "s" : "sell",
      "i" : "WBTC_USD",
      "m" : "4611686018430324428"
    }, {
      "d" : "1756379247455146531",
      "t" : 1756379247455,
      "tn" : 1756379247455146531,
      "q" : "0.000011",
      "p" : "113009.99",
      "s" : "sell",
      "i" : "WBTC_USD",
      "m" : "4611686018430324427"
    }, {
      "d" : "1756379247370181287",
      "t" : 1756379247370,
      "tn" : 1756379247370181287,
      "q" : "0.000064",
      "p" : "112989.41",
      "s" : "sell",
      "i" : "WBTC_USD",
      "m" : "4611686018430324426"
    }, {
      "d" : "1756379247363392679",
      "t" : 1756379247363,
      "tn" : 1756379247363392679,
      "q" : "0.006186",
      "p" : "112989.41",
      "s" : "sell",
      "i" : "WBTC_USD",
      "m" : "4611686018430324425"
    }, {
      "d" : "1756379247363390859",
      "t" : 1756379247363,
      "tn" : 1756379247363390859,
      "q" : "0.000011",
      "p" : "113009.99",
      "s" : "sell",
      "i" : "WBTC_USD",
      "m" : "4611686018430324424"
    }, {
      "d" : "1756379235635231147",
      "t" : 1756379235635,
      "tn" : 1756379235635231147,
      "q" : "0.000011",
      "p" : "113009.99",
      "s" : "sell",
      "i" : "WBTC_USD",
      "m" : "4611686018430324423"
    }, {
      "d" : "1756379235599846582",
      "t" : 1756379235599,
      "tn" : 1756379235599846582,
      "q" : "0.000011",
      "p" : "113009.99",
      "s" : "sell",
      "i" : "WBTC_USD",
      "m" : "4611686018430324422"
    }, {
      "d" : "1756379232658307501",
      "t" : 1756379232658,
      "tn" : 1756379232658307500,
      "q" : "0.000009",
      "p" : "113009.99",
      "s" : "sell",
      "i" : "WBTC_USD",
      "m" : "4611686018430324421"
    }, {
      "d" : "1756379232658307500",
      "t" : 1756379232658,
      "tn" : 1756379232658307500,
      "q" : "0.006250",
      "p" : "113009.99",
      "s" : "sell",
      "i" : "WBTC_USD",
      "m" : "4611686018430324421"
    } ]
  }
}