{
  "id" : -1,
  "method" : "public/get-trades",
  "code" : 0,
  "result" : {
    "data" : [ {
      "d" : "1756455653027108536",
      "t" : 1756455653027,
      "tn" : 1756455653027108536,
      "q" : "0.000099",
      "p" : "0.99881",
      "s" : "buy",
      "i" : "WBTC_BTC",
      "m" : "4611686018429414053"
    }, {
      "d" : "1756454162615279572",
      "t" : 1756454162615,
      "tn" : 1756454162615279572,
      "q" : "0.001541",
      "p" : "1.00041",
      "s" : "buy",
      "i" : "WBTC_BTC",
      "m" : "4611686018429414052"
    }, {
      "d" : "1756438769835779937",
      "t" : 1756438769835,
      "tn" : 1756438769835779937,
      "q" : "0.006167",
      "p" : "0.99828",
      "s" : "buy",
      "i" : "WBTC_BTC",
      "m" : "4611686018429414051"
    }, {
      "d" : "1756438769835777940",
      "t" : 1756438769835,
      "tn" : 1756438769835777940,
      "q" : "0.000089",
      "p" : "0.99827",
      "s" : "buy",
      "i" : "WBTC_BTC",
      "m" : "4611686018429414050"
    }, {
      "d" : "1756438769637391320",
      "t" : 1756438769637,
      "tn" : 1756438769637391320,
      "q" : "0.006256",
      "p" : "0.99828",
      "s" : "buy",
      "i" : "WBTC_BTC",
      "m" : "4611686018429414049"
    }, {
      "d" : "1756438398837086931",
      "t" : 1756438398837,
      "tn" : 1756438398837086931,
      "q" : "0.006256",
      "p" : "0.99841",
      "s" : "buy",
      "i" : "WBTC_BTC",
      "m" : "4611686018429414048"
    }, {
      "d" : "1756438398241373408",
      "t" : 1756438398241,
      "tn" : 1756438398241373408,
      "q" : "0.006256",
      "p" : "0.99841",
      "s" : "buy",
      "i" : "WBTC_BTC",
      "m" : "4611686018429414047"
    }, {
      "d" : "1756438397263975281",
      "t" : 1756438397263,
      "tn" : 1756438397263975281,
      "q" : "0.004586",
      "p" : "0.99871",
      "s" : "buy",
      "i" : "WBTC_BTC",
      "m" : "4611686018429414046"
    }, {
      "d" : "1756438397263972724",
      "t" : 1756438397263,
      "tn" : 1756438397263972724,
      "q" : "0.000089",
      "p" : "0.99870",
      "s" : "buy",
      "i" : "WBTC_BTC",
      "m" : "4611686018429414045"
    }, {
      "d" : "1756438247839218094",
      "t" : 1756438247839,
      "tn" : 1756438247839218094,
      "q" : "0.006256",
      "p" : "0.99830",
      "s" : "buy",
      "i" : "WBTC_BTC",
      "m" : "4611686018429414044"
    }, {
      "d" : "1756437972485471936",
      "t" : 1756437972485,
      "tn" : 1756437972485471936,
      "q" : "0.020030",
      "p" : "0.99848",
      "s" : "buy",
      "i" : "WBTC_BTC",
      "m" : "4611686018429414043"
    }, {
      "d" : "1756437971984289167",
      "t" : 1756437971984,
      "tn" : 1756437971984289167,
      "q" : "0.006256",
      "p" : "0.99848",
      "s" : "buy",
      "i" : "WBTC_BTC",
      "m" : "4611686018429414042"
    }, {
      "d" : "1756437930036475697",
      "t" : 1756437930036,
      "tn" : 1756437930036475697,
      "q" : "0.043655",
      "p" : "0.99808",
      "s" : "buy",
      "i" : "WBTC_BTC",
      "m" : "4611686018429414041"
    }, {
      "d" : "1756437929444761122",
      "t" : 1756437929444,
      "tn" : 1756437929444761122,
      "q" : "0.050076",
      "p" : "0.99808",
      "s" : "buy",
      "i" : "WBTC_BTC",
      "m" : "4611686018429414040"
    }, {
      "d" : "1756437928385619037",
      "t" : 1756437928385,
      "tn" : 1756437928385619037,
      "q" : "0.004586",
      "p" : "0.99808",
      "s" : "sell",
      "i" : "WBTC_BTC",
      "m" : "4611686018429414039"
    }, {
      "d" : "1756437928385615708",
      "t" : 1756437928385,
      "tn" : 1756437928385615708,
      "q" : "0.001683",
      "p" : "0.99809",
      "s" : "sell",
      "i" : "WBTC_BTC",
      "m" : "4611686018429414038"
    }, {
      "d" : "1756414004908125126",
      "t" : 1756414004908,
      "tn" : 1756414004908125126,
      "q" : "0.000848",
      "p" : "0.99880",
      "s" : "buy",
      "i" : "WBTC_BTC",
      "m" : "4611686018429414037"
    }, {
      "d" : "1756413480340127632",
      "t" : 1756413480340,
      "tn" : 1756413480340127632,
      "q" : "0.006256",
      "p" : "0.99852",
      "s" : "buy",
      "i" : "WBTC_BTC",
      "m" : "4611686018429414036"
    }, {
      "d" : "1756413362825384196",
      "t" : 1756413362825,
      "tn" : 1756413362825384196,
      "q" : "0.000848",
      "p" : "0.99838",
      "s" : "sell",
      "i" : "WBTC_BTC",
      "m" : "4611686018429414035"
    }, {
      "d" : "1756396918761237480",
      "t" : 1756396918761,
      "tn" : 1756396918761237480,
      "q" : "0.001325",
      "p" : "0.99879",
      "s" : "buy",
      "i" : "WBTC_BTC",
      "m" : "4611686018429414034"
    }, {
      "d" : "1756395312472722193",
      "t" : 1756395312472,
      "tn" : 1756395312472722193,
      "q" : "0.028710",
      "p" : "1.00076",
      "s" : "sell",
      "i" : "WBTC_BTC",
      "m" : "4611686018429414033"
    }, {
      "d" : "1756393323074448621",
      "t" : 1756393323074,
      "tn" : 1756393323074448621,
      "q" : "0.007002",
      "p" : "1.00096",
      "s" : "buy",
      "i" : "WBTC_BTC",
      "m" : "4611686018429414032"
    }, {
      "d" : "1756393319945607772",
      "t" : 1756393319945,
      "tn" : 1756393319945607772,
      "q" : "0.000109",
      "p" : "1.00095",
      "s" : "buy",
      "i" : "WBTC_BTC",
      "m" : "4611686018429414031"
    }, {
      "d" : "1756393316614520955",
      "t" : 1756393316614,
      "tn" : 1756393316614520955,
      "q" : "0.000089",
      "p" : "1.00094",
      "s" : "buy",
      "i" : "WBTC_BTC",
      "m" : "4611686018429414030"
    }, {
      "d" : "1756392296553059035",
      "t" : 1756392296553,
      "tn" : 1756392296553059035,
      "q" : "0.001230",
      "p" : "1.00076",
      "s" : "sell",
      "i" : "WBTC_BTC",
      "m" : "4611686018429414029"
    }, {
      "d" : "1756392009206317552",
      "t" : 1756392009206,
      "tn" : 1756392009206317552,
      "q" : "0.000109",
      "p" : "1.00077",
      "s" : "buy",
      "i" : "WBTC_BTC",
      "m" : "4611686018429414028"
    }, {
      "d" : "1756390530871055088",
      "t" : 1756390530871,
      "tn" : 1756390530871055088,
      "q" : "0.000800",
      "p" : "1.00096",
      "s" : "buy",
      "i" : "WBTC_BTC",
      "m" : "4611686018429414027"
    }, {
      "d" : "1756389552415912159",
      "t" : 1756389552415,
      "tn" : 1756389552415912159,
      "q" : "0.005911",
      "p" : "1.00079",
      "s" : "buy",
      "i" : "WBTC_BTC",
      "m" : "4611686018429414026"
    }, {
      "d" : "1756389552397826082",
      "t" : 1756389552397,
      "tn" : 1756389552397826082,
      "q" : "0.021067",
      "p" : "1.00079",
      "s" : "buy",
      "i" : "WBTC_BTC",
      "m" : "4611686018429414025"
    }, {
      "d" : "1756383036367118575",
      "t" : 1756383036367,
      "tn" : 1756383036367118575,
      "q" : "0.000594",
      "p" : "0.99844",
      "s" : "buy",
      "i" : "WBTC_BTC",
      "m" : "4611686018429414024"
    }, {
      "d" : "1756382952140669806",
      "t" : 1756382952140,
      "tn" : 1756382952140669806,
      "q" : "0.001242",
      "p" : "0.99844",
      "s" : "buy",
      "i" : "WBTC_BTC",
      "m" : "4611686018429414023"
    }, {
      "d" : "1756382938814096036",
      "t" : 1756382938814,
      "tn" : 1756382938814096036,
      "q" : "0.000087",
      "p" : "0.99844",
      "s" : "buy",
      "i" : "WBTC_BTC",
      "m" : "4611686018429414022"
    }, {
      "d" : "1756382818129187550",
      "t" : 1756382818129,
      "tn" : 1756382818129187550,
      "q" : "0.000259",
      "p" : "0.99844",
      "s" : "buy",
      "i" : "WBTC_BTC",
      "m" : "4611686018429414021"
    }, {
      "d" : "1756382723055372542",
      "t" : 1756382723055,
      "tn" : 1756382723055372542,
      "q" : "0.001488",
      "p" : "0.99844",
      "s" : "buy",
      "i" : "WBTC_BTC",
      "m" : "4611686018429414020"
    }, {
      "d" : "1756382579077990253",
      "t" : 1756382579077,
      "tn" : 1756382579077990253,
      "q" : "0.001117",
      "p" : "0.99844",
      "s" : "buy",
      "i" : "WBTC_BTC",
      "m" : "4611686018429414019"
    }, {
      "d" : "1756382298403850958",
      "t" : 1756382298403,
      "tn" : 1756382298403850958,
      "q" : "0.000221",
      "p" : "0.99844",
      "s" : "buy",
      "i" : "WBTC_BTC",
      "m" : "4611686018429414018"
    }, {
      "d" : "1756382242268958373",
      "t" : 1756382242268,
      "tn" : 1756382242268958373,
      "q" : "0.007581",
      "p" : "0.99844",
      "s" : "buy",
      "i" : "WBTC_BTC",
      "m" : "4611686018429414017"
    }, {
      "d" : "1756382216674642065",
      "t" : 1756382216674,
      "tn" : 1756382216674642065,
      "q" : "0.006256",
      "p" : "0.99844",
      "s" : "buy",
      "i" : "WBTC_BTC",
      "m" : "4611686018429414016"
    }, {
      "d" : "1756382194146550778",
      "t" : 1756382194146,
      "tn" : 1756382194146550778,
      "q" : "0.000585",
      "p" : "0.99844",
      "s" : "buy",
      "i" : "WBTC_BTC",
      "m" : "4611686018429414015"
    }, {
      "d" : "1756382045177861174",
      "t" : 1756382045177,
      "tn" : 1756382045177861174,
      "q" : "0.000170",
      "p" : "0.99844",
      "s" : "buy",
      "i" : "WBTC_BTC",
      "m" : "4611686018429414014"
    }, {
      "d" : "1756381006602713214",
      "t" : 1756381006602,
      "tn" : 1756381006602713214,
      "q" : "0.006255",
      "p" : "0.99844",
      "s" : "buy",
      "i" : "WBTC_BTC",
      "m" : "4611686018429414013"
    }, {
      "d" : "1756380987567017629",
      "t" : 1756380987567,
      "tn" : 1756380987567017629,
      "q" : "0.000011",
      "p" : "0.99844",
      "s" : "buy",
      "i" : "WBTC_BTC",
      "m" : "4611686018429414012"
    }, {
      "d" : "1756380986559188308",
      "t" : 1756380986559,
      "tn" : 1756380986559188308,
      "q" : "0.000011",
      "p" : "0.99844",
      "s" : "buy",
      "i" : "WBTC_BTC",
      "m" : "4611686018429414011"
    }, {
      "d" : "1756380985626522415",
      "t" : 1756380985626,
      "tn" : 1756380985626522415,
      "q" : "0.000011",
      "p" : "0.99844",
      "s" : "buy",
      "i" : "WBTC_BTC",
      "m" : "4611686018429414010"
    }, {
      "d" : "1756380973874325963",
      "t" : 1756380973874,
      "tn" : 1756380973874325963,
      "q" : "0.006255",
      "p" : "0.99844",
      "s" : "buy",
      "i" : "WBTC_BTC",
      "m" : "4611686018429414009"
    }, {
      "d" : "1756380944841098165",
      "t" : 1756380944841,
      "tn" : 1756380944841098165,
      "q" : "0.000011",
      "p" : "0.99844",
      "s" : "buy",
      "i" : "WBTC_BTC",
      "m" : "4611686018429414008"
    }, {
      "d" : "1756380944733326565",
      "t" : 1756380944733,
      "tn" : 1756380944733326565,
      "q" : "0.000011",
      "p" : "0.99844",
      "s" : "buy",
      "i" : "WBTC_BTC",
      "m" : "4611686018429414007"
    }, {
      "d" : "1756380909570470263",
      "t" : 1756380909570,
      "tn" : 1756380909570470263,
      "q" : "0.000011",
      "p" : "0.99844",
      "s" : "buy",
      "i" : "WBTC_BTC",
      "m" : "4611686018429414006"
    }, {
      "d" : "1756380909535483289",
      "t" : 1756380909535,
      "tn" : 1756380909535483289,
      "q" : "0.000011",
      "p" : "0.99844",
      "s" : "buy",
      "i" : "WBTC_BTC",
      "m" : "4611686018429414005"
    }, {
      "d" : "1756380909465421368",
      "t" : 1756380909465,
      "tn" : 1756380909465421368,
      "q" : "0.000011",
      "p" : "0.99844",
      "s" : "buy",
      "i" : "WBTC_BTC",
      "m" : "4611686018429414004"
    }, {
      "d" : "1756380900335446977",
      "t" : 1756380900335,
      "tn" : 1756380900335446977,
      "q" : "0.000011",
      "p" : "0.99844",
      "s" : "buy",
      "i" : "WBTC_BTC",
      "m" : "4611686018429414003"
    }, {
      "d" : "1756380815851228347",
      "t" : 1756380815851,
      "tn" : 1756380815851228347,
      "q" : "0.001515",
      "p" : "0.99844",
      "s" : "buy",
      "i" : "WBTC_BTC",
      "m" : "4611686018429414002"
    }, {
      "d" : "1756380615189138331",
      "t" : 1756380615189,
      "tn" : 1756380615189138331,
      "q" : "0.002035",
      "p" : "0.99815",
      "s" : "buy",
      "i" : "WBTC_BTC",
      "m" : "4611686018429414001"
    }, {
      "d" : "1756380615073193139",
      "t" : 1756380615073,
      "tn" : 1756380615073193139,
      "q" : "0.006250",
      "p" : "0.99815",
      "s" : "buy",
      "i" : "WBTC_BTC",
      "m" : "4611686018429414000"
    }, {
      "d" : "1756380546935420783",
      "t" : 1756380546935,
      "tn" : 1756380546935420783,
      "q" : "0.000011",
      "p" : "0.99815",
      "s" : "buy",
      "i" : "WBTC_BTC",
      "m" : "4611686018429413999"
    }, {
      "d" : "1756380514907234053",
      "t" : 1756380514907,
      "tn" : 1756380514907234053,
      "q" : "0.001399",
      "p" : "0.99815",
      "s" : "buy",
      "i" : "WBTC_BTC",
      "m" : "4611686018429413998"
    }, {
      "d" : "1756380478937409794",
      "t" : 1756380478937,
      "tn" : 1756380478937409794,
      "q" : "0.000150",
      "p" : "0.99815",
      "s" : "buy",
      "i" : "WBTC_BTC",
      "m" : "4611686018429413997"
    }, {
      "d" : "1756380454237797920",
      "t" : 1756380454237,
      "tn" : 1756380454237797920,
      "q" : "0.006250",
      "p" : "0.99815",
      "s" : "buy",
      "i" : "WBTC_BTC",
      "m" : "4611686018429413996"
    }, {
      "d" : "1756380393334452955",
      "t" : 1756380393334,
      "tn" : 1756380393334452955,
      "q" : "0.001325",
      "p" : "0.99815",
      "s" : "buy",
      "i" : "WBTC_BTC",
      "m" : "4611686018429413995"
    }, {
      "d" : "1756380393333500193",
      "t" : 1756380393333,
      "tn" : 1756380393333500193,
      "q" : "0.001325",
      "p" : "0.99815",
      "s" : "buy",
      "i" : "WBTC_BTC",
      "m" : "4611686018429413994"
    }, {
      "d" : "1756380393332333448",
      "t" : 1756380393332,
      "tn" : 1756380393332333448,
      "q" : "0.001325",
      "p" : "0.99815",
      "s" : "buy",
      "i" : "WBTC_BTC",
      "m" : "4611686018429413993"
    }, {
      "d" : "1756380343735700222",
      "t" : 1756380343735,
      "tn" : 1756380343735700222,
      "q" : "0.000746",
      "p" : "0.99815",
      "s" : "buy",
      "i" : "WBTC_BTC",
      "m" : "4611686018429413992"
    }, {
      "d" : "1756380180956952627",
      "t" : 1756380180956,
      "tn" : 1756380180956952627,
      "q" : "0.006256",
      "p" : "0.99844",
      "s" : "buy",
      "i" : "WBTC_BTC",
      "m" : "4611686018429413991"
    }, {
      "d" : "1756380145659785374",
      "t" : 1756380145659,
      "tn" : 1756380145659785374,
      "q" : "0.006250",
      "p" : "0.99815",
      "s" : "buy",
      "i" : "WBTC_BTC",
      "m" : "4611686018429413990"
    }, {
      "d" : "1756380061840350506",
      "t" : 1756380061840,
      "tn" : 1756380061840350506,
      "q" : "0.000011",
      "p" : "0.99815",
      "s" : "buy",
      "i" : "WBTC_BTC",
      "m" : "4611686018429413989"
    }, {
      "d" : "1756380061750297941",
      "t" : 1756380061750,
      "tn" : 1756380061750297941,
      "q" : "0.000011",
      "p" : "0.99815",
      "s" : "buy",
      "i" : "WBTC_BTC",
      "m" : "4611686018429413988"
    }, {
      "d" : "1756379833133846750",
      "t" : 1756379833133,
      "tn" : 1756379833133846750,
      "q" : "0.000011",
      "p" : "0.99815",
      "s" : "buy",
      "i" : "WBTC_BTC",
      "m" : "4611686018429413987"
    }, {
      "d" : "1756379831559038835",
      "t" : 1756379831559,
      "tn" : 1756379831559038835,
      "q" : "0.001075",
      "p" : "0.99815",
      "s" : "buy",
      "i" : "WBTC_BTC",
      "m" : "4611686018429413986"
    }, {
      "d" : "1756379751837798416",
      "t" : 1756379751837,
      "tn" : 1756379751837798416,
      "q" : "0.000011",
      "p" : "0.99844",
      "s" : "buy",
      "i" : "WBTC_BTC",
      "m" : "4611686018429413985"
    }, {
      "d" : "1756379728868141456",
      "t" : 1756379728868,
      "tn" : 1756379728868141456,
      "q" : "0.000011",
      "p" : "0.99815",
      "s" : "buy",
      "i" : "WBTC_BTC",
      "m" : "4611686018429413984"
    }, {
      "d" : "1756379728842947047",
      "t" : 1756379728842,
      "tn" : 1756379728842947047,
      "q" : "0.000011",
      "p" : "0.99815",
      "s" : "buy",
      "i" : "WBTC_BTC",
      "m" : "4611686018429413983"
    }, {
      "d" : "1756379728777754252",
      "t" : 1756379728777,
      "tn" : 1756379728777754252,
      "q" : "0.000011",
      "p" : "0.99815",
      "s" : "buy",
      "i" : "WBTC_BTC",
      "m" : "4611686018429413982"
    }, {
      "d" : "1756379728747553311",
      "t" : 1756379728747,
      "tn" : 1756379728747553311,
      "q" : "0.000011",
      "p" : "0.99815",
      "s" : "buy",
      "i" : "WBTC_BTC",
      "m" : "4611686018429413981"
    }, {
      "d" : "1756379728702417142",
      "t" : 1756379728702,
      "tn" : 1756379728702417142,
      "q" : "0.000011",
      "p" : "0.99815",
      "s" : "buy",
      "i" : "WBTC_BTC",
      "m" : "4611686018429413980"
    }, {
      "d" : "1756379627547430417",
      "t" : 1756379627547,
      "tn" : 1756379627547430417,
      "q" : "0.000889",
      "p" : "0.99815",
      "s" : "buy",
      "i" : "WBTC_BTC",
      "m" : "4611686018429413979"
    }, {
      "d" : "1756379581322460799",
      "t" : 1756379581322,
      "tn" : 1756379581322460799,
      "q" : "0.006250",
      "p" : "0.99815",
      "s" : "buy",
      "i" : "WBTC_BTC",
      "m" : "4611686018429413978"
    }, {
      "d" : "1756379539737859352",
      "t" : 1756379539737,
      "tn" : 1756379539737859352,
      "q" : "0.001912",
      "p" : "0.99815",
      "s" : "buy",
      "i" : "WBTC_BTC",
      "m" : "4611686018429413977"
    }, {
      "d" : "1756379539727891349",
      "t" : 1756379539727,
      "tn" : 1756379539727891349,
      "q" : "0.000104",
      "p" : "0.99815",
      "s" : "buy",
      "i" : "WBTC_BTC",
      "m" : "4611686018429413976"
    }, {
      "d" : "1756379539717930162",
      "t" : 1756379539717,
      "tn" : 1756379539717930162,
      "q" : "0.002016",
      "p" : "0.99815",
      "s" : "buy",
      "i" : "WBTC_BTC",
      "m" : "4611686018429413975"
    }, {
      "d" : "1756379539712172753",
      "t" : 1756379539712,
      "tn" : 1756379539712172753,
      "q" : "0.002121",
      "p" : "0.99815",
      "s" : "buy",
      "i" : "WBTC_BTC",
      "m" : "4611686018429413974"
    }, {
      "d" : "1756379529127806326",
      "t" : 1756379529127,
      "tn" : 1756379529127806326,
      "q" : "0.002018",
      "p" : "0.99815",
      "s" : "buy",
      "i" : "WBTC_BTC",
      "m" : "4611686018429413973"
    }, {
      "d" : "1756379529119202689",
      "t" : 1756379529119,
      "tn" : 1756379529119202689,
      "q" : "0.002119",
      "p" : "0.99815",
      "s" : "buy",
      "i" : "WBTC_BTC",
      "m" : "4611686018429413972"
    }, {
      "d" : "1756379497038330157",
      "t" : 1756379497038,
      "tn" : 1756379497038330157,
      "q" : "0.000011",
      "p" : "0.99815",
      "s" : "buy",
      "i" : "WBTC_BTC",
      "m" : "4611686018429413971"
    }, {
      "d" : "1756379494595227269",
      "t" : 1756379494595,
      "tn" : 1756379494595227269,
      "q" : "0.000011",
      "p" : "0.99815",
      "s" : "buy",
      "i" : "WBTC_BTC",
      "m" : "4611686018429413970"
    }, {
      "d" : "1756379473495664747",
      "t" : 1756379473495,
      "tn" : 1756379473495664747,
      "q" : "0.000724",
      "p" : "0.99815",
      "s" : "buy",
      "i" : "WBTC_BTC",
      "m" : "4611686018429413969"
    }, {
      "d" : "1756379406977147270",
      "t" : 1756379406977,
      "tn" : 1756379406977147270,
      "q" : "0.006250",
      "p" : "0.99815",
      "s" : "buy",
      "i" : "WBTC_BTC",
      "m" : "4611686018429413968"
    }, {
      "d" : "1756379377877209276",
      "t" : 1756379377877,
      "tn" : 1756379377877209276,
      "q" : "0.000208",
      "p" : "0.99815",
      "s" : "buy",
      "i" : "WBTC_BTC",
      "m" : "4611686018429413967"
    }, {
      "d" : "1756379370974728203",
      "t" : 1756379370974,
      "tn" : 1756379370974728203,
      "q" : "0.000011",
      "p" : "0.99815",
      "s" : "buy",
      "i" : "WBTC_BTC",
      "m" : "4611686018429413966"
    }, {
      "d" : "1756379353835961462",
      "t" : 1756379353835,
      "tn" : 1756379353835961462,
      "q" : "0.000011",
      "p" : "0.99844",
      "s" : "buy",
      "i" : "WBTC_BTC",
      "m" : "4611686018429413965"
    }, {
      "d" : "1756379353736736790",
      "t" : 1756379353736,
      "tn" : 1756379353736736790,
      "q" : "0.000011",
      "p" : "0.99815",
      "s" : "buy",
      "i" : "WBTC_BTC",
      "m" : "4611686018429413964"
    }, {
      "d" : "1756379247531054475",
      "t" : 1756379247531,
      "tn" : 1756379247531054475,
      "q" : "0.000011",
      "p" : "0.99815",
      "s" : "buy",
      "i" : "WBTC_BTC",
      "m" : "4611686018429413963"
    }, {
      "d" : "1756379247456149899",
      "t" : 1756379247456,
      "tn" : 1756379247456149899,
      "q" : "0.000011",
      "p" : "0.99815",
      "s" : "buy",
      "i" : "WBTC_BTC",
      "m" : "4611686018429413962"
    }, {
      "d" : "1756379247371198845",
      "t" : 1756379247371,
      "tn" : 1756379247371198845,
      "q" : "0.000064",
      "p" : "0.99815",
      "s" : "buy",
      "i" : "WBTC_BTC",
      "m" : "4611686018429413961"
    }, {
      "d" : "1756379247360457040",
      "t" : 1756379247360,
      "tn" : 1756379247360457040,
      "q" : "0.001148",
      "p" : "0.99815",
      "s" : "buy",
      "i" : "WBTC_BTC",
      "m" : "4611686018429413960"
    }, {
      "d" : "1756379235634449527",
      "t" : 1756379235634,
      "tn" : 1756379235634449527,
      "q" : "0.000011",
      "p" : "0.99844",
      "s" : "buy",
      "i" : "WBTC_BTC",
      "m" : "4611686018429413959"
    }, {
      "d" : "1756379235598897086",
      "t" : 1756379235598,
      "tn" : 1756379235598897086,
      "q" : "0.000011",
      "p" : "0.99844",
      "s" : "buy",
      "i" : "WBTC_BTC",
      "m" : "4611686018429413958"
    }, {
      "d" : "1756379232657587921",
      "t" : 1756379232657,
      "tn" : 1756379232657587921,
      "q" : "0.006261",
      "p" : "0.99815",
      "s" : "buy",
      "i" : "WBTC_BTC",
      "m" : "4611686018429413957"
    }, {
      "d" : "1756379151802818228",
      "t" : 1756379151802,
      "tn" : 1756379151802818228,
      "q" : "0.000020",
      "p" : "0.99815",
      "s" : "buy",
      "i" : "WBTC_BTC",
      "m" : "4611686018429413956"
    }, {
      "d" : "1756378553735771332",
      "t" : 1756378553735,
      "tn" : 1756378553735771332,
      "q" : "0.000011",
      "p" : "0.99815",
      "s" : "buy",
      "i" : "WBTC_BTC",
      "m" : "4611686018429413955"
    }, {
      "d" : "1756378553700106783",
      "t" : 1756378553700,
      "tn" : 1756378553700106783,
      "q" : "0.000011",
      "p" : "0.99815",
      "s" : "buy",
      "i" : "WBTC_BTC",
      "m" : "4611686018429413954"
    }, {
      "d" : "1756378484350161053",
      "t" : 1756378484350,
      "tn" : 1756378484350161053,
      "q" : "0.006256",
      "p" : "0.99844",
      "s" : "buy",
      "i" : "WBTC_BTC",
      "m" : "4611686018429413953"
    }, {
      "d" : "1756378425435783378",
      "t" : 1756378425435,
      "tn" : 1756378425435783378,
      "q" : "0.006250",
      "p" : "0.99815",
      "s" : "buy",
      "i" : "WBTC_BTC",
      "m" : "4611686018429413952"
    }, {
      "d" : "1756378383046823551",
      "t" : 1756378383046,
      "tn" : 1756378383046823551,
      "q" : "0.001325",
      "p" : "0.99815",
      "s" : "buy",
      "i" : "WBTC_BTC",
      "m" : "4611686018429413951"
    }, {
      "d" : "1756378383036776867",
      "t" : 1756378383036,
      "tn" : 1756378383036776867,
      "q" : "0.006250",
      "p" : "0.99815",
      "s" : "buy",
      "i" : "WBTC_BTC",
      "m" : "4611686018429413950"
    }, {
      "d" : "1756378381837896655",
      "t" : 1756378381837,
      "tn" : 1756378381837896655,
      "q" : "0.001325",
      "p" : "0.99815",
      "s" : "buy",
      "i" : "WBTC_BTC",
      "m" : "4611686018429413949"
    }, {
      "d" : "1756378370038618952",
      "t" : 1756378370038,
      "tn" : 1756378370038618952,
      "q" : "0.001327",
      "p" : "0.99815",
      "s" : "buy",
      "i" : "WBTC_BTC",
      "m" : "4611686018429413948"
    }, {
      "d" : "1756378370032460737",
      "t" : 1756378370032,
      "tn" : 1756378370032460737,
      "q" : "0.006250",
      "p" : "0.99815",
      "s" : "buy",
      "i" : "WBTC_BTC",
      "m" : "4611686018429413947"
    }, {
      "d" : "1756378369838312082",
      "t" : 1756378369838,
      "tn" : 1756378369838312082,
      "q" : "0.001327",
      "p" : "0.99815",
      "s" : "buy",
      "i" : "WBTC_BTC",
      "m" : "4611686018429413946"
    }, {
      "d" : "1756378369827004192",
      "t" : 1756378369827,
      "tn" : 1756378369827004192,
      "q" : "0.006250",
      "p" : "0.99815",
      "s" : "buy",
      "i" : "WBTC_BTC",
      "m" : "4611686018429413945"
    }, {
      "d" : "1756378367040127208",
      "t" : 1756378367040,
      "tn" : 1756378367040127208,
      "q" : "0.000011",
      "p" : "0.99844",
      "s" : "buy",
      "i" : "WBTC_BTC",
      "m" : "4611686018429413944"
    }, {
      "d" : "1756378364555373149",
      "t" : 1756378364555,
      "tn" : 1756378364555373149,
      "q" : "0.006250",
      "p" : "0.99815",
      "s" : "buy",
      "i" : "WBTC_BTC",
      "m" : "4611686018429413943"
    }, {
      "d" : "1756378364473765714",
      "t" : 1756378364473,
      "tn" : 1756378364473765714,
      "q" : "0.001327",
      "p" : "0.99815",
      "s" : "buy",
      "i" : "WBTC_BTC",
      "m" : "4611686018429413942"
    }, {
      "d" : "1756378364465317352",
      "t" : 1756378364465,
      "tn" : 1756378364465317352,
      "q" : "0.006250",
      "p" : "0.99815",
      "s" : "buy",
      "i" : "WBTC_BTC",
      "m" : "4611686018429413941"
    }, {
      "d" : "1756378346745894819",
      "t" : 1756378346745,
      "tn" : 1756378346745894819,
      "q" : "0.001327",
      "p" : "0.99815",
      "s" : "buy",
      "i" : "WBTC_BTC",
      "m" : "4611686018429413940"
    }, {
      "d" : "1756378346736239898",
      "t" : 1756378346736,
      "tn" : 1756378346736239898,
      "q" : "0.006250",
      "p" : "0.99815",
      "s" : "buy",
      "i" : "WBTC_BTC",
      "m" : "4611686018429413939"
    }, {
      "d" : "1756378346544731473",
      "t" : 1756378346544,
      "tn" : 1756378346544731473,
      "q" : "0.001327",
      "p" : "0.99815",
      "s" : "buy",
      "i" : "WBTC_BTC",
      "m" : "4611686018429413938"
    }, {
      "d" : "1756378346536084754",
      "t" : 1756378346536,
      "tn" : 1756378346536084754,
      "q" : "0.006250",
      "p" : "0.99815",
      "s" : "buy",
      "i" : "WBTC_BTC",
      "m" : "4611686018429413937"
    }, {
      "d" : "1756378340763235647",
      "t" : 1756378340763,
      "tn" : 1756378340763235647,
      "q" : "0.000011",
      "p" : "0.99815",
      "s" : "buy",
      "i" : "WBTC_BTC",
      "m" : "4611686018429413936"
    }, {
      "d" : "1756378340646443596",
      "t" : 1756378340646,
      "tn" : 1756378340646443596,
      "q" : "0.000011",
      "p" : "0.99815",
      "s" : "buy",
      "i" : "WBTC_BTC",
      "m" : "4611686018429413935"
    }, {
      "d" : "1756378340636771849",
      "t" : 1756378340636,
      "tn" : 1756378340636771849,
      "q" : "0.000011",
      "p" : "0.99815",
      "s" : "buy",
      "i" : "WBTC_BTC",
      "m" : "4611686018429413934"
    }, {
      "d" : "1756378278037037210",
      "t" : 1756378278037,
      "tn" : 1756378278037037210,
      "q" : "0.000011",
      "p" : "0.99815",
      "s" : "buy",
      "i" : "WBTC_BTC",
      "m" : "4611686018429413933"
    }, {
      "d" : "1756378159632794996",
      "t" : 1756378159632,
      "tn" : 1756378159632794996,
      "q" : "0.000011",
      "p" : "0.99844",
      "s" : "buy",
      "i" : "WBTC_BTC",
      "m" : "4611686018429413932"
    }, {
      "d" : "1756378159532827886",
      "t" : 1756378159532,
      "tn" : 1756378159532827886,
      "q" : "0.000011",
      "p" : "0.99844",
      "s" : "buy",
      "i" : "WBTC_BTC",
      "m" : "4611686018429413931"
    }, {
      "d" : "1756378159237439109",
      "t" : 1756378159237,
      "tn" : 1756378159237439109,
      "q" : "0.000011",
      "p" : "0.99844",
      "s" : "buy",
      "i" : "WBTC_BTC",
      "m" : "4611686018429413930"
    }, {
      "d" : "1756378158531159461",
      "t" : 1756378158531,
      "tn" : 1756378158531159461,
      "q" : "0.000011",
      "p" : "0.99815",
      "s" : "buy",
      "i" : "WBTC_BTC",
      "m" : "4611686018429413929"
    }, {
      "d" : "1756377945981343211",
      "t" : 1756377945981,
      "tn" : 1756377945981343211,
      "q" : "0.000011",
      "p" : "0.99844",
      "s" : "buy",
      "i" : "WBTC_BTC",
      "m" : "4611686018429413928"
    }, {
      "d" : "1756377945529584039",
      "t" : 1756377945529,
      "tn" : 1756377945529584039,
      "q" : "0.000011",
      "p" : "0.99844",
      "s" : "buy",
      "i" : "WBTC_BTC",
      "m" : "4611686018429413927"
    }, {
      "d" : "1756377945234994080",
      "t" : 1756377945234,
      "tn" : 1756377945234994080,
      "q" : "0.000011",
      "p" : "0.99815",
      "s" : "buy",
      "i" : "WBTC_BTC",
      "m" : "4611686018429413926"
    }, {
      "d" : "1756377945135105286",
      "t" : 1756377945135,
      "tn" : 1756377945135105286,
      "q" : "0.000011",
      "p" : "0.99815",
      "s" : "buy",
      "i" : "WBTC_BTC",
      "m" : "4611686018429413925"
    }, {
      "d" : "1756377910936819510",
      "t" : 1756377910936,
      "tn" : 1756377910936819510,
      "q" : "0.000011",
      "p" : "0.99815",
      "s" : "buy",
      "i" : "WBTC_BTC",
      "m" : "4611686018429413924"
    }, {
      "d" : "1756377910836856562",
      "t" : 1756377910836,
      "tn" : 1756377910836856562,
      "q" : "0.000011",
      "p" : "0.99815",
      "s" : "buy",
      "i" : "WBTC_BTC",
      "m" : "4611686018429413923"
    }, {
      "d" : "1756377902778599618",
      "t" : 1756377902778,
      "tn" : 1756377902778599618,
      "q" : "0.000011",
      "p" : "0.99844",
      "s" : "buy",
      "i" : "WBTC_BTC",
      "m" : "4611686018429413922"
    }, {
      "d" : "1756377902698320368",
      "t" : 1756377902698,
      "tn" : 1756377902698320368,
      "q" : "0.000011",
      "p" : "0.99844",
      "s" : "buy",
      "i" : "WBTC_BTC",
      "m" : "4611686018429413921"
    }, {
      "d" : "1756377902667897296",
      "t" : 1756377902667,
      "tn" : 1756377902667897296,
      "q" : "0.000011",
      "p" : "0.99815",
      "s" : "buy",
      "i" : "WBTC_BTC",
      "m" : "4611686018429413920"
    }, {
      "d" : "1756377902607836346",
      "t" : 1756377902607,
      "tn" : 1756377902607836346,
      "q" : "0.000011",
      "p" : "0.99815",
      "s" : "buy",
      "i" : "WBTC_BTC",
      "m" : "4611686018429413919"
    }, {
      "d" : "1756377902557769632",
      "t" : 1756377902557,
      "tn" : 1756377902557769632,
      "q" : "0.000011",
      "p" : "0.99815",
      "s" : "buy",
      "i" : "WBTC_BTC",
      "m" : "4611686018429413918"
    }, {
      "d" : "1756377902528112306",
      "t" : 1756377902528,
      "tn" : 1756377902528112306,
      "q" : "0.000011",
      "p" : "0.99815",
      "s" : "buy",
      "i" : "WBTC_BTC",
      "m" : "4611686018429413917"
    }, {
      "d" : "1756377901920193339",
      "t" : 1756377901920,
      "tn" : 1756377901920193339,
      "q" : "0.006261",
      "p" : "0.99815",
      "s" : "buy",
      "i" : "WBTC_BTC",
      "m" : "4611686018429413916"
    }, {
      "d" : "1756377883530096680",
      "t" : 1756377883530,
      "tn" : 1756377883530096680,
      "q" : "0.000011",
      "p" : "0.99815",
      "s" : "buy",
      "i" : "WBTC_BTC",
      "m" : "4611686018429413915"
    }, {
      "d" : "1756377883288020029",
      "t" : 1756377883288,
      "tn" : 1756377883288020029,
      "q" : "0.005481",
      "p" : "0.99815",
      "s" : "buy",
      "i" : "WBTC_BTC",
      "m" : "4611686018429413914"
    }, {
      "d" : "1756377817539696809",
      "t" : 1756377817539,
      "tn" : 1756377817539696809,
      "q" : "0.000786",
      "p" : "0.99815",
      "s" : "buy",
      "i" : "WBTC_BTC",
      "m" : "4611686018429413913"
    }, {
      "d" : "1756377690437125419",
      "t" : 1756377690437,
      "tn" : 1756377690437125419,
      "q" : "0.000011",
      "p" : "0.99844",
      "s" : "buy",
      "i" : "WBTC_BTC",
      "m" : "4611686018429413912"
    }, {
      "d" : "1756377688737899317",
      "t" : 1756377688737,
      "tn" : 1756377688737899317,
      "q" : "0.000011",
      "p" : "0.99844",
      "s" : "buy",
      "i" : "WBTC_BTC",
      "m" : "4611686018429413911"
    }, {
      "d" : "1756377688626459370",
      "t" : 1756377688626,
      "tn" : 1756377688626459370,
      "q" : "0.000011",
      "p" : "0.99844",
      "s" : "buy",
      "i" : "WBTC_BTC",
      "m" : "4611686018429413910"
    }, {
      "d" : "1756377688546385948",
      "t" : 1756377688546,
      "tn" : 1756377688546385948,
      "q" : "0.000011",
      "p" : "0.99844",
      "s" : "buy",
      "i" : "WBTC_BTC",
      "m" : "4611686018429413909"
    }, {
      "d" : "1756377688531386979",
      "t" : 1756377688531,
      "tn" : 1756377688531386979,
      "q" : "0.000011",
      "p" : "0.99844",
      "s" : "buy",
      "i" : "WBTC_BTC",
      "m" : "4611686018429413908"
    }, {
      "d" : "1756377688462956332",
      "t" : 1756377688462,
      "tn" : 1756377688462956332,
      "q" : "0.006258",
      "p" : "0.99844",
      "s" : "buy",
      "i" : "WBTC_BTC",
      "m" : "4611686018429413907"
    }, {
      "d" : "1756377688336519944",
      "t" : 1756377688336,
      "tn" : 1756377688336519944,
      "q" : "0.006261",
      "p" : "0.99815",
      "s" : "buy",
      "i" : "WBTC_BTC",
      "m" : "4611686018429413906"
    }, {
      "d" : "1756377678525131629",
      "t" : 1756377678525,
      "tn" : 1756377678525131629,
      "q" : "0.000016",
      "p" : "0.99815",
      "s" : "buy",
      "i" : "WBTC_BTC",
      "m" : "4611686018429413905"
    }, {
      "d" : "1756377672794644748",
      "t" : 1756377672794,
      "tn" : 1756377672794644748,
      "q" : "0.006264",
      "p" : "0.99844",
      "s" : "buy",
      "i" : "WBTC_BTC",
      "m" : "4611686018429413904"
    } ]
  }
}