{
  "id" : -1,
  "method" : "public/get-trades",
  "code" : 0,
  "result" : {
    "data" : [ {
      "d" : "1756461288783956183",
      "t" : 1756461288783,
      "tn" : 1756461288783956183,
      "q" : "4",
      "p" : "0.29880",
      "s" : "buy",
      "i" : "WCT_USD",
      "m" : "4611686018428000846"
    }, {
      "d" : "1756460443877461715",
      "t" : 1756460443877,
      "tn" : 1756460443877461715,
      "q" : "4",
      "p" : "0.29779",
      "s" : "sell",
      "i" : "WCT_USD",
      "m" : "4611686018428000845"
    }, {
      "d" : "1756460442164864721",
      "t" : 1756460442164,
      "tn" : 1756460442164864721,
      "q" : "4",
      "p" : "0.29779",
      "s" : "sell",
      "i" : "WCT_USD",
      "m" : "4611686018428000844"
    }, {
      "d" : "1756460438874387639",
      "t" : 1756460438874,
      "tn" : 1756460438874387639,
      "q" : "4",
      "p" : "0.29779",
      "s" : "sell",
      "i" : "WCT_USD",
      "m" : "4611686018428000843"
    }, {
      "d" : "1756460437151254532",
      "t" : 1756460437151,
      "tn" : 1756460437151254532,
      "q" : "4",
      "p" : "0.29779",
      "s" : "sell",
      "i" : "WCT_USD",
      "m" : "4611686018428000842"
    }, {
      "d" : "1756460433871464019",
      "t" : 1756460433871,
      "tn" : 1756460433871464019,
      "q" : "4",
      "p" : "0.29779",
      "s" : "sell",
      "i" : "WCT_USD",
      "m" : "4611686018428000841"
    }, {
      "d" : "1756460432816955509",
      "t" : 1756460432816,
      "tn" : 1756460432816955509,
      "q" : "4",
      "p" : "0.29779",
      "s" : "sell",
      "i" : "WCT_USD",
      "m" : "4611686018428000840"
    }, {
      "d" : "1756460428867960624",
      "t" : 1756460428867,
      "tn" : 1756460428867960624,
      "q" : "4",
      "p" : "0.29779",
      "s" : "sell",
      "i" : "WCT_USD",
      "m" : "4611686018428000839"
    }, {
      "d" : "1756460423865310160",
      "t" : 1756460423865,
      "tn" : 1756460423865310160,
      "q" : "4",
      "p" : "0.29779",
      "s" : "sell",
      "i" : "WCT_USD",
      "m" : "4611686018428000838"
    }, {
      "d" : "1756460418862040538",
      "t" : 1756460418862,
      "tn" : 1756460418862040538,
      "q" : "4",
      "p" : "0.29779",
      "s" : "sell",
      "i" : "WCT_USD",
      "m" : "4611686018428000837"
    }, {
      "d" : "1756460417041765424",
      "t" : 1756460417041,
      "tn" : 1756460417041765424,
      "q" : "4",
      "p" : "0.29779",
      "s" : "sell",
      "i" : "WCT_USD",
      "m" : "4611686018428000836"
    }, {
      "d" : "1756460414749692307",
      "t" : 1756460414749,
      "tn" : 1756460414749692307,
      "q" : "4",
      "p" : "0.29779",
      "s" : "sell",
      "i" : "WCT_USD",
      "m" : "4611686018428000835"
    }, {
      "d" : "1756460411164884091",
      "t" : 1756460411164,
      "tn" : 1756460411164884091,
      "q" : "4",
      "p" : "0.29780",
      "s" : "buy",
      "i" : "WCT_USD",
      "m" : "4611686018428000834"
    }, {
      "d" : "1756460407754469593",
      "t" : 1756460407754,
      "tn" : 1756460407754469593,
      "q" : "4",
      "p" : "0.29779",
      "s" : "sell",
      "i" : "WCT_USD",
      "m" : "4611686018428000833"
    }, {
      "d" : "1756460401911247171",
      "t" : 1756460401911,
      "tn" : 1756460401911247171,
      "q" : "4",
      "p" : "0.29769",
      "s" : "sell",
      "i" : "WCT_USD",
      "m" : "4611686018428000832"
    }, {
      "d" : "1756460401450818901",
      "t" : 1756460401450,
      "tn" : 1756460401450818901,
      "q" : "4",
      "p" : "0.29769",
      "s" : "sell",
      "i" : "WCT_USD",
      "m" : "4611686018428000831"
    }, {
      "d" : "1756460400873469166",
      "t" : 1756460400873,
      "tn" : 1756460400873469166,
      "q" : "4",
      "p" : "0.29769",
      "s" : "sell",
      "i" : "WCT_USD",
      "m" : "4611686018428000830"
    }, {
      "d" : "1756460398566071965",
      "t" : 1756460398566,
      "tn" : 1756460398566071965,
      "q" : "4",
      "p" : "0.29769",
      "s" : "sell",
      "i" : "WCT_USD",
      "m" : "4611686018428000829"
    }, {
      "d" : "1756460394346686351",
      "t" : 1756460394346,
      "tn" : 1756460394346686351,
      "q" : "4",
      "p" : "0.29769",
      "s" : "sell",
      "i" : "WCT_USD",
      "m" : "4611686018428000828"
    }, {
      "d" : "1756460391046695460",
      "t" : 1756460391046,
      "tn" : 1756460391046695460,
      "q" : "4",
      "p" : "0.29769",
      "s" : "sell",
      "i" : "WCT_USD",
      "m" : "4611686018428000827"
    }, {
      "d" : "1756460389944115885",
      "t" : 1756460389944,
      "tn" : 1756460389944115885,
      "q" : "4",
      "p" : "0.29769",
      "s" : "sell",
      "i" : "WCT_USD",
      "m" : "4611686018428000826"
    }, {
      "d" : "1756460388943651143",
      "t" : 1756460388943,
      "tn" : 1756460388943651143,
      "q" : "4",
      "p" : "0.29769",
      "s" : "sell",
      "i" : "WCT_USD",
      "m" : "4611686018428000825"
    }, {
      "d" : "1756460387806838415",
      "t" : 1756460387806,
      "tn" : 1756460387806838415,
      "q" : "4",
      "p" : "0.29769",
      "s" : "sell",
      "i" : "WCT_USD",
      "m" : "4611686018428000824"
    }, {
      "d" : "1756460383009533465",
      "t" : 1756460383009,
      "tn" : 1756460383009533465,
      "q" : "4",
      "p" : "0.29769",
      "s" : "sell",
      "i" : "WCT_USD",
      "m" : "4611686018428000823"
    }, {
      "d" : "1756460382664075017",
      "t" : 1756460382664,
      "tn" : 1756460382664075017,
      "q" : "4",
      "p" : "0.29769",
      "s" : "sell",
      "i" : "WCT_USD",
      "m" : "4611686018428000822"
    }, {
      "d" : "1756460380577327961",
      "t" : 1756460380577,
      "tn" : 1756460380577327961,
      "q" : "4",
      "p" : "0.29749",
      "s" : "sell",
      "i" : "WCT_USD",
      "m" : "4611686018428000821"
    }, {
      "d" : "1756460379569165394",
      "t" : 1756460379569,
      "tn" : 1756460379569165394,
      "q" : "4",
      "p" : "0.29749",
      "s" : "sell",
      "i" : "WCT_USD",
      "m" : "4611686018428000820"
    }, {
      "d" : "1756460378968386849",
      "t" : 1756460378968,
      "tn" : 1756460378968386849,
      "q" : "4",
      "p" : "0.29749",
      "s" : "sell",
      "i" : "WCT_USD",
      "m" : "4611686018428000819"
    }, {
      "d" : "1756460377736354484",
      "t" : 1756460377736,
      "tn" : 1756460377736354484,
      "q" : "4",
      "p" : "0.29749",
      "s" : "sell",
      "i" : "WCT_USD",
      "m" : "4611686018428000818"
    }, {
      "d" : "1756460377732539724",
      "t" : 1756460377732,
      "tn" : 1756460377732539724,
      "q" : "4",
      "p" : "0.29749",
      "s" : "sell",
      "i" : "WCT_USD",
      "m" : "4611686018428000817"
    }, {
      "d" : "1756460375902557998",
      "t" : 1756460375902,
      "tn" : 1756460375902557998,
      "q" : "4",
      "p" : "0.29749",
      "s" : "sell",
      "i" : "WCT_USD",
      "m" : "4611686018428000816"
    }, {
      "d" : "1756460371636152884",
      "t" : 1756460371636,
      "tn" : 1756460371636152884,
      "q" : "4",
      "p" : "0.29749",
      "s" : "sell",
      "i" : "WCT_USD",
      "m" : "4611686018428000815"
    }, {
      "d" : "1756460370735325394",
      "t" : 1756460370735,
      "tn" : 1756460370735325394,
      "q" : "4",
      "p" : "0.29749",
      "s" : "sell",
      "i" : "WCT_USD",
      "m" : "4611686018428000814"
    }, {
      "d" : "1756460368231288567",
      "t" : 1756460368231,
      "tn" : 1756460368231288567,
      "q" : "4",
      "p" : "0.29749",
      "s" : "sell",
      "i" : "WCT_USD",
      "m" : "4611686018428000813"
    }, {
      "d" : "1756460365638873989",
      "t" : 1756460365638,
      "tn" : 1756460365638873989,
      "q" : "4",
      "p" : "0.29749",
      "s" : "sell",
      "i" : "WCT_USD",
      "m" : "4611686018428000812"
    }, {
      "d" : "1756460364731637507",
      "t" : 1756460364731,
      "tn" : 1756460364731637507,
      "q" : "4",
      "p" : "0.29749",
      "s" : "sell",
      "i" : "WCT_USD",
      "m" : "4611686018428000811"
    }, {
      "d" : "1756460364163916071",
      "t" : 1756460364163,
      "tn" : 1756460364163916071,
      "q" : "4",
      "p" : "0.29749",
      "s" : "sell",
      "i" : "WCT_USD",
      "m" : "4611686018428000810"
    }, {
      "d" : "1756460362615230107",
      "t" : 1756460362615,
      "tn" : 1756460362615230107,
      "q" : "4",
      "p" : "0.29749",
      "s" : "sell",
      "i" : "WCT_USD",
      "m" : "4611686018428000809"
    }, {
      "d" : "1756460360149376708",
      "t" : 1756460360149,
      "tn" : 1756460360149376708,
      "q" : "4",
      "p" : "0.29749",
      "s" : "sell",
      "i" : "WCT_USD",
      "m" : "4611686018428000808"
    }, {
      "d" : "1756460359525996738",
      "t" : 1756460359525,
      "tn" : 1756460359525996738,
      "q" : "4",
      "p" : "0.29749",
      "s" : "sell",
      "i" : "WCT_USD",
      "m" : "4611686018428000807"
    }, {
      "d" : "1756460359454710048",
      "t" : 1756460359454,
      "tn" : 1756460359454710048,
      "q" : "4",
      "p" : "0.29759",
      "s" : "sell",
      "i" : "WCT_USD",
      "m" : "4611686018428000806"
    }, {
      "d" : "1756460355171187610",
      "t" : 1756460355171,
      "tn" : 1756460355171187610,
      "q" : "4",
      "p" : "0.29759",
      "s" : "sell",
      "i" : "WCT_USD",
      "m" : "4611686018428000805"
    }, {
      "d" : "1756460354523155770",
      "t" : 1756460354523,
      "tn" : 1756460354523155770,
      "q" : "4",
      "p" : "0.29759",
      "s" : "sell",
      "i" : "WCT_USD",
      "m" : "4611686018428000804"
    }, {
      "d" : "1756460351929531538",
      "t" : 1756460351929,
      "tn" : 1756460351929531538,
      "q" : "4",
      "p" : "0.29759",
      "s" : "sell",
      "i" : "WCT_USD",
      "m" : "4611686018428000803"
    }, {
      "d" : "1756460351776271502",
      "t" : 1756460351776,
      "tn" : 1756460351776271502,
      "q" : "4",
      "p" : "0.29759",
      "s" : "sell",
      "i" : "WCT_USD",
      "m" : "4611686018428000802"
    }, {
      "d" : "1756460351628981060",
      "t" : 1756460351628,
      "tn" : 1756460351628981060,
      "q" : "4",
      "p" : "0.29759",
      "s" : "sell",
      "i" : "WCT_USD",
      "m" : "4611686018428000801"
    }, {
      "d" : "1756460351593896329",
      "t" : 1756460351593,
      "tn" : 1756460351593896329,
      "q" : "4",
      "p" : "0.29769",
      "s" : "sell",
      "i" : "WCT_USD",
      "m" : "4611686018428000800"
    }, {
      "d" : "1756460351321228194",
      "t" : 1756460351321,
      "tn" : 1756460351321228194,
      "q" : "4",
      "p" : "0.29769",
      "s" : "sell",
      "i" : "WCT_USD",
      "m" : "4611686018428000799"
    }, {
      "d" : "1756460350091604653",
      "t" : 1756460350091,
      "tn" : 1756460350091604653,
      "q" : "4",
      "p" : "0.29769",
      "s" : "sell",
      "i" : "WCT_USD",
      "m" : "4611686018428000798"
    }, {
      "d" : "1756460350037160264",
      "t" : 1756460350037,
      "tn" : 1756460350037160264,
      "q" : "4",
      "p" : "0.29769",
      "s" : "sell",
      "i" : "WCT_USD",
      "m" : "4611686018428000797"
    }, {
      "d" : "1756460350030138331",
      "t" : 1756460350030,
      "tn" : 1756460350030138331,
      "q" : "4",
      "p" : "0.29779",
      "s" : "sell",
      "i" : "WCT_USD",
      "m" : "4611686018428000796"
    }, {
      "d" : "1756460349620285323",
      "t" : 1756460349620,
      "tn" : 1756460349620285323,
      "q" : "4",
      "p" : "0.29779",
      "s" : "sell",
      "i" : "WCT_USD",
      "m" : "4611686018428000795"
    }, {
      "d" : "1756460344891910142",
      "t" : 1756460344891,
      "tn" : 1756460344891910142,
      "q" : "4",
      "p" : "0.29779",
      "s" : "sell",
      "i" : "WCT_USD",
      "m" : "4611686018428000794"
    }, {
      "d" : "1756460343775822583",
      "t" : 1756460343775,
      "tn" : 1756460343775822583,
      "q" : "4",
      "p" : "0.29769",
      "s" : "sell",
      "i" : "WCT_USD",
      "m" : "4611686018428000793"
    }, {
      "d" : "1756460341991674669",
      "t" : 1756460341991,
      "tn" : 1756460341991674669,
      "q" : "4",
      "p" : "0.29769",
      "s" : "sell",
      "i" : "WCT_USD",
      "m" : "4611686018428000792"
    }, {
      "d" : "1756460340632743730",
      "t" : 1756460340632,
      "tn" : 1756460340632743730,
      "q" : "4",
      "p" : "0.29770",
      "s" : "buy",
      "i" : "WCT_USD",
      "m" : "4611686018428000791"
    }, {
      "d" : "1756460330713038145",
      "t" : 1756460330713,
      "tn" : 1756460330713038145,
      "q" : "4",
      "p" : "0.29769",
      "s" : "sell",
      "i" : "WCT_USD",
      "m" : "4611686018428000790"
    }, {
      "d" : "1756460327111058494",
      "t" : 1756460327111,
      "tn" : 1756460327111058494,
      "q" : "4",
      "p" : "0.29769",
      "s" : "sell",
      "i" : "WCT_USD",
      "m" : "4611686018428000789"
    }, {
      "d" : "1756460322108292413",
      "t" : 1756460322108,
      "tn" : 1756460322108292413,
      "q" : "4",
      "p" : "0.29769",
      "s" : "sell",
      "i" : "WCT_USD",
      "m" : "4611686018428000788"
    }, {
      "d" : "1756460318961329077",
      "t" : 1756460318961,
      "tn" : 1756460318961329077,
      "q" : "4",
      "p" : "0.29769",
      "s" : "sell",
      "i" : "WCT_USD",
      "m" : "4611686018428000787"
    }, {
      "d" : "1756460318713088120",
      "t" : 1756460318713,
      "tn" : 1756460318713088120,
      "q" : "4",
      "p" : "0.29769",
      "s" : "sell",
      "i" : "WCT_USD",
      "m" : "4611686018428000786"
    }, {
      "d" : "1756460318388453726",
      "t" : 1756460318388,
      "tn" : 1756460318388453726,
      "q" : "4",
      "p" : "0.29779",
      "s" : "sell",
      "i" : "WCT_USD",
      "m" : "4611686018428000785"
    }, {
      "d" : "1756460317212038753",
      "t" : 1756460317212,
      "tn" : 1756460317212038753,
      "q" : "4",
      "p" : "0.29789",
      "s" : "sell",
      "i" : "WCT_USD",
      "m" : "4611686018428000784"
    }, {
      "d" : "1756460316300726718",
      "t" : 1756460316300,
      "tn" : 1756460316300726718,
      "q" : "4",
      "p" : "0.29789",
      "s" : "sell",
      "i" : "WCT_USD",
      "m" : "4611686018428000783"
    }, {
      "d" : "1756460311803982023",
      "t" : 1756460311803,
      "tn" : 1756460311803982023,
      "q" : "4",
      "p" : "0.29789",
      "s" : "sell",
      "i" : "WCT_USD",
      "m" : "4611686018428000782"
    }, {
      "d" : "1756460310682736857",
      "t" : 1756460310682,
      "tn" : 1756460310682736857,
      "q" : "4",
      "p" : "0.29789",
      "s" : "sell",
      "i" : "WCT_USD",
      "m" : "4611686018428000781"
    }, {
      "d" : "1756460310025870117",
      "t" : 1756460310025,
      "tn" : 1756460310025870117,
      "q" : "4",
      "p" : "0.29789",
      "s" : "sell",
      "i" : "WCT_USD",
      "m" : "4611686018428000780"
    }, {
      "d" : "1756460309615731547",
      "t" : 1756460309615,
      "tn" : 1756460309615731547,
      "q" : "4",
      "p" : "0.29789",
      "s" : "sell",
      "i" : "WCT_USD",
      "m" : "4611686018428000779"
    }, {
      "d" : "1756460308443400594",
      "t" : 1756460308443,
      "tn" : 1756460308443400594,
      "q" : "4",
      "p" : "0.29789",
      "s" : "sell",
      "i" : "WCT_USD",
      "m" : "4611686018428000778"
    }, {
      "d" : "1756460307881890037",
      "t" : 1756460307881,
      "tn" : 1756460307881890037,
      "q" : "4",
      "p" : "0.29789",
      "s" : "sell",
      "i" : "WCT_USD",
      "m" : "4611686018428000777"
    }, {
      "d" : "1756460307225846303",
      "t" : 1756460307225,
      "tn" : 1756460307225846303,
      "q" : "4",
      "p" : "0.29789",
      "s" : "sell",
      "i" : "WCT_USD",
      "m" : "4611686018428000776"
    }, {
      "d" : "1756460303715608260",
      "t" : 1756460303715,
      "tn" : 1756460303715608260,
      "q" : "4",
      "p" : "0.29789",
      "s" : "sell",
      "i" : "WCT_USD",
      "m" : "4611686018428000775"
    }, {
      "d" : "1756460303632818059",
      "t" : 1756460303632,
      "tn" : 1756460303632818059,
      "q" : "4",
      "p" : "0.29789",
      "s" : "sell",
      "i" : "WCT_USD",
      "m" : "4611686018428000774"
    }, {
      "d" : "1756460302698501124",
      "t" : 1756460302698,
      "tn" : 1756460302698501124,
      "q" : "4",
      "p" : "0.29789",
      "s" : "sell",
      "i" : "WCT_USD",
      "m" : "4611686018428000773"
    }, {
      "d" : "1756460302577138020",
      "t" : 1756460302577,
      "tn" : 1756460302577138020,
      "q" : "4",
      "p" : "0.29789",
      "s" : "sell",
      "i" : "WCT_USD",
      "m" : "4611686018428000772"
    }, {
      "d" : "1756460300991626067",
      "t" : 1756460300991,
      "tn" : 1756460300991626067,
      "q" : "4",
      "p" : "0.29799",
      "s" : "sell",
      "i" : "WCT_USD",
      "m" : "4611686018428000771"
    }, {
      "d" : "1756460299541746505",
      "t" : 1756460299541,
      "tn" : 1756460299541746505,
      "q" : "4",
      "p" : "0.29799",
      "s" : "sell",
      "i" : "WCT_USD",
      "m" : "4611686018428000770"
    }, {
      "d" : "1756460299132602754",
      "t" : 1756460299132,
      "tn" : 1756460299132602754,
      "q" : "4",
      "p" : "0.29799",
      "s" : "sell",
      "i" : "WCT_USD",
      "m" : "4611686018428000769"
    }, {
      "d" : "1756460289337744310",
      "t" : 1756460289337,
      "tn" : 1756460289337744310,
      "q" : "4",
      "p" : "0.29799",
      "s" : "sell",
      "i" : "WCT_USD",
      "m" : "4611686018428000768"
    }, {
      "d" : "1756460287843074114",
      "t" : 1756460287843,
      "tn" : 1756460287843074114,
      "q" : "4",
      "p" : "0.29789",
      "s" : "sell",
      "i" : "WCT_USD",
      "m" : "4611686018428000767"
    }, {
      "d" : "1756460282614551602",
      "t" : 1756460282614,
      "tn" : 1756460282614551602,
      "q" : "4",
      "p" : "0.29789",
      "s" : "sell",
      "i" : "WCT_USD",
      "m" : "4611686018428000766"
    }, {
      "d" : "1756460282530661201",
      "t" : 1756460282530,
      "tn" : 1756460282530661201,
      "q" : "4",
      "p" : "0.29779",
      "s" : "sell",
      "i" : "WCT_USD",
      "m" : "4611686018428000765"
    }, {
      "d" : "1756460280475945032",
      "t" : 1756460280475,
      "tn" : 1756460280475945032,
      "q" : "4",
      "p" : "0.29779",
      "s" : "sell",
      "i" : "WCT_USD",
      "m" : "4611686018428000764"
    }, {
      "d" : "1756460280079361926",
      "t" : 1756460280079,
      "tn" : 1756460280079361926,
      "q" : "4",
      "p" : "0.29779",
      "s" : "sell",
      "i" : "WCT_USD",
      "m" : "4611686018428000763"
    }, {
      "d" : "1756460278712431278",
      "t" : 1756460278712,
      "tn" : 1756460278712431278,
      "q" : "4",
      "p" : "0.29769",
      "s" : "sell",
      "i" : "WCT_USD",
      "m" : "4611686018428000762"
    }, {
      "d" : "1756460275876733935",
      "t" : 1756460275876,
      "tn" : 1756460275876733935,
      "q" : "4",
      "p" : "0.29769",
      "s" : "sell",
      "i" : "WCT_USD",
      "m" : "4611686018428000761"
    }, {
      "d" : "1756460270874132977",
      "t" : 1756460270874,
      "tn" : 1756460270874132977,
      "q" : "4",
      "p" : "0.29769",
      "s" : "sell",
      "i" : "WCT_USD",
      "m" : "4611686018428000760"
    }, {
      "d" : "1756460269073014708",
      "t" : 1756460269073,
      "tn" : 1756460269073014708,
      "q" : "4",
      "p" : "0.29769",
      "s" : "sell",
      "i" : "WCT_USD",
      "m" : "4611686018428000759"
    }, {
      "d" : "1756460266771749518",
      "t" : 1756460266771,
      "tn" : 1756460266771749518,
      "q" : "4",
      "p" : "0.29769",
      "s" : "sell",
      "i" : "WCT_USD",
      "m" : "4611686018428000758"
    }, {
      "d" : "1756460264970416713",
      "t" : 1756460264970,
      "tn" : 1756460264970416713,
      "q" : "4",
      "p" : "0.29769",
      "s" : "sell",
      "i" : "WCT_USD",
      "m" : "4611686018428000757"
    }, {
      "d" : "1756460262648298249",
      "t" : 1756460262648,
      "tn" : 1756460262648298249,
      "q" : "4",
      "p" : "0.29769",
      "s" : "sell",
      "i" : "WCT_USD",
      "m" : "4611686018428000756"
    }, {
      "d" : "1756460234690108577",
      "t" : 1756460234690,
      "tn" : 1756460234690108577,
      "q" : "4",
      "p" : "0.29760",
      "s" : "buy",
      "i" : "WCT_USD",
      "m" : "4611686018428000755"
    }, {
      "d" : "1756460221880682344",
      "t" : 1756460221880,
      "tn" : 1756460221880682344,
      "q" : "4",
      "p" : "0.29750",
      "s" : "buy",
      "i" : "WCT_USD",
      "m" : "4611686018428000754"
    }, {
      "d" : "1756460208090306840",
      "t" : 1756460208090,
      "tn" : 1756460208090306840,
      "q" : "4",
      "p" : "0.29769",
      "s" : "sell",
      "i" : "WCT_USD",
      "m" : "4611686018428000753"
    }, {
      "d" : "1756460207316810939",
      "t" : 1756460207316,
      "tn" : 1756460207316810939,
      "q" : "4",
      "p" : "0.29760",
      "s" : "buy",
      "i" : "WCT_USD",
      "m" : "4611686018428000752"
    }, {
      "d" : "1756460197432688926",
      "t" : 1756460197432,
      "tn" : 1756460197432688926,
      "q" : "4",
      "p" : "0.29779",
      "s" : "sell",
      "i" : "WCT_USD",
      "m" : "4611686018428000751"
    }, {
      "d" : "1756460183919756108",
      "t" : 1756460183919,
      "tn" : 1756460183919756108,
      "q" : "4",
      "p" : "0.29769",
      "s" : "sell",
      "i" : "WCT_USD",
      "m" : "4611686018428000750"
    }, {
      "d" : "1756460182408092163",
      "t" : 1756460182408,
      "tn" : 1756460182408092163,
      "q" : "4",
      "p" : "0.29750",
      "s" : "buy",
      "i" : "WCT_USD",
      "m" : "4611686018428000749"
    }, {
      "d" : "1756460173112284275",
      "t" : 1756460173112,
      "tn" : 1756460173112284275,
      "q" : "4",
      "p" : "0.29749",
      "s" : "sell",
      "i" : "WCT_USD",
      "m" : "4611686018428000748"
    }, {
      "d" : "1756460167315046788",
      "t" : 1756460167315,
      "tn" : 1756460167315046788,
      "q" : "4",
      "p" : "0.29754",
      "s" : "sell",
      "i" : "WCT_USD",
      "m" : "4611686018428000747"
    }, {
      "d" : "1756460164661671339",
      "t" : 1756460164661,
      "tn" : 1756460164661671339,
      "q" : "4",
      "p" : "0.29769",
      "s" : "sell",
      "i" : "WCT_USD",
      "m" : "4611686018428000746"
    }, {
      "d" : "1756460146325934810",
      "t" : 1756460146325,
      "tn" : 1756460146325934810,
      "q" : "4",
      "p" : "0.29769",
      "s" : "sell",
      "i" : "WCT_USD",
      "m" : "4611686018428000745"
    }, {
      "d" : "1756460139476050144",
      "t" : 1756460139476,
      "tn" : 1756460139476050144,
      "q" : "4",
      "p" : "0.29769",
      "s" : "sell",
      "i" : "WCT_USD",
      "m" : "4611686018428000744"
    }, {
      "d" : "1756460139286118175",
      "t" : 1756460139286,
      "tn" : 1756460139286118175,
      "q" : "4",
      "p" : "0.29779",
      "s" : "sell",
      "i" : "WCT_USD",
      "m" : "4611686018428000743"
    }, {
      "d" : "1756460083105807828",
      "t" : 1756460083105,
      "tn" : 1756460083105807828,
      "q" : "4",
      "p" : "0.29740",
      "s" : "buy",
      "i" : "WCT_USD",
      "m" : "4611686018428000742"
    }, {
      "d" : "1756460080945652783",
      "t" : 1756460080945,
      "tn" : 1756460080945652783,
      "q" : "4",
      "p" : "0.29749",
      "s" : "sell",
      "i" : "WCT_USD",
      "m" : "4611686018428000741"
    }, {
      "d" : "1756460078549029454",
      "t" : 1756460078549,
      "tn" : 1756460078549029454,
      "q" : "4",
      "p" : "0.29759",
      "s" : "sell",
      "i" : "WCT_USD",
      "m" : "4611686018428000740"
    }, {
      "d" : "1756460077864160990",
      "t" : 1756460077864,
      "tn" : 1756460077864160990,
      "q" : "4",
      "p" : "0.29759",
      "s" : "sell",
      "i" : "WCT_USD",
      "m" : "4611686018428000739"
    }, {
      "d" : "1756460077151087915",
      "t" : 1756460077151,
      "tn" : 1756460077151087915,
      "q" : "4",
      "p" : "0.29769",
      "s" : "sell",
      "i" : "WCT_USD",
      "m" : "4611686018428000738"
    }, {
      "d" : "1756460076831562085",
      "t" : 1756460076831,
      "tn" : 1756460076831562085,
      "q" : "4",
      "p" : "0.29769",
      "s" : "sell",
      "i" : "WCT_USD",
      "m" : "4611686018428000737"
    }, {
      "d" : "1756460076681322968",
      "t" : 1756460076681,
      "tn" : 1756460076681322968,
      "q" : "4",
      "p" : "0.29769",
      "s" : "sell",
      "i" : "WCT_USD",
      "m" : "4611686018428000736"
    }, {
      "d" : "1756460074411337201",
      "t" : 1756460074411,
      "tn" : 1756460074411337201,
      "q" : "4",
      "p" : "0.29769",
      "s" : "sell",
      "i" : "WCT_USD",
      "m" : "4611686018428000735"
    }, {
      "d" : "1756460073360850746",
      "t" : 1756460073360,
      "tn" : 1756460073360850746,
      "q" : "4",
      "p" : "0.29769",
      "s" : "sell",
      "i" : "WCT_USD",
      "m" : "4611686018428000734"
    }, {
      "d" : "1756460072273431412",
      "t" : 1756460072273,
      "tn" : 1756460072273431412,
      "q" : "4",
      "p" : "0.29769",
      "s" : "sell",
      "i" : "WCT_USD",
      "m" : "4611686018428000733"
    }, {
      "d" : "1756460063450017046",
      "t" : 1756460063450,
      "tn" : 1756460063450017046,
      "q" : "4",
      "p" : "0.29769",
      "s" : "sell",
      "i" : "WCT_USD",
      "m" : "4611686018428000732"
    }, {
      "d" : "1756460061682236815",
      "t" : 1756460061682,
      "tn" : 1756460061682236815,
      "q" : "4",
      "p" : "0.29769",
      "s" : "sell",
      "i" : "WCT_USD",
      "m" : "4611686018428000731"
    }, {
      "d" : "1756460061613074852",
      "t" : 1756460061613,
      "tn" : 1756460061613074852,
      "q" : "4",
      "p" : "0.29779",
      "s" : "sell",
      "i" : "WCT_USD",
      "m" : "4611686018428000730"
    }, {
      "d" : "1756460058847103949",
      "t" : 1756460058847,
      "tn" : 1756460058847103949,
      "q" : "4",
      "p" : "0.29779",
      "s" : "sell",
      "i" : "WCT_USD",
      "m" : "4611686018428000729"
    }, {
      "d" : "1756460055345290397",
      "t" : 1756460055345,
      "tn" : 1756460055345290397,
      "q" : "4",
      "p" : "0.29779",
      "s" : "sell",
      "i" : "WCT_USD",
      "m" : "4611686018428000728"
    }, {
      "d" : "1756460054059802912",
      "t" : 1756460054059,
      "tn" : 1756460054059802912,
      "q" : "4",
      "p" : "0.29779",
      "s" : "sell",
      "i" : "WCT_USD",
      "m" : "4611686018428000727"
    }, {
      "d" : "1756460053751186966",
      "t" : 1756460053751,
      "tn" : 1756460053751186966,
      "q" : "4",
      "p" : "0.29779",
      "s" : "sell",
      "i" : "WCT_USD",
      "m" : "4611686018428000726"
    }, {
      "d" : "1756460053166856105",
      "t" : 1756460053166,
      "tn" : 1756460053166856105,
      "q" : "4",
      "p" : "0.29779",
      "s" : "sell",
      "i" : "WCT_USD",
      "m" : "4611686018428000725"
    }, {
      "d" : "1756460053114504393",
      "t" : 1756460053114,
      "tn" : 1756460053114504393,
      "q" : "4",
      "p" : "0.29779",
      "s" : "sell",
      "i" : "WCT_USD",
      "m" : "4611686018428000724"
    }, {
      "d" : "1756460053055077454",
      "t" : 1756460053055,
      "tn" : 1756460053055077454,
      "q" : "4",
      "p" : "0.29789",
      "s" : "sell",
      "i" : "WCT_USD",
      "m" : "4611686018428000723"
    }, {
      "d" : "1756460052621664446",
      "t" : 1756460052621,
      "tn" : 1756460052621664446,
      "q" : "4",
      "p" : "0.29789",
      "s" : "sell",
      "i" : "WCT_USD",
      "m" : "4611686018428000722"
    }, {
      "d" : "1756460050026473860",
      "t" : 1756460050026,
      "tn" : 1756460050026473860,
      "q" : "4",
      "p" : "0.29779",
      "s" : "sell",
      "i" : "WCT_USD",
      "m" : "4611686018428000721"
    }, {
      "d" : "1756460050015779779",
      "t" : 1756460050015,
      "tn" : 1756460050015779779,
      "q" : "4",
      "p" : "0.29779",
      "s" : "sell",
      "i" : "WCT_USD",
      "m" : "4611686018428000720"
    }, {
      "d" : "1756460049840471586",
      "t" : 1756460049840,
      "tn" : 1756460049840471586,
      "q" : "4",
      "p" : "0.29779",
      "s" : "sell",
      "i" : "WCT_USD",
      "m" : "4611686018428000719"
    }, {
      "d" : "1756459980119895198",
      "t" : 1756459980119,
      "tn" : 1756459980119895198,
      "q" : "4",
      "p" : "0.29760",
      "s" : "buy",
      "i" : "WCT_USD",
      "m" : "4611686018428000718"
    }, {
      "d" : "1756459955309596378",
      "t" : 1756459955309,
      "tn" : 1756459955309596378,
      "q" : "4",
      "p" : "0.29750",
      "s" : "buy",
      "i" : "WCT_USD",
      "m" : "4611686018428000717"
    }, {
      "d" : "1756459944979749438",
      "t" : 1756459944979,
      "tn" : 1756459944979749438,
      "q" : "4",
      "p" : "0.29759",
      "s" : "sell",
      "i" : "WCT_USD",
      "m" : "4611686018428000716"
    }, {
      "d" : "1756459904014586366",
      "t" : 1756459904014,
      "tn" : 1756459904014586366,
      "q" : "4",
      "p" : "0.29789",
      "s" : "sell",
      "i" : "WCT_USD",
      "m" : "4611686018428000715"
    }, {
      "d" : "1756459882160053632",
      "t" : 1756459882160,
      "tn" : 1756459882160053632,
      "q" : "4",
      "p" : "0.29770",
      "s" : "buy",
      "i" : "WCT_USD",
      "m" : "4611686018428000714"
    }, {
      "d" : "1756459879964147907",
      "t" : 1756459879964,
      "tn" : 1756459879964147907,
      "q" : "4",
      "p" : "0.29760",
      "s" : "buy",
      "i" : "WCT_USD",
      "m" : "4611686018428000713"
    }, {
      "d" : "1756459876552794656",
      "t" : 1756459876552,
      "tn" : 1756459876552794656,
      "q" : "4",
      "p" : "0.29799",
      "s" : "sell",
      "i" : "WCT_USD",
      "m" : "4611686018428000712"
    }, {
      "d" : "1756459846244967066",
      "t" : 1756459846244,
      "tn" : 1756459846244967066,
      "q" : "4",
      "p" : "0.29814",
      "s" : "sell",
      "i" : "WCT_USD",
      "m" : "4611686018428000711"
    }, {
      "d" : "1756459813755760259",
      "t" : 1756459813755,
      "tn" : 1756459813755760259,
      "q" : "4",
      "p" : "0.29799",
      "s" : "sell",
      "i" : "WCT_USD",
      "m" : "4611686018428000710"
    }, {
      "d" : "1756459808596999451",
      "t" : 1756459808596,
      "tn" : 1756459808596999451,
      "q" : "4",
      "p" : "0.29829",
      "s" : "sell",
      "i" : "WCT_USD",
      "m" : "4611686018428000709"
    }, {
      "d" : "1756459804540091679",
      "t" : 1756459804540,
      "tn" : 1756459804540091679,
      "q" : "4",
      "p" : "0.29839",
      "s" : "sell",
      "i" : "WCT_USD",
      "m" : "4611686018428000708"
    }, {
      "d" : "1756459746478058265",
      "t" : 1756459746478,
      "tn" : 1756459746478058265,
      "q" : "4",
      "p" : "0.29800",
      "s" : "buy",
      "i" : "WCT_USD",
      "m" : "4611686018428000707"
    }, {
      "d" : "1756459733397394222",
      "t" : 1756459733397,
      "tn" : 1756459733397394222,
      "q" : "4",
      "p" : "0.29789",
      "s" : "sell",
      "i" : "WCT_USD",
      "m" : "4611686018428000706"
    }, {
      "d" : "1756459722721441718",
      "t" : 1756459722721,
      "tn" : 1756459722721441718,
      "q" : "4",
      "p" : "0.29790",
      "s" : "buy",
      "i" : "WCT_USD",
      "m" : "4611686018428000705"
    }, {
      "d" : "1756459710756395535",
      "t" : 1756459710756,
      "tn" : 1756459710756395535,
      "q" : "4",
      "p" : "0.29779",
      "s" : "sell",
      "i" : "WCT_USD",
      "m" : "4611686018428000704"
    }, {
      "d" : "1756459699082904714",
      "t" : 1756459699082,
      "tn" : 1756459699082904714,
      "q" : "4",
      "p" : "0.29760",
      "s" : "buy",
      "i" : "WCT_USD",
      "m" : "4611686018428000703"
    }, {
      "d" : "1756459681720488594",
      "t" : 1756459681720,
      "tn" : 1756459681720488594,
      "q" : "4",
      "p" : "0.29749",
      "s" : "sell",
      "i" : "WCT_USD",
      "m" : "4611686018428000702"
    }, {
      "d" : "1756459681665311689",
      "t" : 1756459681665,
      "tn" : 1756459681665311689,
      "q" : "4",
      "p" : "0.29749",
      "s" : "sell",
      "i" : "WCT_USD",
      "m" : "4611686018428000701"
    }, {
      "d" : "1756459678118130216",
      "t" : 1756459678118,
      "tn" : 1756459678118130216,
      "q" : "4",
      "p" : "0.29739",
      "s" : "sell",
      "i" : "WCT_USD",
      "m" : "4611686018428000700"
    }, {
      "d" : "1756459673115162706",
      "t" : 1756459673115,
      "tn" : 1756459673115162706,
      "q" : "4",
      "p" : "0.29739",
      "s" : "sell",
      "i" : "WCT_USD",
      "m" : "4611686018428000699"
    }, {
      "d" : "1756459672873306768",
      "t" : 1756459672873,
      "tn" : 1756459672873306768,
      "q" : "4",
      "p" : "0.29739",
      "s" : "sell",
      "i" : "WCT_USD",
      "m" : "4611686018428000698"
    }, {
      "d" : "1756459671920587271",
      "t" : 1756459671920,
      "tn" : 1756459671920587271,
      "q" : "4",
      "p" : "0.29729",
      "s" : "sell",
      "i" : "WCT_USD",
      "m" : "4611686018428000697"
    } ]
  }
}