{
  "id" : -1,
  "method" : "public/get-trades",
  "code" : 0,
  "result" : {
    "data" : [ {
      "d" : "1756461956248412778",
      "t" : 1756461956248,
      "tn" : 1756461956248412778,
      "q" : "10",
      "p" : "0.29931",
      "s" : "sell",
      "i" : "WCTUSD-PERP",
      "m" : "4611686018427582342"
    }, {
      "d" : "1756461956248410635",
      "t" : 1756461956248,
      "tn" : 1756461956248410635,
      "q" : "10",
      "p" : "0.29939",
      "s" : "sell",
      "i" : "WCTUSD-PERP",
      "m" : "4611686018427582341"
    }, {
      "d" : "1756460289334749508",
      "t" : 1756460289334,
      "tn" : 1756460289334749508,
      "q" : "10",
      "p" : "0.29790",
      "s" : "buy",
      "i" : "WCTUSD-PERP",
      "m" : "4611686018427582340"
    }, {
      "d" : "1756460289334747150",
      "t" : 1756460289334,
      "tn" : 1756460289334747150,
      "q" : "10",
      "p" : "0.29780",
      "s" : "buy",
      "i" : "WCTUSD-PERP",
      "m" : "4611686018427582339"
    }, {
      "d" : "1756458188161791755",
      "t" : 1756458188161,
      "tn" : 1756458188161791755,
      "q" : "10",
      "p" : "0.29471",
      "s" : "buy",
      "i" : "WCTUSD-PERP",
      "m" : "4611686018427582338"
    }, {
      "d" : "1756458160063338537",
      "t" : 1756458160063,
      "tn" : 1756458160063338537,
      "q" : "10",
      "p" : "0.29550",
      "s" : "sell",
      "i" : "WCTUSD-PERP",
      "m" : "4611686018427582337"
    }, {
      "d" : "1756458160061856787",
      "t" : 1756458160061,
      "tn" : 1756458160061856787,
      "q" : "10",
      "p" : "0.29553",
      "s" : "sell",
      "i" : "WCTUSD-PERP",
      "m" : "4611686018427582336"
    }, {
      "d" : "1756458149945979135",
      "t" : 1756458149945,
      "tn" : 1756458149945979135,
      "q" : "10",
      "p" : "0.29619",
      "s" : "sell",
      "i" : "WCTUSD-PERP",
      "m" : "4611686018427582335"
    }, {
      "d" : "1756458114927720531",
      "t" : 1756458114927,
      "tn" : 1756458114927720531,
      "q" : "10",
      "p" : "0.29682",
      "s" : "sell",
      "i" : "WCTUSD-PERP",
      "m" : "4611686018427582334"
    }, {
      "d" : "1756457881179677237",
      "t" : 1756457881179,
      "tn" : 1756457881179677237,
      "q" : "10",
      "p" : "0.29703",
      "s" : "buy",
      "i" : "WCTUSD-PERP",
      "m" : "4611686018427582333"
    }, {
      "d" : "1756457576035790067",
      "t" : 1756457576035,
      "tn" : 1756457576035790067,
      "q" : "10",
      "p" : "0.29754",
      "s" : "sell",
      "i" : "WCTUSD-PERP",
      "m" : "4611686018427582332"
    }, {
      "d" : "1756457576035789544",
      "t" : 1756457576035,
      "tn" : 1756457576035789544,
      "q" : "10",
      "p" : "0.29762",
      "s" : "sell",
      "i" : "WCTUSD-PERP",
      "m" : "4611686018427582331"
    }, {
      "d" : "1756457574567060673",
      "t" : 1756457574567,
      "tn" : 1756457574567060673,
      "q" : "10",
      "p" : "0.29795",
      "s" : "sell",
      "i" : "WCTUSD-PERP",
      "m" : "4611686018427582330"
    }, {
      "d" : "1756455325643864409",
      "t" : 1756455325643,
      "tn" : 1756455325643864409,
      "q" : "150",
      "p" : "0.30006",
      "s" : "sell",
      "i" : "WCTUSD-PERP",
      "m" : "4611686018427582329"
    }, {
      "d" : "1756455325643862783",
      "t" : 1756455325643,
      "tn" : 1756455325643862783,
      "q" : "10",
      "p" : "0.30008",
      "s" : "sell",
      "i" : "WCTUSD-PERP",
      "m" : "4611686018427582328"
    }, {
      "d" : "1756455047354208156",
      "t" : 1756455047354,
      "tn" : 1756455047354208156,
      "q" : "10",
      "p" : "0.29898",
      "s" : "sell",
      "i" : "WCTUSD-PERP",
      "m" : "4611686018427582327"
    }, {
      "d" : "1756455047354206516",
      "t" : 1756455047354,
      "tn" : 1756455047354206516,
      "q" : "10",
      "p" : "0.29901",
      "s" : "sell",
      "i" : "WCTUSD-PERP",
      "m" : "4611686018427582326"
    }, {
      "d" : "1756452429421066142",
      "t" : 1756452429421,
      "tn" : 1756452429421066142,
      "q" : "310",
      "p" : "0.30042",
      "s" : "buy",
      "i" : "WCTUSD-PERP",
      "m" : "4611686018427582325"
    }, {
      "d" : "1756452429421064593",
      "t" : 1756452429421,
      "tn" : 1756452429421064593,
      "q" : "10",
      "p" : "0.30032",
      "s" : "buy",
      "i" : "WCTUSD-PERP",
      "m" : "4611686018427582324"
    }, {
      "d" : "1756452429421062120",
      "t" : 1756452429421,
      "tn" : 1756452429421062120,
      "q" : "10",
      "p" : "0.30030",
      "s" : "buy",
      "i" : "WCTUSD-PERP",
      "m" : "4611686018427582323"
    }, {
      "d" : "1756452362565545388",
      "t" : 1756452362565,
      "tn" : 1756452362565545388,
      "q" : "10",
      "p" : "0.30081",
      "s" : "sell",
      "i" : "WCTUSD-PERP",
      "m" : "4611686018427582322"
    }, {
      "d" : "1756452262664373321",
      "t" : 1756452262664,
      "tn" : 1756452262664373321,
      "q" : "160",
      "p" : "0.30138",
      "s" : "sell",
      "i" : "WCTUSD-PERP",
      "m" : "4611686018427582321"
    }, {
      "d" : "1756452135022549119",
      "t" : 1756452135022,
      "tn" : 1756452135022549119,
      "q" : "160",
      "p" : "0.30132",
      "s" : "sell",
      "i" : "WCTUSD-PERP",
      "m" : "4611686018427582320"
    }, {
      "d" : "1756451896506746894",
      "t" : 1756451896506,
      "tn" : 1756451896506746894,
      "q" : "10",
      "p" : "0.30186",
      "s" : "buy",
      "i" : "WCTUSD-PERP",
      "m" : "4611686018427582319"
    }, {
      "d" : "1756451896502412331",
      "t" : 1756451896502,
      "tn" : 1756451896502412331,
      "q" : "310",
      "p" : "0.30192",
      "s" : "buy",
      "i" : "WCTUSD-PERP",
      "m" : "4611686018427582318"
    }, {
      "d" : "1756451896502410162",
      "t" : 1756451896502,
      "tn" : 1756451896502410162,
      "q" : "10",
      "p" : "0.30189",
      "s" : "buy",
      "i" : "WCTUSD-PERP",
      "m" : "4611686018427582317"
    }, {
      "d" : "1756451896502408155",
      "t" : 1756451896502,
      "tn" : 1756451896502408155,
      "q" : "10",
      "p" : "0.30182",
      "s" : "buy",
      "i" : "WCTUSD-PERP",
      "m" : "4611686018427582316"
    }, {
      "d" : "1756451802745948555",
      "t" : 1756451802745,
      "tn" : 1756451802745948555,
      "q" : "10",
      "p" : "0.30199",
      "s" : "buy",
      "i" : "WCTUSD-PERP",
      "m" : "4611686018427582315"
    }, {
      "d" : "1756451731024580013",
      "t" : 1756451731024,
      "tn" : 1756451731024580012,
      "q" : "160",
      "p" : "0.30168",
      "s" : "sell",
      "i" : "WCTUSD-PERP",
      "m" : "4611686018427582314"
    }, {
      "d" : "1756451731024580012",
      "t" : 1756451731024,
      "tn" : 1756451731024580012,
      "q" : "10",
      "p" : "0.30168",
      "s" : "sell",
      "i" : "WCTUSD-PERP",
      "m" : "4611686018427582314"
    }, {
      "d" : "1756451694456771641",
      "t" : 1756451694456,
      "tn" : 1756451694456771641,
      "q" : "150",
      "p" : "0.30144",
      "s" : "sell",
      "i" : "WCTUSD-PERP",
      "m" : "4611686018427582313"
    }, {
      "d" : "1756451694456770058",
      "t" : 1756451694456,
      "tn" : 1756451694456770058,
      "q" : "10",
      "p" : "0.30148",
      "s" : "sell",
      "i" : "WCTUSD-PERP",
      "m" : "4611686018427582312"
    }, {
      "d" : "1756451683895675325",
      "t" : 1756451683895,
      "tn" : 1756451683895675325,
      "q" : "160",
      "p" : "0.30162",
      "s" : "sell",
      "i" : "WCTUSD-PERP",
      "m" : "4611686018427582311"
    }, {
      "d" : "1756451382682989997",
      "t" : 1756451382682,
      "tn" : 1756451382682989997,
      "q" : "150",
      "p" : "0.30264",
      "s" : "sell",
      "i" : "WCTUSD-PERP",
      "m" : "4611686018427582310"
    }, {
      "d" : "1756451382682988624",
      "t" : 1756451382682,
      "tn" : 1756451382682988624,
      "q" : "10",
      "p" : "0.30278",
      "s" : "sell",
      "i" : "WCTUSD-PERP",
      "m" : "4611686018427582309"
    }, {
      "d" : "1756451382674848176",
      "t" : 1756451382674,
      "tn" : 1756451382674848176,
      "q" : "10",
      "p" : "0.30288",
      "s" : "sell",
      "i" : "WCTUSD-PERP",
      "m" : "4611686018427582308"
    }, {
      "d" : "1756451371426666339",
      "t" : 1756451371426,
      "tn" : 1756451371426666338,
      "q" : "10",
      "p" : "0.30288",
      "s" : "sell",
      "i" : "WCTUSD-PERP",
      "m" : "4611686018427582307"
    }, {
      "d" : "1756451371426666338",
      "t" : 1756451371426,
      "tn" : 1756451371426666338,
      "q" : "10",
      "p" : "0.30288",
      "s" : "sell",
      "i" : "WCTUSD-PERP",
      "m" : "4611686018427582307"
    }, {
      "d" : "1756451260377062879",
      "t" : 1756451260377,
      "tn" : 1756451260377062879,
      "q" : "10",
      "p" : "0.30336",
      "s" : "sell",
      "i" : "WCTUSD-PERP",
      "m" : "4611686018427582306"
    }, {
      "d" : "1756451260377061128",
      "t" : 1756451260377,
      "tn" : 1756451260377061128,
      "q" : "10",
      "p" : "0.30354",
      "s" : "sell",
      "i" : "WCTUSD-PERP",
      "m" : "4611686018427582305"
    }, {
      "d" : "1756451021495454155",
      "t" : 1756451021495,
      "tn" : 1756451021495454155,
      "q" : "10",
      "p" : "0.30408",
      "s" : "sell",
      "i" : "WCTUSD-PERP",
      "m" : "4611686018427582304"
    }, {
      "d" : "1756446883951055020",
      "t" : 1756446883951,
      "tn" : 1756446883951055020,
      "q" : "10",
      "p" : "0.30882",
      "s" : "buy",
      "i" : "WCTUSD-PERP",
      "m" : "4611686018427582303"
    }, {
      "d" : "1756446057697399858",
      "t" : 1756446057697,
      "tn" : 1756446057697399858,
      "q" : "10",
      "p" : "0.30882",
      "s" : "buy",
      "i" : "WCTUSD-PERP",
      "m" : "4611686018427582302"
    }, {
      "d" : "1756444638626202313",
      "t" : 1756444638626,
      "tn" : 1756444638626202313,
      "q" : "10",
      "p" : "0.30816",
      "s" : "buy",
      "i" : "WCTUSD-PERP",
      "m" : "4611686018427582301"
    }, {
      "d" : "1756444637099113828",
      "t" : 1756444637099,
      "tn" : 1756444637099113828,
      "q" : "10",
      "p" : "0.30768",
      "s" : "buy",
      "i" : "WCTUSD-PERP",
      "m" : "4611686018427582300"
    }, {
      "d" : "1756444637099111682",
      "t" : 1756444637099,
      "tn" : 1756444637099111682,
      "q" : "10",
      "p" : "0.30763",
      "s" : "buy",
      "i" : "WCTUSD-PERP",
      "m" : "4611686018427582299"
    }, {
      "d" : "1756443290134882270",
      "t" : 1756443290134,
      "tn" : 1756443290134882269,
      "q" : "10",
      "p" : "0.30750",
      "s" : "buy",
      "i" : "WCTUSD-PERP",
      "m" : "4611686018427582298"
    }, {
      "d" : "1756443290134882269",
      "t" : 1756443290134,
      "tn" : 1756443290134882269,
      "q" : "10",
      "p" : "0.30750",
      "s" : "buy",
      "i" : "WCTUSD-PERP",
      "m" : "4611686018427582298"
    }, {
      "d" : "1756437395756733150",
      "t" : 1756437395756,
      "tn" : 1756437395756733150,
      "q" : "10",
      "p" : "0.30702",
      "s" : "buy",
      "i" : "WCTUSD-PERP",
      "m" : "4611686018427582297"
    }, {
      "d" : "1756437395756730850",
      "t" : 1756437395756,
      "tn" : 1756437395756730850,
      "q" : "10",
      "p" : "0.30697",
      "s" : "buy",
      "i" : "WCTUSD-PERP",
      "m" : "4611686018427582296"
    }, {
      "d" : "1756435463254467312",
      "t" : 1756435463254,
      "tn" : 1756435463254467312,
      "q" : "10",
      "p" : "0.30703",
      "s" : "buy",
      "i" : "WCTUSD-PERP",
      "m" : "4611686018427582295"
    }, {
      "d" : "1756427972957213970",
      "t" : 1756427972957,
      "tn" : 1756427972957213970,
      "q" : "10",
      "p" : "0.31001",
      "s" : "buy",
      "i" : "WCTUSD-PERP",
      "m" : "4611686018427582294"
    }, {
      "d" : "1756427788462663753",
      "t" : 1756427788462,
      "tn" : 1756427788462663753,
      "q" : "10",
      "p" : "0.30981",
      "s" : "sell",
      "i" : "WCTUSD-PERP",
      "m" : "4611686018427582293"
    }, {
      "d" : "1756427788462556973",
      "t" : 1756427788462,
      "tn" : 1756427788462556973,
      "q" : "10",
      "p" : "0.30990",
      "s" : "sell",
      "i" : "WCTUSD-PERP",
      "m" : "4611686018427582292"
    }, {
      "d" : "1756427337015573852",
      "t" : 1756427337015,
      "tn" : 1756427337015573852,
      "q" : "310",
      "p" : "0.31056",
      "s" : "buy",
      "i" : "WCTUSD-PERP",
      "m" : "4611686018427582291"
    }, {
      "d" : "1756425608198383194",
      "t" : 1756425608198,
      "tn" : 1756425608198383194,
      "q" : "80",
      "p" : "0.30949",
      "s" : "sell",
      "i" : "WCTUSD-PERP",
      "m" : "4611686018427582290"
    }, {
      "d" : "1756425608198381627",
      "t" : 1756425608198,
      "tn" : 1756425608198381627,
      "q" : "10",
      "p" : "0.30953",
      "s" : "sell",
      "i" : "WCTUSD-PERP",
      "m" : "4611686018427582289"
    }, {
      "d" : "1756424645039056340",
      "t" : 1756424645039,
      "tn" : 1756424645039056340,
      "q" : "10",
      "p" : "0.30861",
      "s" : "buy",
      "i" : "WCTUSD-PERP",
      "m" : "4611686018427582288"
    }, {
      "d" : "1756423688392326578",
      "t" : 1756423688392,
      "tn" : 1756423688392326577,
      "q" : "10",
      "p" : "0.30816",
      "s" : "buy",
      "i" : "WCTUSD-PERP",
      "m" : "4611686018427582287"
    }, {
      "d" : "1756423688392326577",
      "t" : 1756423688392,
      "tn" : 1756423688392326577,
      "q" : "320",
      "p" : "0.30816",
      "s" : "buy",
      "i" : "WCTUSD-PERP",
      "m" : "4611686018427582287"
    }, {
      "d" : "1756423564359718326",
      "t" : 1756423564359,
      "tn" : 1756423564359718326,
      "q" : "310",
      "p" : "0.30816",
      "s" : "buy",
      "i" : "WCTUSD-PERP",
      "m" : "4611686018427582286"
    }, {
      "d" : "1756423518198638085",
      "t" : 1756423518198,
      "tn" : 1756423518198638085,
      "q" : "310",
      "p" : "0.30822",
      "s" : "buy",
      "i" : "WCTUSD-PERP",
      "m" : "4611686018427582285"
    }, {
      "d" : "1756423518198636352",
      "t" : 1756423518198,
      "tn" : 1756423518198636352,
      "q" : "10",
      "p" : "0.30819",
      "s" : "buy",
      "i" : "WCTUSD-PERP",
      "m" : "4611686018427582284"
    }, {
      "d" : "1756423318325695298",
      "t" : 1756423318325,
      "tn" : 1756423318325695298,
      "q" : "10",
      "p" : "0.30864",
      "s" : "buy",
      "i" : "WCTUSD-PERP",
      "m" : "4611686018427582283"
    }, {
      "d" : "1756422881529169726",
      "t" : 1756422881529,
      "tn" : 1756422881529169726,
      "q" : "10",
      "p" : "0.30864",
      "s" : "buy",
      "i" : "WCTUSD-PERP",
      "m" : "4611686018427582282"
    }, {
      "d" : "1756422857506389677",
      "t" : 1756422857506,
      "tn" : 1756422857506389677,
      "q" : "270",
      "p" : "0.30834",
      "s" : "buy",
      "i" : "WCTUSD-PERP",
      "m" : "4611686018427582281"
    }, {
      "d" : "1756422043165620656",
      "t" : 1756422043165,
      "tn" : 1756422043165620656,
      "q" : "1000",
      "p" : "0.30881",
      "s" : "sell",
      "i" : "WCTUSD-PERP",
      "m" : "4611686018427582280"
    }, {
      "d" : "1756421245722663719",
      "t" : 1756421245722,
      "tn" : 1756421245722663719,
      "q" : "10",
      "p" : "0.30911",
      "s" : "buy",
      "i" : "WCTUSD-PERP",
      "m" : "4611686018427582279"
    }, {
      "d" : "1756421245722661434",
      "t" : 1756421245722,
      "tn" : 1756421245722661434,
      "q" : "10",
      "p" : "0.30909",
      "s" : "buy",
      "i" : "WCTUSD-PERP",
      "m" : "4611686018427582278"
    }, {
      "d" : "1756414591181906494",
      "t" : 1756414591181,
      "tn" : 1756414591181906494,
      "q" : "10",
      "p" : "0.30679",
      "s" : "sell",
      "i" : "WCTUSD-PERP",
      "m" : "4611686018427582277"
    }, {
      "d" : "1756412374379572255",
      "t" : 1756412374379,
      "tn" : 1756412374379572255,
      "q" : "10",
      "p" : "0.30642",
      "s" : "sell",
      "i" : "WCTUSD-PERP",
      "m" : "4611686018427582276"
    }, {
      "d" : "1756408223704110366",
      "t" : 1756408223704,
      "tn" : 1756408223704110366,
      "q" : "10",
      "p" : "0.30976",
      "s" : "sell",
      "i" : "WCTUSD-PERP",
      "m" : "4611686018427582275"
    }, {
      "d" : "1756408131457428921",
      "t" : 1756408131457,
      "tn" : 1756408131457428921,
      "q" : "10",
      "p" : "0.30957",
      "s" : "buy",
      "i" : "WCTUSD-PERP",
      "m" : "4611686018427582274"
    }, {
      "d" : "1756407959193693728",
      "t" : 1756407959193,
      "tn" : 1756407959193693728,
      "q" : "10",
      "p" : "0.30844",
      "s" : "buy",
      "i" : "WCTUSD-PERP",
      "m" : "4611686018427582273"
    }, {
      "d" : "1756405836030777142",
      "t" : 1756405836030,
      "tn" : 1756405836030777142,
      "q" : "10",
      "p" : "0.30800",
      "s" : "buy",
      "i" : "WCTUSD-PERP",
      "m" : "4611686018427582272"
    }, {
      "d" : "1756401104178364581",
      "t" : 1756401104178,
      "tn" : 1756401104178364581,
      "q" : "10",
      "p" : "0.30618",
      "s" : "buy",
      "i" : "WCTUSD-PERP",
      "m" : "4611686018427582271"
    }, {
      "d" : "1756401104178362180",
      "t" : 1756401104178,
      "tn" : 1756401104178362180,
      "q" : "10",
      "p" : "0.30601",
      "s" : "buy",
      "i" : "WCTUSD-PERP",
      "m" : "4611686018427582270"
    }, {
      "d" : "1756396929149228992",
      "t" : 1756396929149,
      "tn" : 1756396929149228992,
      "q" : "230",
      "p" : "0.30880",
      "s" : "sell",
      "i" : "WCTUSD-PERP",
      "m" : "4611686018427582269"
    }, {
      "d" : "1756395781652176378",
      "t" : 1756395781652,
      "tn" : 1756395781652176377,
      "q" : "10",
      "p" : "0.31050",
      "s" : "sell",
      "i" : "WCTUSD-PERP",
      "m" : "4611686018427582268"
    }, {
      "d" : "1756395781652176377",
      "t" : 1756395781652,
      "tn" : 1756395781652176377,
      "q" : "10",
      "p" : "0.31050",
      "s" : "sell",
      "i" : "WCTUSD-PERP",
      "m" : "4611686018427582268"
    }, {
      "d" : "1756395553079484100",
      "t" : 1756395553079,
      "tn" : 1756395553079484100,
      "q" : "10",
      "p" : "0.31100",
      "s" : "sell",
      "i" : "WCTUSD-PERP",
      "m" : "4611686018427582267"
    }, {
      "d" : "1756394159983890733",
      "t" : 1756394159983,
      "tn" : 1756394159983890733,
      "q" : "10",
      "p" : "0.31266",
      "s" : "buy",
      "i" : "WCTUSD-PERP",
      "m" : "4611686018427582266"
    }, {
      "d" : "1756394159983888817",
      "t" : 1756394159983,
      "tn" : 1756394159983888817,
      "q" : "10",
      "p" : "0.31261",
      "s" : "buy",
      "i" : "WCTUSD-PERP",
      "m" : "4611686018427582265"
    }, {
      "d" : "1756393307100356925",
      "t" : 1756393307100,
      "tn" : 1756393307100356925,
      "q" : "10",
      "p" : "0.31170",
      "s" : "sell",
      "i" : "WCTUSD-PERP",
      "m" : "4611686018427582264"
    }, {
      "d" : "1756392752905111410",
      "t" : 1756392752905,
      "tn" : 1756392752905111410,
      "q" : "10",
      "p" : "0.30991",
      "s" : "buy",
      "i" : "WCTUSD-PERP",
      "m" : "4611686018427582263"
    }, {
      "d" : "1756386276804003398",
      "t" : 1756386276804,
      "tn" : 1756386276804003398,
      "q" : "10",
      "p" : "0.30828",
      "s" : "sell",
      "i" : "WCTUSD-PERP",
      "m" : "4611686018427582262"
    }, {
      "d" : "1756386276804000666",
      "t" : 1756386276804,
      "tn" : 1756386276804000666,
      "q" : "10",
      "p" : "0.30840",
      "s" : "sell",
      "i" : "WCTUSD-PERP",
      "m" : "4611686018427582261"
    }, {
      "d" : "1756386272700387257",
      "t" : 1756386272700,
      "tn" : 1756386272700387257,
      "q" : "310",
      "p" : "0.30822",
      "s" : "buy",
      "i" : "WCTUSD-PERP",
      "m" : "4611686018427582260"
    }, {
      "d" : "1756386208181570140",
      "t" : 1756386208181,
      "tn" : 1756386208181570140,
      "q" : "10",
      "p" : "0.30813",
      "s" : "sell",
      "i" : "WCTUSD-PERP",
      "m" : "4611686018427582259"
    }, {
      "d" : "1756384989227889321",
      "t" : 1756384989227,
      "tn" : 1756384989227889321,
      "q" : "320",
      "p" : "0.30882",
      "s" : "buy",
      "i" : "WCTUSD-PERP",
      "m" : "4611686018427582258"
    }, {
      "d" : "1756384989223548611",
      "t" : 1756384989223,
      "tn" : 1756384989223548611,
      "q" : "10",
      "p" : "0.30854",
      "s" : "buy",
      "i" : "WCTUSD-PERP",
      "m" : "4611686018427582257"
    }, {
      "d" : "1756376926092336289",
      "t" : 1756376926092,
      "tn" : 1756376926092336289,
      "q" : "10",
      "p" : "0.30594",
      "s" : "buy",
      "i" : "WCTUSD-PERP",
      "m" : "4611686018427582256"
    }, {
      "d" : "1756376926092333357",
      "t" : 1756376926092,
      "tn" : 1756376926092333357,
      "q" : "10",
      "p" : "0.30590",
      "s" : "buy",
      "i" : "WCTUSD-PERP",
      "m" : "4611686018427582255"
    } ]
  }
}