{
  "id" : -1,
  "method" : "public/get-trades",
  "code" : 0,
  "result" : {
    "data" : [ {
      "d" : "1756458159047729366",
      "t" : 1756458159047,
      "tn" : 1756458159047729366,
      "q" : "35000",
      "p" : "0.00003373",
      "s" : "buy",
      "i" : "WEN_USD",
      "m" : "4611686018428263711"
    }, {
      "d" : "1756448412411217328",
      "t" : 1756448412411,
      "tn" : 1756448412411217328,
      "q" : "248000",
      "p" : "0.00003655",
      "s" : "sell",
      "i" : "WEN_USD",
      "m" : "4611686018428263710"
    }, {
      "d" : "1756448412410875622",
      "t" : 1756448412410,
      "tn" : 1756448412410875622,
      "q" : "1094000",
      "p" : "0.00003655",
      "s" : "sell",
      "i" : "WEN_USD",
      "m" : "4611686018428263709"
    }, {
      "d" : "1756448400445885923",
      "t" : 1756448400445,
      "tn" : 1756448400445885923,
      "q" : "35000",
      "p" : "0.00003647",
      "s" : "buy",
      "i" : "WEN_USD",
      "m" : "4611686018428263708"
    }, {
      "d" : "1756442984837702357",
      "t" : 1756442984837,
      "tn" : 1756442984837702357,
      "q" : "110000",
      "p" : "0.00003793",
      "s" : "buy",
      "i" : "WEN_USD",
      "m" : "4611686018428263707"
    }, {
      "d" : "1756442984837700274",
      "t" : 1756442984837,
      "tn" : 1756442984837700274,
      "q" : "35000",
      "p" : "0.00003769",
      "s" : "buy",
      "i" : "WEN_USD",
      "m" : "4611686018428263706"
    }, {
      "d" : "1756442957465112238",
      "t" : 1756442957465,
      "tn" : 1756442957465112238,
      "q" : "130000",
      "p" : "0.00003792",
      "s" : "buy",
      "i" : "WEN_USD",
      "m" : "4611686018428263705"
    }, {
      "d" : "1756442910859003480",
      "t" : 1756442910859,
      "tn" : 1756442910859003480,
      "q" : "275000",
      "p" : "0.00003779",
      "s" : "buy",
      "i" : "WEN_USD",
      "m" : "4611686018428263704"
    }, {
      "d" : "1756442910859001288",
      "t" : 1756442910859,
      "tn" : 1756442910859001288,
      "q" : "35000",
      "p" : "0.00003767",
      "s" : "buy",
      "i" : "WEN_USD",
      "m" : "4611686018428263703"
    }, {
      "d" : "1756439215784340571",
      "t" : 1756439215784,
      "tn" : 1756439215784340571,
      "q" : "72000",
      "p" : "0.00003763",
      "s" : "buy",
      "i" : "WEN_USD",
      "m" : "4611686018428263702"
    }, {
      "d" : "1756439215784338345",
      "t" : 1756439215784,
      "tn" : 1756439215784338345,
      "q" : "35000",
      "p" : "0.00003755",
      "s" : "buy",
      "i" : "WEN_USD",
      "m" : "4611686018428263701"
    }, {
      "d" : "1756438980498363854",
      "t" : 1756438980498,
      "tn" : 1756438980498363854,
      "q" : "217000",
      "p" : "0.00003742",
      "s" : "buy",
      "i" : "WEN_USD",
      "m" : "4611686018428263700"
    } ]
  }
}