{
  "id" : -1,
  "method" : "public/get-trades",
  "code" : 0,
  "result" : {
    "data" : [ {
      "d" : "1756462950866044830",
      "t" : 1756462950866,
      "tn" : 1756462950866044830,
      "q" : "500.0",
      "p" : "0.8082",
      "s" : "sell",
      "i" : "WIF_USD",
      "m" : "4611686018437029543"
    }, {
      "d" : "1756462932059162738",
      "t" : 1756462932059,
      "tn" : 1756462932059162738,
      "q" : "96.7",
      "p" : "0.8088",
      "s" : "sell",
      "i" : "WIF_USD",
      "m" : "4611686018437029542"
    }, {
      "d" : "1756462930544136751",
      "t" : 1756462930544,
      "tn" : 1756462930544136751,
      "q" : "1.5",
      "p" : "0.8088",
      "s" : "buy",
      "i" : "WIF_USD",
      "m" : "4611686018437029541"
    }, {
      "d" : "1756462897940476511",
      "t" : 1756462897940,
      "tn" : 1756462897940476511,
      "q" : "1.5",
      "p" : "0.8089",
      "s" : "buy",
      "i" : "WIF_USD",
      "m" : "4611686018437029540"
    }, {
      "d" : "1756462886949913737",
      "t" : 1756462886949,
      "tn" : 1756462886949913737,
      "q" : "1.5",
      "p" : "0.8090",
      "s" : "buy",
      "i" : "WIF_USD",
      "m" : "4611686018437029539"
    }, {
      "d" : "1756462886827717430",
      "t" : 1756462886827,
      "tn" : 1756462886827717430,
      "q" : "1.5",
      "p" : "0.8090",
      "s" : "buy",
      "i" : "WIF_USD",
      "m" : "4611686018437029538"
    }, {
      "d" : "1756462878246979819",
      "t" : 1756462878246,
      "tn" : 1756462878246979819,
      "q" : "1.5",
      "p" : "0.8091",
      "s" : "buy",
      "i" : "WIF_USD",
      "m" : "4611686018437029537"
    }, {
      "d" : "1756462876982022368",
      "t" : 1756462876982,
      "tn" : 1756462876982022368,
      "q" : "1.5",
      "p" : "0.8090",
      "s" : "buy",
      "i" : "WIF_USD",
      "m" : "4611686018437029536"
    }, {
      "d" : "1756462876458083457",
      "t" : 1756462876458,
      "tn" : 1756462876458083457,
      "q" : "1.5",
      "p" : "0.8089",
      "s" : "buy",
      "i" : "WIF_USD",
      "m" : "4611686018437029535"
    }, {
      "d" : "1756462871095301249",
      "t" : 1756462871095,
      "tn" : 1756462871095301249,
      "q" : "1.5",
      "p" : "0.8096",
      "s" : "sell",
      "i" : "WIF_USD",
      "m" : "4611686018437029534"
    }, {
      "d" : "1756462870944811754",
      "t" : 1756462870944,
      "tn" : 1756462870944811754,
      "q" : "1.5",
      "p" : "0.8096",
      "s" : "sell",
      "i" : "WIF_USD",
      "m" : "4611686018437029533"
    }, {
      "d" : "1756462870849558115",
      "t" : 1756462870849,
      "tn" : 1756462870849558115,
      "q" : "1.5",
      "p" : "0.8096",
      "s" : "sell",
      "i" : "WIF_USD",
      "m" : "4611686018437029532"
    }, {
      "d" : "1756462870749326707",
      "t" : 1756462870749,
      "tn" : 1756462870749326707,
      "q" : "1.5",
      "p" : "0.8096",
      "s" : "sell",
      "i" : "WIF_USD",
      "m" : "4611686018437029531"
    }, {
      "d" : "1756462870739269387",
      "t" : 1756462870739,
      "tn" : 1756462870739269387,
      "q" : "1.5",
      "p" : "0.8096",
      "s" : "sell",
      "i" : "WIF_USD",
      "m" : "4611686018437029530"
    }, {
      "d" : "1756462870719242468",
      "t" : 1756462870719,
      "tn" : 1756462870719242468,
      "q" : "1.5",
      "p" : "0.8096",
      "s" : "sell",
      "i" : "WIF_USD",
      "m" : "4611686018437029529"
    }, {
      "d" : "1756462870689024130",
      "t" : 1756462870689,
      "tn" : 1756462870689024130,
      "q" : "1.5",
      "p" : "0.8096",
      "s" : "sell",
      "i" : "WIF_USD",
      "m" : "4611686018437029528"
    }, {
      "d" : "1756462870680429519",
      "t" : 1756462870680,
      "tn" : 1756462870680429519,
      "q" : "1.5",
      "p" : "0.8096",
      "s" : "sell",
      "i" : "WIF_USD",
      "m" : "4611686018437029527"
    }, {
      "d" : "1756462870679005384",
      "t" : 1756462870679,
      "tn" : 1756462870679005384,
      "q" : "1.5",
      "p" : "0.8096",
      "s" : "sell",
      "i" : "WIF_USD",
      "m" : "4611686018437029526"
    }, {
      "d" : "1756462870673315329",
      "t" : 1756462870673,
      "tn" : 1756462870673315329,
      "q" : "1.5",
      "p" : "0.8096",
      "s" : "sell",
      "i" : "WIF_USD",
      "m" : "4611686018437029525"
    }, {
      "d" : "1756462833913420148",
      "t" : 1756462833913,
      "tn" : 1756462833913420148,
      "q" : "83.0",
      "p" : "0.8112",
      "s" : "buy",
      "i" : "WIF_USD",
      "m" : "4611686018437029524"
    }, {
      "d" : "1756462833913417462",
      "t" : 1756462833913,
      "tn" : 1756462833913417462,
      "q" : "12.4",
      "p" : "0.8111",
      "s" : "buy",
      "i" : "WIF_USD",
      "m" : "4611686018437029523"
    }, {
      "d" : "1756462833913414240",
      "t" : 1756462833913,
      "tn" : 1756462833913414240,
      "q" : "1.5",
      "p" : "0.8108",
      "s" : "buy",
      "i" : "WIF_USD",
      "m" : "4611686018437029522"
    }, {
      "d" : "1756462832964314704",
      "t" : 1756462832964,
      "tn" : 1756462832964314704,
      "q" : "1.5",
      "p" : "0.8108",
      "s" : "buy",
      "i" : "WIF_USD",
      "m" : "4611686018437029521"
    }, {
      "d" : "1756462832581190977",
      "t" : 1756462832581,
      "tn" : 1756462832581190977,
      "q" : "1.5",
      "p" : "0.8108",
      "s" : "buy",
      "i" : "WIF_USD",
      "m" : "4611686018437029520"
    }, {
      "d" : "1756462774452191812",
      "t" : 1756462774452,
      "tn" : 1756462774452191812,
      "q" : "1.5",
      "p" : "0.8101",
      "s" : "buy",
      "i" : "WIF_USD",
      "m" : "4611686018437029519"
    }, {
      "d" : "1756462770217668567",
      "t" : 1756462770217,
      "tn" : 1756462770217668567,
      "q" : "1.5",
      "p" : "0.8099",
      "s" : "buy",
      "i" : "WIF_USD",
      "m" : "4611686018437029518"
    }, {
      "d" : "1756462762172905314",
      "t" : 1756462762172,
      "tn" : 1756462762172905314,
      "q" : "1.5",
      "p" : "0.8099",
      "s" : "buy",
      "i" : "WIF_USD",
      "m" : "4611686018437029517"
    }, {
      "d" : "1756462760133198223",
      "t" : 1756462760133,
      "tn" : 1756462760133198223,
      "q" : "1.5",
      "p" : "0.8098",
      "s" : "buy",
      "i" : "WIF_USD",
      "m" : "4611686018437029516"
    }, {
      "d" : "1756462741374618151",
      "t" : 1756462741374,
      "tn" : 1756462741374618151,
      "q" : "1.5",
      "p" : "0.8091",
      "s" : "buy",
      "i" : "WIF_USD",
      "m" : "4611686018437029515"
    }, {
      "d" : "1756462740802949924",
      "t" : 1756462740802,
      "tn" : 1756462740802949924,
      "q" : "1.5",
      "p" : "0.8090",
      "s" : "buy",
      "i" : "WIF_USD",
      "m" : "4611686018437029514"
    }, {
      "d" : "1756462740423746071",
      "t" : 1756462740423,
      "tn" : 1756462740423746071,
      "q" : "1.5",
      "p" : "0.8090",
      "s" : "buy",
      "i" : "WIF_USD",
      "m" : "4611686018437029513"
    }, {
      "d" : "1756462738914229289",
      "t" : 1756462738914,
      "tn" : 1756462738914229289,
      "q" : "1.5",
      "p" : "0.8088",
      "s" : "buy",
      "i" : "WIF_USD",
      "m" : "4611686018437029512"
    }, {
      "d" : "1756462698844907566",
      "t" : 1756462698844,
      "tn" : 1756462698844907566,
      "q" : "1.5",
      "p" : "0.8088",
      "s" : "buy",
      "i" : "WIF_USD",
      "m" : "4611686018437029511"
    }, {
      "d" : "1756462698749593860",
      "t" : 1756462698749,
      "tn" : 1756462698749593860,
      "q" : "1.5",
      "p" : "0.8088",
      "s" : "buy",
      "i" : "WIF_USD",
      "m" : "4611686018437029510"
    }, {
      "d" : "1756462698729585719",
      "t" : 1756462698729,
      "tn" : 1756462698729585719,
      "q" : "1.5",
      "p" : "0.8088",
      "s" : "buy",
      "i" : "WIF_USD",
      "m" : "4611686018437029509"
    }, {
      "d" : "1756462698699607352",
      "t" : 1756462698699,
      "tn" : 1756462698699607352,
      "q" : "1.5",
      "p" : "0.8088",
      "s" : "buy",
      "i" : "WIF_USD",
      "m" : "4611686018437029508"
    }, {
      "d" : "1756462698646620670",
      "t" : 1756462698646,
      "tn" : 1756462698646620670,
      "q" : "1.5",
      "p" : "0.8088",
      "s" : "buy",
      "i" : "WIF_USD",
      "m" : "4611686018437029507"
    }, {
      "d" : "1756462698621544450",
      "t" : 1756462698621,
      "tn" : 1756462698621544450,
      "q" : "1.5",
      "p" : "0.8088",
      "s" : "buy",
      "i" : "WIF_USD",
      "m" : "4611686018437029506"
    }, {
      "d" : "1756462698604251938",
      "t" : 1756462698604,
      "tn" : 1756462698604251938,
      "q" : "1.5",
      "p" : "0.8087",
      "s" : "buy",
      "i" : "WIF_USD",
      "m" : "4611686018437029505"
    }, {
      "d" : "1756462698601453260",
      "t" : 1756462698601,
      "tn" : 1756462698601453260,
      "q" : "1.5",
      "p" : "0.8088",
      "s" : "buy",
      "i" : "WIF_USD",
      "m" : "4611686018437029504"
    }, {
      "d" : "1756462698449662748",
      "t" : 1756462698449,
      "tn" : 1756462698449662748,
      "q" : "1.5",
      "p" : "0.8087",
      "s" : "buy",
      "i" : "WIF_USD",
      "m" : "4611686018437029503"
    }, {
      "d" : "1756462698439171311",
      "t" : 1756462698439,
      "tn" : 1756462698439171311,
      "q" : "1.5",
      "p" : "0.8087",
      "s" : "buy",
      "i" : "WIF_USD",
      "m" : "4611686018437029502"
    }, {
      "d" : "1756462658362414072",
      "t" : 1756462658362,
      "tn" : 1756462658362414072,
      "q" : "1.5",
      "p" : "0.8080",
      "s" : "buy",
      "i" : "WIF_USD",
      "m" : "4611686018437029501"
    }, {
      "d" : "1756462644944472163",
      "t" : 1756462644944,
      "tn" : 1756462644944472163,
      "q" : "1.5",
      "p" : "0.8080",
      "s" : "buy",
      "i" : "WIF_USD",
      "m" : "4611686018437029500"
    }, {
      "d" : "1756462644879281298",
      "t" : 1756462644879,
      "tn" : 1756462644879281298,
      "q" : "1.5",
      "p" : "0.8080",
      "s" : "buy",
      "i" : "WIF_USD",
      "m" : "4611686018437029499"
    }, {
      "d" : "1756462644849256725",
      "t" : 1756462644849,
      "tn" : 1756462644849256725,
      "q" : "1.5",
      "p" : "0.8080",
      "s" : "buy",
      "i" : "WIF_USD",
      "m" : "4611686018437029498"
    }, {
      "d" : "1756462644778916318",
      "t" : 1756462644778,
      "tn" : 1756462644778916318,
      "q" : "1.5",
      "p" : "0.8080",
      "s" : "buy",
      "i" : "WIF_USD",
      "m" : "4611686018437029497"
    }, {
      "d" : "1756462644748952386",
      "t" : 1756462644748,
      "tn" : 1756462644748952386,
      "q" : "1.5",
      "p" : "0.8080",
      "s" : "buy",
      "i" : "WIF_USD",
      "m" : "4611686018437029496"
    }, {
      "d" : "1756462644518520772",
      "t" : 1756462644518,
      "tn" : 1756462644518520772,
      "q" : "1.5",
      "p" : "0.8080",
      "s" : "buy",
      "i" : "WIF_USD",
      "m" : "4611686018437029495"
    }, {
      "d" : "1756462644247057718",
      "t" : 1756462644247,
      "tn" : 1756462644247057718,
      "q" : "1.5",
      "p" : "0.8080",
      "s" : "buy",
      "i" : "WIF_USD",
      "m" : "4611686018437029494"
    }, {
      "d" : "1756462644147022633",
      "t" : 1756462644147,
      "tn" : 1756462644147022633,
      "q" : "1.5",
      "p" : "0.8080",
      "s" : "buy",
      "i" : "WIF_USD",
      "m" : "4611686018437029493"
    }, {
      "d" : "1756462644061917052",
      "t" : 1756462644061,
      "tn" : 1756462644061917052,
      "q" : "1.5",
      "p" : "0.8080",
      "s" : "buy",
      "i" : "WIF_USD",
      "m" : "4611686018437029492"
    }, {
      "d" : "1756462643681700944",
      "t" : 1756462643681,
      "tn" : 1756462643681700944,
      "q" : "1.5",
      "p" : "0.8080",
      "s" : "buy",
      "i" : "WIF_USD",
      "m" : "4611686018437029491"
    }, {
      "d" : "1756462642690720384",
      "t" : 1756462642690,
      "tn" : 1756462642690720384,
      "q" : "1.5",
      "p" : "0.8079",
      "s" : "buy",
      "i" : "WIF_USD",
      "m" : "4611686018437029490"
    }, {
      "d" : "1756462640517341391",
      "t" : 1756462640517,
      "tn" : 1756462640517341391,
      "q" : "1.5",
      "p" : "0.8079",
      "s" : "buy",
      "i" : "WIF_USD",
      "m" : "4611686018437029489"
    }, {
      "d" : "1756462640446210656",
      "t" : 1756462640446,
      "tn" : 1756462640446210656,
      "q" : "1.5",
      "p" : "0.8079",
      "s" : "buy",
      "i" : "WIF_USD",
      "m" : "4611686018437029488"
    }, {
      "d" : "1756462640431240148",
      "t" : 1756462640431,
      "tn" : 1756462640431240148,
      "q" : "1.5",
      "p" : "0.8079",
      "s" : "buy",
      "i" : "WIF_USD",
      "m" : "4611686018437029487"
    }, {
      "d" : "1756462640378683733",
      "t" : 1756462640378,
      "tn" : 1756462640378683733,
      "q" : "1.5",
      "p" : "0.8079",
      "s" : "buy",
      "i" : "WIF_USD",
      "m" : "4611686018437029486"
    }, {
      "d" : "1756462640376064086",
      "t" : 1756462640376,
      "tn" : 1756462640376064086,
      "q" : "1.5",
      "p" : "0.8079",
      "s" : "buy",
      "i" : "WIF_USD",
      "m" : "4611686018437029485"
    }, {
      "d" : "1756462640346866071",
      "t" : 1756462640346,
      "tn" : 1756462640346866071,
      "q" : "1.5",
      "p" : "0.8079",
      "s" : "buy",
      "i" : "WIF_USD",
      "m" : "4611686018437029484"
    }, {
      "d" : "1756462636556837352",
      "t" : 1756462636556,
      "tn" : 1756462636556837352,
      "q" : "1.5",
      "p" : "0.8086",
      "s" : "sell",
      "i" : "WIF_USD",
      "m" : "4611686018437029483"
    }, {
      "d" : "1756462636546822915",
      "t" : 1756462636546,
      "tn" : 1756462636546822915,
      "q" : "1.5",
      "p" : "0.8086",
      "s" : "sell",
      "i" : "WIF_USD",
      "m" : "4611686018437029482"
    }, {
      "d" : "1756462636536866874",
      "t" : 1756462636536,
      "tn" : 1756462636536866874,
      "q" : "1.5",
      "p" : "0.8086",
      "s" : "sell",
      "i" : "WIF_USD",
      "m" : "4611686018437029481"
    }, {
      "d" : "1756462636516866078",
      "t" : 1756462636516,
      "tn" : 1756462636516866078,
      "q" : "1.5",
      "p" : "0.8086",
      "s" : "sell",
      "i" : "WIF_USD",
      "m" : "4611686018437029480"
    }, {
      "d" : "1756462636481780782",
      "t" : 1756462636481,
      "tn" : 1756462636481780782,
      "q" : "1.5",
      "p" : "0.8086",
      "s" : "sell",
      "i" : "WIF_USD",
      "m" : "4611686018437029479"
    }, {
      "d" : "1756462636471807955",
      "t" : 1756462636471,
      "tn" : 1756462636471807955,
      "q" : "1.5",
      "p" : "0.8086",
      "s" : "sell",
      "i" : "WIF_USD",
      "m" : "4611686018437029478"
    }, {
      "d" : "1756462636345610287",
      "t" : 1756462636345,
      "tn" : 1756462636345610287,
      "q" : "1.5",
      "p" : "0.8086",
      "s" : "sell",
      "i" : "WIF_USD",
      "m" : "4611686018437029477"
    }, {
      "d" : "1756462636181434209",
      "t" : 1756462636181,
      "tn" : 1756462636181434209,
      "q" : "1.5",
      "p" : "0.8086",
      "s" : "sell",
      "i" : "WIF_USD",
      "m" : "4611686018437029476"
    }, {
      "d" : "1756462633702541834",
      "t" : 1756462633702,
      "tn" : 1756462633702541834,
      "q" : "1.5",
      "p" : "0.8081",
      "s" : "buy",
      "i" : "WIF_USD",
      "m" : "4611686018437029475"
    }, {
      "d" : "1756462632020733645",
      "t" : 1756462632020,
      "tn" : 1756462632020733645,
      "q" : "1.5",
      "p" : "0.8079",
      "s" : "buy",
      "i" : "WIF_USD",
      "m" : "4611686018437029474"
    }, {
      "d" : "1756462632019200059",
      "t" : 1756462632019,
      "tn" : 1756462632019200059,
      "q" : "1.5",
      "p" : "0.8079",
      "s" : "buy",
      "i" : "WIF_USD",
      "m" : "4611686018437029473"
    }, {
      "d" : "1756462631877538156",
      "t" : 1756462631877,
      "tn" : 1756462631877538156,
      "q" : "1.5",
      "p" : "0.8079",
      "s" : "buy",
      "i" : "WIF_USD",
      "m" : "4611686018437029472"
    }, {
      "d" : "1756462631518076170",
      "t" : 1756462631518,
      "tn" : 1756462631518076170,
      "q" : "1.5",
      "p" : "0.8078",
      "s" : "buy",
      "i" : "WIF_USD",
      "m" : "4611686018437029471"
    }, {
      "d" : "1756462631446901171",
      "t" : 1756462631446,
      "tn" : 1756462631446901171,
      "q" : "1.5",
      "p" : "0.8078",
      "s" : "buy",
      "i" : "WIF_USD",
      "m" : "4611686018437029470"
    }, {
      "d" : "1756462631424421594",
      "t" : 1756462631424,
      "tn" : 1756462631424421594,
      "q" : "1.5",
      "p" : "0.8078",
      "s" : "buy",
      "i" : "WIF_USD",
      "m" : "4611686018437029469"
    }, {
      "d" : "1756462631422282395",
      "t" : 1756462631422,
      "tn" : 1756462631422282395,
      "q" : "1.5",
      "p" : "0.8078",
      "s" : "buy",
      "i" : "WIF_USD",
      "m" : "4611686018437029468"
    }, {
      "d" : "1756462631332699766",
      "t" : 1756462631332,
      "tn" : 1756462631332699766,
      "q" : "1.5",
      "p" : "0.8078",
      "s" : "buy",
      "i" : "WIF_USD",
      "m" : "4611686018437029467"
    }, {
      "d" : "1756462631194143247",
      "t" : 1756462631194,
      "tn" : 1756462631194143247,
      "q" : "1.5",
      "p" : "0.8077",
      "s" : "buy",
      "i" : "WIF_USD",
      "m" : "4611686018437029466"
    }, {
      "d" : "1756462631182967196",
      "t" : 1756462631182,
      "tn" : 1756462631182967196,
      "q" : "1.5",
      "p" : "0.8077",
      "s" : "buy",
      "i" : "WIF_USD",
      "m" : "4611686018437029465"
    }, {
      "d" : "1756462620043296524",
      "t" : 1756462620043,
      "tn" : 1756462620043296524,
      "q" : "1.5",
      "p" : "0.8071",
      "s" : "buy",
      "i" : "WIF_USD",
      "m" : "4611686018437029464"
    }, {
      "d" : "1756462619518587583",
      "t" : 1756462619518,
      "tn" : 1756462619518587583,
      "q" : "1.5",
      "p" : "0.8069",
      "s" : "buy",
      "i" : "WIF_USD",
      "m" : "4611686018437029463"
    }, {
      "d" : "1756462606417855234",
      "t" : 1756462606417,
      "tn" : 1756462606417855234,
      "q" : "1.5",
      "p" : "0.8071",
      "s" : "buy",
      "i" : "WIF_USD",
      "m" : "4611686018437029462"
    }, {
      "d" : "1756462603021355573",
      "t" : 1756462603021,
      "tn" : 1756462603021355573,
      "q" : "1.5",
      "p" : "0.8070",
      "s" : "buy",
      "i" : "WIF_USD",
      "m" : "4611686018437029461"
    }, {
      "d" : "1756462593645709430",
      "t" : 1756462593645,
      "tn" : 1756462593645709430,
      "q" : "1.5",
      "p" : "0.8069",
      "s" : "buy",
      "i" : "WIF_USD",
      "m" : "4611686018437029460"
    }, {
      "d" : "1756462593515627992",
      "t" : 1756462593515,
      "tn" : 1756462593515627992,
      "q" : "1.5",
      "p" : "0.8069",
      "s" : "buy",
      "i" : "WIF_USD",
      "m" : "4611686018437029459"
    }, {
      "d" : "1756462593349385711",
      "t" : 1756462593349,
      "tn" : 1756462593349385711,
      "q" : "1.5",
      "p" : "0.8069",
      "s" : "buy",
      "i" : "WIF_USD",
      "m" : "4611686018437029458"
    }, {
      "d" : "1756462593249259519",
      "t" : 1756462593249,
      "tn" : 1756462593249259519,
      "q" : "1.5",
      "p" : "0.8069",
      "s" : "buy",
      "i" : "WIF_USD",
      "m" : "4611686018437029457"
    }, {
      "d" : "1756462593149168226",
      "t" : 1756462593149,
      "tn" : 1756462593149168226,
      "q" : "1.5",
      "p" : "0.8069",
      "s" : "buy",
      "i" : "WIF_USD",
      "m" : "4611686018437029456"
    }, {
      "d" : "1756462593049104133",
      "t" : 1756462593049,
      "tn" : 1756462593049104133,
      "q" : "1.5",
      "p" : "0.8069",
      "s" : "buy",
      "i" : "WIF_USD",
      "m" : "4611686018437029455"
    }, {
      "d" : "1756462592848777718",
      "t" : 1756462592848,
      "tn" : 1756462592848777718,
      "q" : "1.5",
      "p" : "0.8069",
      "s" : "buy",
      "i" : "WIF_USD",
      "m" : "4611686018437029454"
    }, {
      "d" : "1756462592783724179",
      "t" : 1756462592783,
      "tn" : 1756462592783724179,
      "q" : "1.5",
      "p" : "0.8069",
      "s" : "buy",
      "i" : "WIF_USD",
      "m" : "4611686018437029453"
    }, {
      "d" : "1756462592748360100",
      "t" : 1756462592748,
      "tn" : 1756462592748360100,
      "q" : "1.5",
      "p" : "0.8069",
      "s" : "buy",
      "i" : "WIF_USD",
      "m" : "4611686018437029452"
    }, {
      "d" : "1756462592517904917",
      "t" : 1756462592517,
      "tn" : 1756462592517904917,
      "q" : "1.5",
      "p" : "0.8069",
      "s" : "buy",
      "i" : "WIF_USD",
      "m" : "4611686018437029451"
    }, {
      "d" : "1756462592446754677",
      "t" : 1756462592446,
      "tn" : 1756462592446754677,
      "q" : "1.5",
      "p" : "0.8069",
      "s" : "buy",
      "i" : "WIF_USD",
      "m" : "4611686018437029450"
    }, {
      "d" : "1756462592046281085",
      "t" : 1756462592046,
      "tn" : 1756462592046281085,
      "q" : "1.5",
      "p" : "0.8069",
      "s" : "buy",
      "i" : "WIF_USD",
      "m" : "4611686018437029449"
    }, {
      "d" : "1756462591966094316",
      "t" : 1756462591966,
      "tn" : 1756462591966094316,
      "q" : "1.5",
      "p" : "0.8069",
      "s" : "buy",
      "i" : "WIF_USD",
      "m" : "4611686018437029448"
    }, {
      "d" : "1756462591946051809",
      "t" : 1756462591946,
      "tn" : 1756462591946051809,
      "q" : "1.5",
      "p" : "0.8069",
      "s" : "buy",
      "i" : "WIF_USD",
      "m" : "4611686018437029447"
    }, {
      "d" : "1756462591931050384",
      "t" : 1756462591931,
      "tn" : 1756462591931050384,
      "q" : "1.5",
      "p" : "0.8069",
      "s" : "buy",
      "i" : "WIF_USD",
      "m" : "4611686018437029446"
    }, {
      "d" : "1756462591845683015",
      "t" : 1756462591845,
      "tn" : 1756462591845683015,
      "q" : "1.5",
      "p" : "0.8069",
      "s" : "buy",
      "i" : "WIF_USD",
      "m" : "4611686018437029445"
    }, {
      "d" : "1756462591835670466",
      "t" : 1756462591835,
      "tn" : 1756462591835670466,
      "q" : "1.5",
      "p" : "0.8069",
      "s" : "buy",
      "i" : "WIF_USD",
      "m" : "4611686018437029444"
    }, {
      "d" : "1756462591785623047",
      "t" : 1756462591785,
      "tn" : 1756462591785623047,
      "q" : "1.5",
      "p" : "0.8069",
      "s" : "buy",
      "i" : "WIF_USD",
      "m" : "4611686018437029443"
    }, {
      "d" : "1756462591760326188",
      "t" : 1756462591760,
      "tn" : 1756462591760326188,
      "q" : "1.5",
      "p" : "0.8069",
      "s" : "buy",
      "i" : "WIF_USD",
      "m" : "4611686018437029442"
    }, {
      "d" : "1756462591664532576",
      "t" : 1756462591664,
      "tn" : 1756462591664532576,
      "q" : "1.5",
      "p" : "0.8069",
      "s" : "buy",
      "i" : "WIF_USD",
      "m" : "4611686018437029441"
    }, {
      "d" : "1756462590549244270",
      "t" : 1756462590549,
      "tn" : 1756462590549244270,
      "q" : "1.5",
      "p" : "0.8068",
      "s" : "buy",
      "i" : "WIF_USD",
      "m" : "4611686018437029440"
    }, {
      "d" : "1756462590381364851",
      "t" : 1756462590381,
      "tn" : 1756462590381364851,
      "q" : "1.5",
      "p" : "0.8076",
      "s" : "sell",
      "i" : "WIF_USD",
      "m" : "4611686018437029439"
    }, {
      "d" : "1756462580428997620",
      "t" : 1756462580428,
      "tn" : 1756462580428997619,
      "q" : "1.5",
      "p" : "0.8086",
      "s" : "sell",
      "i" : "WIF_USD",
      "m" : "4611686018437029438"
    }, {
      "d" : "1756462580428997619",
      "t" : 1756462580428,
      "tn" : 1756462580428997619,
      "q" : "154.7",
      "p" : "0.8086",
      "s" : "sell",
      "i" : "WIF_USD",
      "m" : "4611686018437029438"
    }, {
      "d" : "1756462573145987993",
      "t" : 1756462573145,
      "tn" : 1756462573145987993,
      "q" : "1.5",
      "p" : "0.8087",
      "s" : "buy",
      "i" : "WIF_USD",
      "m" : "4611686018437029437"
    }, {
      "d" : "1756462572745147633",
      "t" : 1756462572745,
      "tn" : 1756462572745147633,
      "q" : "1.5",
      "p" : "0.8087",
      "s" : "buy",
      "i" : "WIF_USD",
      "m" : "4611686018437029436"
    }, {
      "d" : "1756462572644941290",
      "t" : 1756462572644,
      "tn" : 1756462572644941290,
      "q" : "1.5",
      "p" : "0.8087",
      "s" : "buy",
      "i" : "WIF_USD",
      "m" : "4611686018437029435"
    }, {
      "d" : "1756462572537549004",
      "t" : 1756462572537,
      "tn" : 1756462572537549004,
      "q" : "1.5",
      "p" : "0.8087",
      "s" : "buy",
      "i" : "WIF_USD",
      "m" : "4611686018437029434"
    }, {
      "d" : "1756462572212915275",
      "t" : 1756462572212,
      "tn" : 1756462572212915275,
      "q" : "20.2",
      "p" : "0.8086",
      "s" : "sell",
      "i" : "WIF_USD",
      "m" : "4611686018437029433"
    }, {
      "d" : "1756462572212913021",
      "t" : 1756462572212,
      "tn" : 1756462572212913021,
      "q" : "77.2",
      "p" : "0.8087",
      "s" : "sell",
      "i" : "WIF_USD",
      "m" : "4611686018437029432"
    }, {
      "d" : "1756462571517349070",
      "t" : 1756462571517,
      "tn" : 1756462571517349070,
      "q" : "1.5",
      "p" : "0.8087",
      "s" : "buy",
      "i" : "WIF_USD",
      "m" : "4611686018437029431"
    }, {
      "d" : "1756462570845457935",
      "t" : 1756462570845,
      "tn" : 1756462570845457935,
      "q" : "1.5",
      "p" : "0.8087",
      "s" : "buy",
      "i" : "WIF_USD",
      "m" : "4611686018437029430"
    }, {
      "d" : "1756462570776988619",
      "t" : 1756462570776,
      "tn" : 1756462570776988619,
      "q" : "1.5",
      "p" : "0.8087",
      "s" : "buy",
      "i" : "WIF_USD",
      "m" : "4611686018437029429"
    }, {
      "d" : "1756462553149020805",
      "t" : 1756462553149,
      "tn" : 1756462553149020805,
      "q" : "1.5",
      "p" : "0.8080",
      "s" : "buy",
      "i" : "WIF_USD",
      "m" : "4611686018437029428"
    }, {
      "d" : "1756462553068925029",
      "t" : 1756462553068,
      "tn" : 1756462553068925029,
      "q" : "1.5",
      "p" : "0.8080",
      "s" : "buy",
      "i" : "WIF_USD",
      "m" : "4611686018437029427"
    }, {
      "d" : "1756462553051428232",
      "t" : 1756462553051,
      "tn" : 1756462553051428232,
      "q" : "1.5",
      "p" : "0.8080",
      "s" : "buy",
      "i" : "WIF_USD",
      "m" : "4611686018437029426"
    }, {
      "d" : "1756462517141020039",
      "t" : 1756462517141,
      "tn" : 1756462517141020039,
      "q" : "1.5",
      "p" : "0.8090",
      "s" : "buy",
      "i" : "WIF_USD",
      "m" : "4611686018437029425"
    }, {
      "d" : "1756462516731367062",
      "t" : 1756462516731,
      "tn" : 1756462516731367062,
      "q" : "1.5",
      "p" : "0.8088",
      "s" : "buy",
      "i" : "WIF_USD",
      "m" : "4611686018437029424"
    }, {
      "d" : "1756462516594257866",
      "t" : 1756462516594,
      "tn" : 1756462516594257866,
      "q" : "1.5",
      "p" : "0.8088",
      "s" : "buy",
      "i" : "WIF_USD",
      "m" : "4611686018437029423"
    }, {
      "d" : "1756462516543702051",
      "t" : 1756462516543,
      "tn" : 1756462516543702051,
      "q" : "1.5",
      "p" : "0.8087",
      "s" : "buy",
      "i" : "WIF_USD",
      "m" : "4611686018437029422"
    }, {
      "d" : "1756462516524026447",
      "t" : 1756462516524,
      "tn" : 1756462516524026447,
      "q" : "1.5",
      "p" : "0.8087",
      "s" : "buy",
      "i" : "WIF_USD",
      "m" : "4611686018437029421"
    }, {
      "d" : "1756462506351447066",
      "t" : 1756462506351,
      "tn" : 1756462506351447066,
      "q" : "1.5",
      "p" : "0.8096",
      "s" : "sell",
      "i" : "WIF_USD",
      "m" : "4611686018437029420"
    }, {
      "d" : "1756462506346859063",
      "t" : 1756462506346,
      "tn" : 1756462506346859063,
      "q" : "1.5",
      "p" : "0.8096",
      "s" : "sell",
      "i" : "WIF_USD",
      "m" : "4611686018437029419"
    }, {
      "d" : "1756462506324449205",
      "t" : 1756462506324,
      "tn" : 1756462506324449205,
      "q" : "1.5",
      "p" : "0.8096",
      "s" : "sell",
      "i" : "WIF_USD",
      "m" : "4611686018437029418"
    }, {
      "d" : "1756462502516355597",
      "t" : 1756462502516,
      "tn" : 1756462502516355597,
      "q" : "1.5",
      "p" : "0.8098",
      "s" : "buy",
      "i" : "WIF_USD",
      "m" : "4611686018437029417"
    }, {
      "d" : "1756462501047403277",
      "t" : 1756462501047,
      "tn" : 1756462501047403277,
      "q" : "1.5",
      "p" : "0.8099",
      "s" : "buy",
      "i" : "WIF_USD",
      "m" : "4611686018437029416"
    }, {
      "d" : "1756462500946483328",
      "t" : 1756462500946,
      "tn" : 1756462500946483328,
      "q" : "1.5",
      "p" : "0.8098",
      "s" : "buy",
      "i" : "WIF_USD",
      "m" : "4611686018437029415"
    }, {
      "d" : "1756462500867799961",
      "t" : 1756462500867,
      "tn" : 1756462500867799961,
      "q" : "1.5",
      "p" : "0.8098",
      "s" : "buy",
      "i" : "WIF_USD",
      "m" : "4611686018437029414"
    }, {
      "d" : "1756462500840331294",
      "t" : 1756462500840,
      "tn" : 1756462500840331294,
      "q" : "1.5",
      "p" : "0.8098",
      "s" : "buy",
      "i" : "WIF_USD",
      "m" : "4611686018437029413"
    }, {
      "d" : "1756462500785157857",
      "t" : 1756462500785,
      "tn" : 1756462500785157857,
      "q" : "1.5",
      "p" : "0.8098",
      "s" : "buy",
      "i" : "WIF_USD",
      "m" : "4611686018437029412"
    }, {
      "d" : "1756462500744849707",
      "t" : 1756462500744,
      "tn" : 1756462500744849707,
      "q" : "1.5",
      "p" : "0.8098",
      "s" : "buy",
      "i" : "WIF_USD",
      "m" : "4611686018437029411"
    }, {
      "d" : "1756462500669522793",
      "t" : 1756462500669,
      "tn" : 1756462500669522793,
      "q" : "1.5",
      "p" : "0.8098",
      "s" : "buy",
      "i" : "WIF_USD",
      "m" : "4611686018437029410"
    }, {
      "d" : "1756462500644495985",
      "t" : 1756462500644,
      "tn" : 1756462500644495985,
      "q" : "1.5",
      "p" : "0.8098",
      "s" : "buy",
      "i" : "WIF_USD",
      "m" : "4611686018437029409"
    }, {
      "d" : "1756462500604509795",
      "t" : 1756462500604,
      "tn" : 1756462500604509795,
      "q" : "1.5",
      "p" : "0.8098",
      "s" : "buy",
      "i" : "WIF_USD",
      "m" : "4611686018437029408"
    }, {
      "d" : "1756462500519359331",
      "t" : 1756462500519,
      "tn" : 1756462500519359331,
      "q" : "1.5",
      "p" : "0.8098",
      "s" : "buy",
      "i" : "WIF_USD",
      "m" : "4611686018437029407"
    }, {
      "d" : "1756462500448202894",
      "t" : 1756462500448,
      "tn" : 1756462500448202894,
      "q" : "1.5",
      "p" : "0.8098",
      "s" : "buy",
      "i" : "WIF_USD",
      "m" : "4611686018437029406"
    }, {
      "d" : "1756462500400660189",
      "t" : 1756462500400,
      "tn" : 1756462500400660189,
      "q" : "1.5",
      "p" : "0.8098",
      "s" : "buy",
      "i" : "WIF_USD",
      "m" : "4611686018437029405"
    }, {
      "d" : "1756462500382971791",
      "t" : 1756462500382,
      "tn" : 1756462500382971791,
      "q" : "1.5",
      "p" : "0.8098",
      "s" : "buy",
      "i" : "WIF_USD",
      "m" : "4611686018437029404"
    }, {
      "d" : "1756462500348043744",
      "t" : 1756462500348,
      "tn" : 1756462500348043744,
      "q" : "1.5",
      "p" : "0.8098",
      "s" : "buy",
      "i" : "WIF_USD",
      "m" : "4611686018437029403"
    }, {
      "d" : "1756462500337974856",
      "t" : 1756462500337,
      "tn" : 1756462500337974856,
      "q" : "1.5",
      "p" : "0.8098",
      "s" : "buy",
      "i" : "WIF_USD",
      "m" : "4611686018437029402"
    }, {
      "d" : "1756462500322954671",
      "t" : 1756462500322,
      "tn" : 1756462500322954671,
      "q" : "1.5",
      "p" : "0.8098",
      "s" : "buy",
      "i" : "WIF_USD",
      "m" : "4611686018437029401"
    }, {
      "d" : "1756462500262836019",
      "t" : 1756462500262,
      "tn" : 1756462500262836019,
      "q" : "1.5",
      "p" : "0.8098",
      "s" : "buy",
      "i" : "WIF_USD",
      "m" : "4611686018437029400"
    }, {
      "d" : "1756462500247894371",
      "t" : 1756462500247,
      "tn" : 1756462500247894371,
      "q" : "1.5",
      "p" : "0.8098",
      "s" : "buy",
      "i" : "WIF_USD",
      "m" : "4611686018437029399"
    }, {
      "d" : "1756462500237821956",
      "t" : 1756462500237,
      "tn" : 1756462500237821956,
      "q" : "1.5",
      "p" : "0.8098",
      "s" : "buy",
      "i" : "WIF_USD",
      "m" : "4611686018437029398"
    }, {
      "d" : "1756462500207759496",
      "t" : 1756462500207,
      "tn" : 1756462500207759496,
      "q" : "1.5",
      "p" : "0.8098",
      "s" : "buy",
      "i" : "WIF_USD",
      "m" : "4611686018437029397"
    }, {
      "d" : "1756462500182675291",
      "t" : 1756462500182,
      "tn" : 1756462500182675291,
      "q" : "1.5",
      "p" : "0.8098",
      "s" : "buy",
      "i" : "WIF_USD",
      "m" : "4611686018437029396"
    }, {
      "d" : "1756462500164761975",
      "t" : 1756462500164,
      "tn" : 1756462500164761975,
      "q" : "1.5",
      "p" : "0.8098",
      "s" : "buy",
      "i" : "WIF_USD",
      "m" : "4611686018437029395"
    } ]
  }
}