{
  "id" : -1,
  "method" : "public/get-trades",
  "code" : 0,
  "result" : {
    "data" : [ {
      "d" : "1756462871115047017",
      "t" : 1756462871115,
      "tn" : 1756462871115047017,
      "q" : "1.5",
      "p" : "0.8094",
      "s" : "sell",
      "i" : "WIF_USDT",
      "m" : "4611686018432950455"
    }, {
      "d" : "1756462871097843582",
      "t" : 1756462871097,
      "tn" : 1756462871097843582,
      "q" : "1.5",
      "p" : "0.8094",
      "s" : "sell",
      "i" : "WIF_USDT",
      "m" : "4611686018432950454"
    }, {
      "d" : "1756462871096251818",
      "t" : 1756462871096,
      "tn" : 1756462871096251818,
      "q" : "1.5",
      "p" : "0.8094",
      "s" : "sell",
      "i" : "WIF_USDT",
      "m" : "4611686018432950453"
    }, {
      "d" : "1756462870986164205",
      "t" : 1756462870986,
      "tn" : 1756462870986164205,
      "q" : "1.5",
      "p" : "0.8094",
      "s" : "sell",
      "i" : "WIF_USDT",
      "m" : "4611686018432950452"
    }, {
      "d" : "1756462783046353228",
      "t" : 1756462783046,
      "tn" : 1756462783046353228,
      "q" : "1.5",
      "p" : "0.8097",
      "s" : "buy",
      "i" : "WIF_USDT",
      "m" : "4611686018432950451"
    }, {
      "d" : "1756462782745707861",
      "t" : 1756462782745,
      "tn" : 1756462782745707861,
      "q" : "1.5",
      "p" : "0.8097",
      "s" : "buy",
      "i" : "WIF_USDT",
      "m" : "4611686018432950450"
    }, {
      "d" : "1756462782500441392",
      "t" : 1756462782500,
      "tn" : 1756462782500441392,
      "q" : "1.5",
      "p" : "0.8097",
      "s" : "buy",
      "i" : "WIF_USDT",
      "m" : "4611686018432950449"
    }, {
      "d" : "1756462782076128955",
      "t" : 1756462782076,
      "tn" : 1756462782076128955,
      "q" : "1.5",
      "p" : "0.8097",
      "s" : "buy",
      "i" : "WIF_USDT",
      "m" : "4611686018432950448"
    }, {
      "d" : "1756462781005169110",
      "t" : 1756462781005,
      "tn" : 1756462781005169110,
      "q" : "1.5",
      "p" : "0.8095",
      "s" : "buy",
      "i" : "WIF_USDT",
      "m" : "4611686018432950447"
    }, {
      "d" : "1756462780002324205",
      "t" : 1756462780002,
      "tn" : 1756462780002324205,
      "q" : "1.5",
      "p" : "0.8095",
      "s" : "buy",
      "i" : "WIF_USDT",
      "m" : "4611686018432950446"
    }, {
      "d" : "1756462778995034691",
      "t" : 1756462778995,
      "tn" : 1756462778995034691,
      "q" : "1.5",
      "p" : "0.8095",
      "s" : "buy",
      "i" : "WIF_USDT",
      "m" : "4611686018432950445"
    }, {
      "d" : "1756462777946843342",
      "t" : 1756462777946,
      "tn" : 1756462777946843342,
      "q" : "1.5",
      "p" : "0.8095",
      "s" : "buy",
      "i" : "WIF_USDT",
      "m" : "4611686018432950444"
    }, {
      "d" : "1756462776945910266",
      "t" : 1756462776945,
      "tn" : 1756462776945910266,
      "q" : "1.5",
      "p" : "0.8095",
      "s" : "buy",
      "i" : "WIF_USDT",
      "m" : "4611686018432950443"
    }, {
      "d" : "1756462776858584516",
      "t" : 1756462776858,
      "tn" : 1756462776858584516,
      "q" : "1.5",
      "p" : "0.8095",
      "s" : "buy",
      "i" : "WIF_USDT",
      "m" : "4611686018432950442"
    }, {
      "d" : "1756462776644971875",
      "t" : 1756462776644,
      "tn" : 1756462776644971875,
      "q" : "1.5",
      "p" : "0.8095",
      "s" : "buy",
      "i" : "WIF_USDT",
      "m" : "4611686018432950441"
    }, {
      "d" : "1756462776574913808",
      "t" : 1756462776574,
      "tn" : 1756462776574913808,
      "q" : "1.5",
      "p" : "0.8095",
      "s" : "buy",
      "i" : "WIF_USDT",
      "m" : "4611686018432950440"
    }, {
      "d" : "1756462776544912236",
      "t" : 1756462776544,
      "tn" : 1756462776544912236,
      "q" : "1.5",
      "p" : "0.8095",
      "s" : "buy",
      "i" : "WIF_USDT",
      "m" : "4611686018432950439"
    }, {
      "d" : "1756462776448775782",
      "t" : 1756462776448,
      "tn" : 1756462776448775782,
      "q" : "1.5",
      "p" : "0.8095",
      "s" : "buy",
      "i" : "WIF_USDT",
      "m" : "4611686018432950438"
    }, {
      "d" : "1756462776328638508",
      "t" : 1756462776328,
      "tn" : 1756462776328638508,
      "q" : "1.5",
      "p" : "0.8095",
      "s" : "buy",
      "i" : "WIF_USDT",
      "m" : "4611686018432950437"
    }, {
      "d" : "1756462775747765366",
      "t" : 1756462775747,
      "tn" : 1756462775747765366,
      "q" : "1.5",
      "p" : "0.8095",
      "s" : "buy",
      "i" : "WIF_USDT",
      "m" : "4611686018432950436"
    }, {
      "d" : "1756462775690770351",
      "t" : 1756462775690,
      "tn" : 1756462775690770351,
      "q" : "1.5",
      "p" : "0.8095",
      "s" : "buy",
      "i" : "WIF_USDT",
      "m" : "4611686018432950435"
    }, {
      "d" : "1756462775547410180",
      "t" : 1756462775547,
      "tn" : 1756462775547410180,
      "q" : "1.5",
      "p" : "0.8095",
      "s" : "buy",
      "i" : "WIF_USDT",
      "m" : "4611686018432950434"
    }, {
      "d" : "1756462775522398416",
      "t" : 1756462775522,
      "tn" : 1756462775522398416,
      "q" : "1.5",
      "p" : "0.8095",
      "s" : "buy",
      "i" : "WIF_USDT",
      "m" : "4611686018432950433"
    }, {
      "d" : "1756462775512404155",
      "t" : 1756462775512,
      "tn" : 1756462775512404155,
      "q" : "1.5",
      "p" : "0.8095",
      "s" : "buy",
      "i" : "WIF_USDT",
      "m" : "4611686018432950432"
    }, {
      "d" : "1756462775477389158",
      "t" : 1756462775477,
      "tn" : 1756462775477389158,
      "q" : "1.5",
      "p" : "0.8095",
      "s" : "buy",
      "i" : "WIF_USDT",
      "m" : "4611686018432950431"
    }, {
      "d" : "1756462775145914356",
      "t" : 1756462775145,
      "tn" : 1756462775145914356,
      "q" : "1.5",
      "p" : "0.8095",
      "s" : "buy",
      "i" : "WIF_USDT",
      "m" : "4611686018432950430"
    }, {
      "d" : "1756462774945724445",
      "t" : 1756462774945,
      "tn" : 1756462774945724445,
      "q" : "1.5",
      "p" : "0.8095",
      "s" : "buy",
      "i" : "WIF_USDT",
      "m" : "4611686018432950429"
    }, {
      "d" : "1756462774860414761",
      "t" : 1756462774860,
      "tn" : 1756462774860414761,
      "q" : "1.5",
      "p" : "0.8095",
      "s" : "buy",
      "i" : "WIF_USDT",
      "m" : "4611686018432950428"
    }, {
      "d" : "1756462774745196401",
      "t" : 1756462774745,
      "tn" : 1756462774745196401,
      "q" : "1.5",
      "p" : "0.8095",
      "s" : "buy",
      "i" : "WIF_USDT",
      "m" : "4611686018432950427"
    }, {
      "d" : "1756462774678020800",
      "t" : 1756462774678,
      "tn" : 1756462774678020800,
      "q" : "1.5",
      "p" : "0.8095",
      "s" : "buy",
      "i" : "WIF_USDT",
      "m" : "4611686018432950426"
    }, {
      "d" : "1756462774544737462",
      "t" : 1756462774544,
      "tn" : 1756462774544737462,
      "q" : "1.5",
      "p" : "0.8095",
      "s" : "buy",
      "i" : "WIF_USDT",
      "m" : "4611686018432950425"
    }, {
      "d" : "1756462774448605114",
      "t" : 1756462774448,
      "tn" : 1756462774448605114,
      "q" : "1.5",
      "p" : "0.8095",
      "s" : "buy",
      "i" : "WIF_USDT",
      "m" : "4611686018432950424"
    }, {
      "d" : "1756462774378524929",
      "t" : 1756462774378,
      "tn" : 1756462774378524929,
      "q" : "1.5",
      "p" : "0.8095",
      "s" : "buy",
      "i" : "WIF_USDT",
      "m" : "4611686018432950423"
    }, {
      "d" : "1756462774248374227",
      "t" : 1756462774248,
      "tn" : 1756462774248374227,
      "q" : "1.5",
      "p" : "0.8095",
      "s" : "buy",
      "i" : "WIF_USDT",
      "m" : "4611686018432950422"
    }, {
      "d" : "1756462774128270979",
      "t" : 1756462774128,
      "tn" : 1756462774128270979,
      "q" : "1.5",
      "p" : "0.8095",
      "s" : "buy",
      "i" : "WIF_USDT",
      "m" : "4611686018432950421"
    }, {
      "d" : "1756462774058177479",
      "t" : 1756462774058,
      "tn" : 1756462774058177479,
      "q" : "1.5",
      "p" : "0.8095",
      "s" : "buy",
      "i" : "WIF_USDT",
      "m" : "4611686018432950420"
    }, {
      "d" : "1756462774013129242",
      "t" : 1756462774013,
      "tn" : 1756462774013129242,
      "q" : "1.5",
      "p" : "0.8095",
      "s" : "buy",
      "i" : "WIF_USDT",
      "m" : "4611686018432950419"
    }, {
      "d" : "1756462773998133885",
      "t" : 1756462773998,
      "tn" : 1756462773998133885,
      "q" : "1.5",
      "p" : "0.8095",
      "s" : "buy",
      "i" : "WIF_USDT",
      "m" : "4611686018432950418"
    }, {
      "d" : "1756462773958091443",
      "t" : 1756462773958,
      "tn" : 1756462773958091443,
      "q" : "1.5",
      "p" : "0.8095",
      "s" : "buy",
      "i" : "WIF_USDT",
      "m" : "4611686018432950417"
    }, {
      "d" : "1756462773928025581",
      "t" : 1756462773928,
      "tn" : 1756462773928025581,
      "q" : "1.5",
      "p" : "0.8095",
      "s" : "buy",
      "i" : "WIF_USDT",
      "m" : "4611686018432950416"
    }, {
      "d" : "1756462773647285915",
      "t" : 1756462773647,
      "tn" : 1756462773647285915,
      "q" : "1.5",
      "p" : "0.8095",
      "s" : "buy",
      "i" : "WIF_USDT",
      "m" : "4611686018432950415"
    }, {
      "d" : "1756462773632318298",
      "t" : 1756462773632,
      "tn" : 1756462773632318298,
      "q" : "1.5",
      "p" : "0.8095",
      "s" : "buy",
      "i" : "WIF_USDT",
      "m" : "4611686018432950414"
    }, {
      "d" : "1756462773582180290",
      "t" : 1756462773582,
      "tn" : 1756462773582180290,
      "q" : "1.5",
      "p" : "0.8095",
      "s" : "buy",
      "i" : "WIF_USDT",
      "m" : "4611686018432950413"
    }, {
      "d" : "1756462773547105353",
      "t" : 1756462773547,
      "tn" : 1756462773547105353,
      "q" : "1.5",
      "p" : "0.8095",
      "s" : "buy",
      "i" : "WIF_USDT",
      "m" : "4611686018432950412"
    }, {
      "d" : "1756462773514990225",
      "t" : 1756462773514,
      "tn" : 1756462773514990225,
      "q" : "1.5",
      "p" : "0.8095",
      "s" : "buy",
      "i" : "WIF_USDT",
      "m" : "4611686018432950411"
    }, {
      "d" : "1756462773446031310",
      "t" : 1756462773446,
      "tn" : 1756462773446031310,
      "q" : "1.5",
      "p" : "0.8095",
      "s" : "buy",
      "i" : "WIF_USDT",
      "m" : "4611686018432950410"
    }, {
      "d" : "1756462773245794077",
      "t" : 1756462773245,
      "tn" : 1756462773245794077,
      "q" : "1.5",
      "p" : "0.8095",
      "s" : "buy",
      "i" : "WIF_USDT",
      "m" : "4611686018432950409"
    }, {
      "d" : "1756462773205756735",
      "t" : 1756462773205,
      "tn" : 1756462773205756735,
      "q" : "1.5",
      "p" : "0.8095",
      "s" : "buy",
      "i" : "WIF_USDT",
      "m" : "4611686018432950408"
    }, {
      "d" : "1756462773155724400",
      "t" : 1756462773155,
      "tn" : 1756462773155724400,
      "q" : "1.5",
      "p" : "0.8095",
      "s" : "buy",
      "i" : "WIF_USDT",
      "m" : "4611686018432950407"
    }, {
      "d" : "1756462773045638242",
      "t" : 1756462773045,
      "tn" : 1756462773045638242,
      "q" : "1.5",
      "p" : "0.8095",
      "s" : "buy",
      "i" : "WIF_USDT",
      "m" : "4611686018432950406"
    }, {
      "d" : "1756462772915522301",
      "t" : 1756462772915,
      "tn" : 1756462772915522301,
      "q" : "1.5",
      "p" : "0.8095",
      "s" : "buy",
      "i" : "WIF_USDT",
      "m" : "4611686018432950405"
    }, {
      "d" : "1756462772745021689",
      "t" : 1756462772745,
      "tn" : 1756462772745021689,
      "q" : "1.5",
      "p" : "0.8095",
      "s" : "buy",
      "i" : "WIF_USDT",
      "m" : "4611686018432950404"
    }, {
      "d" : "1756462772689782617",
      "t" : 1756462772689,
      "tn" : 1756462772689782617,
      "q" : "1.5",
      "p" : "0.8095",
      "s" : "buy",
      "i" : "WIF_USDT",
      "m" : "4611686018432950403"
    }, {
      "d" : "1756462772669738328",
      "t" : 1756462772669,
      "tn" : 1756462772669738328,
      "q" : "1.5",
      "p" : "0.8095",
      "s" : "buy",
      "i" : "WIF_USDT",
      "m" : "4611686018432950402"
    }, {
      "d" : "1756462772649768979",
      "t" : 1756462772649,
      "tn" : 1756462772649768979,
      "q" : "1.5",
      "p" : "0.8095",
      "s" : "buy",
      "i" : "WIF_USDT",
      "m" : "4611686018432950401"
    }, {
      "d" : "1756462772544703367",
      "t" : 1756462772544,
      "tn" : 1756462772544703367,
      "q" : "1.5",
      "p" : "0.8095",
      "s" : "buy",
      "i" : "WIF_USDT",
      "m" : "4611686018432950400"
    }, {
      "d" : "1756462772366314160",
      "t" : 1756462772366,
      "tn" : 1756462772366314160,
      "q" : "1.5",
      "p" : "0.8095",
      "s" : "buy",
      "i" : "WIF_USDT",
      "m" : "4611686018432950399"
    }, {
      "d" : "1756462772248204233",
      "t" : 1756462772248,
      "tn" : 1756462772248204233,
      "q" : "1.5",
      "p" : "0.8095",
      "s" : "buy",
      "i" : "WIF_USDT",
      "m" : "4611686018432950398"
    }, {
      "d" : "1756462772178122636",
      "t" : 1756462772178,
      "tn" : 1756462772178122636,
      "q" : "1.5",
      "p" : "0.8095",
      "s" : "buy",
      "i" : "WIF_USDT",
      "m" : "4611686018432950397"
    }, {
      "d" : "1756462772163058159",
      "t" : 1756462772163,
      "tn" : 1756462772163058159,
      "q" : "1.5",
      "p" : "0.8095",
      "s" : "buy",
      "i" : "WIF_USDT",
      "m" : "4611686018432950396"
    }, {
      "d" : "1756462772148082585",
      "t" : 1756462772148,
      "tn" : 1756462772148082585,
      "q" : "1.5",
      "p" : "0.8095",
      "s" : "buy",
      "i" : "WIF_USDT",
      "m" : "4611686018432950395"
    }, {
      "d" : "1756462772048032775",
      "t" : 1756462772048,
      "tn" : 1756462772048032775,
      "q" : "1.5",
      "p" : "0.8095",
      "s" : "buy",
      "i" : "WIF_USDT",
      "m" : "4611686018432950394"
    }, {
      "d" : "1756462771968272359",
      "t" : 1756462771968,
      "tn" : 1756462771968272359,
      "q" : "1.5",
      "p" : "0.8095",
      "s" : "buy",
      "i" : "WIF_USDT",
      "m" : "4611686018432950393"
    }, {
      "d" : "1756462771747282193",
      "t" : 1756462771747,
      "tn" : 1756462771747282193,
      "q" : "1.5",
      "p" : "0.8095",
      "s" : "buy",
      "i" : "WIF_USDT",
      "m" : "4611686018432950392"
    }, {
      "d" : "1756462771666989693",
      "t" : 1756462771666,
      "tn" : 1756462771666989693,
      "q" : "1.5",
      "p" : "0.8095",
      "s" : "buy",
      "i" : "WIF_USDT",
      "m" : "4611686018432950391"
    }, {
      "d" : "1756462771646958948",
      "t" : 1756462771646,
      "tn" : 1756462771646958948,
      "q" : "1.5",
      "p" : "0.8095",
      "s" : "buy",
      "i" : "WIF_USDT",
      "m" : "4611686018432950390"
    }, {
      "d" : "1756462771611892336",
      "t" : 1756462771611,
      "tn" : 1756462771611892336,
      "q" : "1.5",
      "p" : "0.8095",
      "s" : "buy",
      "i" : "WIF_USDT",
      "m" : "4611686018432950389"
    }, {
      "d" : "1756462771591934809",
      "t" : 1756462771591,
      "tn" : 1756462771591934809,
      "q" : "1.5",
      "p" : "0.8095",
      "s" : "buy",
      "i" : "WIF_USDT",
      "m" : "4611686018432950388"
    }, {
      "d" : "1756462771445702976",
      "t" : 1756462771445,
      "tn" : 1756462771445702976,
      "q" : "1.5",
      "p" : "0.8095",
      "s" : "buy",
      "i" : "WIF_USDT",
      "m" : "4611686018432950387"
    }, {
      "d" : "1756462771358559064",
      "t" : 1756462771358,
      "tn" : 1756462771358559064,
      "q" : "1.5",
      "p" : "0.8095",
      "s" : "buy",
      "i" : "WIF_USDT",
      "m" : "4611686018432950386"
    }, {
      "d" : "1756462770649231553",
      "t" : 1756462770649,
      "tn" : 1756462770649231553,
      "q" : "1.5",
      "p" : "0.8095",
      "s" : "buy",
      "i" : "WIF_USDT",
      "m" : "4611686018432950385"
    }, {
      "d" : "1756462770594869674",
      "t" : 1756462770594,
      "tn" : 1756462770594869674,
      "q" : "1.5",
      "p" : "0.8095",
      "s" : "buy",
      "i" : "WIF_USDT",
      "m" : "4611686018432950384"
    }, {
      "d" : "1756462770564183800",
      "t" : 1756462770564,
      "tn" : 1756462770564183800,
      "q" : "1.5",
      "p" : "0.8095",
      "s" : "buy",
      "i" : "WIF_USDT",
      "m" : "4611686018432950383"
    }, {
      "d" : "1756462770519098260",
      "t" : 1756462770519,
      "tn" : 1756462770519098260,
      "q" : "1.5",
      "p" : "0.8095",
      "s" : "buy",
      "i" : "WIF_USDT",
      "m" : "4611686018432950382"
    }, {
      "d" : "1756462770247627540",
      "t" : 1756462770247,
      "tn" : 1756462770247627540,
      "q" : "1.5",
      "p" : "0.8095",
      "s" : "buy",
      "i" : "WIF_USDT",
      "m" : "4611686018432950381"
    }, {
      "d" : "1756462770172537287",
      "t" : 1756462770172,
      "tn" : 1756462770172537287,
      "q" : "1.5",
      "p" : "0.8095",
      "s" : "buy",
      "i" : "WIF_USDT",
      "m" : "4611686018432950380"
    }, {
      "d" : "1756462770147536348",
      "t" : 1756462770147,
      "tn" : 1756462770147536348,
      "q" : "1.5",
      "p" : "0.8095",
      "s" : "buy",
      "i" : "WIF_USDT",
      "m" : "4611686018432950379"
    }, {
      "d" : "1756462770095700916",
      "t" : 1756462770095,
      "tn" : 1756462770095700916,
      "q" : "1.5",
      "p" : "0.8095",
      "s" : "buy",
      "i" : "WIF_USDT",
      "m" : "4611686018432950378"
    }, {
      "d" : "1756462770082483065",
      "t" : 1756462770082,
      "tn" : 1756462770082483065,
      "q" : "1.5",
      "p" : "0.8095",
      "s" : "buy",
      "i" : "WIF_USDT",
      "m" : "4611686018432950377"
    }, {
      "d" : "1756462770044005895",
      "t" : 1756462770044,
      "tn" : 1756462770044005895,
      "q" : "1.5",
      "p" : "0.8095",
      "s" : "buy",
      "i" : "WIF_USDT",
      "m" : "4611686018432950376"
    }, {
      "d" : "1756462770042426476",
      "t" : 1756462770042,
      "tn" : 1756462770042426476,
      "q" : "1.5",
      "p" : "0.8095",
      "s" : "buy",
      "i" : "WIF_USDT",
      "m" : "4611686018432950375"
    }, {
      "d" : "1756462769980014154",
      "t" : 1756462769980,
      "tn" : 1756462769980014154,
      "q" : "1.5",
      "p" : "0.8095",
      "s" : "buy",
      "i" : "WIF_USDT",
      "m" : "4611686018432950374"
    }, {
      "d" : "1756462769746620186",
      "t" : 1756462769746,
      "tn" : 1756462769746620186,
      "q" : "1.5",
      "p" : "0.8095",
      "s" : "buy",
      "i" : "WIF_USDT",
      "m" : "4611686018432950373"
    }, {
      "d" : "1756462769721595332",
      "t" : 1756462769721,
      "tn" : 1756462769721595332,
      "q" : "1.5",
      "p" : "0.8095",
      "s" : "buy",
      "i" : "WIF_USDT",
      "m" : "4611686018432950372"
    }, {
      "d" : "1756462769701484154",
      "t" : 1756462769701,
      "tn" : 1756462769701484154,
      "q" : "1.5",
      "p" : "0.8095",
      "s" : "buy",
      "i" : "WIF_USDT",
      "m" : "4611686018432950371"
    }, {
      "d" : "1756462769521317150",
      "t" : 1756462769521,
      "tn" : 1756462769521317150,
      "q" : "1.5",
      "p" : "0.8095",
      "s" : "buy",
      "i" : "WIF_USDT",
      "m" : "4611686018432950370"
    }, {
      "d" : "1756462769445084787",
      "t" : 1756462769445,
      "tn" : 1756462769445084787,
      "q" : "1.5",
      "p" : "0.8095",
      "s" : "buy",
      "i" : "WIF_USDT",
      "m" : "4611686018432950369"
    }, {
      "d" : "1756462769244849495",
      "t" : 1756462769244,
      "tn" : 1756462769244849495,
      "q" : "1.5",
      "p" : "0.8095",
      "s" : "buy",
      "i" : "WIF_USDT",
      "m" : "4611686018432950368"
    }, {
      "d" : "1756462769209856679",
      "t" : 1756462769209,
      "tn" : 1756462769209856679,
      "q" : "1.5",
      "p" : "0.8095",
      "s" : "buy",
      "i" : "WIF_USDT",
      "m" : "4611686018432950367"
    }, {
      "d" : "1756462769044708719",
      "t" : 1756462769044,
      "tn" : 1756462769044708719,
      "q" : "1.5",
      "p" : "0.8095",
      "s" : "buy",
      "i" : "WIF_USDT",
      "m" : "4611686018432950366"
    }, {
      "d" : "1756462768943656040",
      "t" : 1756462768943,
      "tn" : 1756462768943656040,
      "q" : "1.5",
      "p" : "0.8095",
      "s" : "buy",
      "i" : "WIF_USDT",
      "m" : "4611686018432950365"
    }, {
      "d" : "1756462768939702332",
      "t" : 1756462768939,
      "tn" : 1756462768939702332,
      "q" : "1.5",
      "p" : "0.8095",
      "s" : "buy",
      "i" : "WIF_USDT",
      "m" : "4611686018432950364"
    }, {
      "d" : "1756462768864316947",
      "t" : 1756462768864,
      "tn" : 1756462768864316947,
      "q" : "1.5",
      "p" : "0.8095",
      "s" : "buy",
      "i" : "WIF_USDT",
      "m" : "4611686018432950363"
    }, {
      "d" : "1756462768849327413",
      "t" : 1756462768849,
      "tn" : 1756462768849327413,
      "q" : "1.5",
      "p" : "0.8095",
      "s" : "buy",
      "i" : "WIF_USDT",
      "m" : "4611686018432950362"
    }, {
      "d" : "1756462768799287663",
      "t" : 1756462768799,
      "tn" : 1756462768799287663,
      "q" : "1.5",
      "p" : "0.8095",
      "s" : "buy",
      "i" : "WIF_USDT",
      "m" : "4611686018432950361"
    }, {
      "d" : "1756462768648671405",
      "t" : 1756462768648,
      "tn" : 1756462768648671405,
      "q" : "1.5",
      "p" : "0.8095",
      "s" : "buy",
      "i" : "WIF_USDT",
      "m" : "4611686018432950360"
    }, {
      "d" : "1756462768592052767",
      "t" : 1756462768592,
      "tn" : 1756462768592052767,
      "q" : "1.5",
      "p" : "0.8095",
      "s" : "buy",
      "i" : "WIF_USDT",
      "m" : "4611686018432950359"
    }, {
      "d" : "1756462768447412444",
      "t" : 1756462768447,
      "tn" : 1756462768447412444,
      "q" : "1.5",
      "p" : "0.8095",
      "s" : "buy",
      "i" : "WIF_USDT",
      "m" : "4611686018432950358"
    }, {
      "d" : "1756462768412401727",
      "t" : 1756462768412,
      "tn" : 1756462768412401727,
      "q" : "1.5",
      "p" : "0.8095",
      "s" : "buy",
      "i" : "WIF_USDT",
      "m" : "4611686018432950357"
    }, {
      "d" : "1756462768347228498",
      "t" : 1756462768347,
      "tn" : 1756462768347228498,
      "q" : "1.5",
      "p" : "0.8095",
      "s" : "buy",
      "i" : "WIF_USDT",
      "m" : "4611686018432950356"
    }, {
      "d" : "1756462767946726090",
      "t" : 1756462767946,
      "tn" : 1756462767946726090,
      "q" : "1.5",
      "p" : "0.8095",
      "s" : "buy",
      "i" : "WIF_USDT",
      "m" : "4611686018432950355"
    }, {
      "d" : "1756462767851481962",
      "t" : 1756462767851,
      "tn" : 1756462767851481962,
      "q" : "1.5",
      "p" : "0.8095",
      "s" : "buy",
      "i" : "WIF_USDT",
      "m" : "4611686018432950354"
    }, {
      "d" : "1756462767545816982",
      "t" : 1756462767545,
      "tn" : 1756462767545816982,
      "q" : "1.5",
      "p" : "0.8095",
      "s" : "buy",
      "i" : "WIF_USDT",
      "m" : "4611686018432950353"
    }, {
      "d" : "1756462767518970193",
      "t" : 1756462767518,
      "tn" : 1756462767518970193,
      "q" : "1.5",
      "p" : "0.8095",
      "s" : "buy",
      "i" : "WIF_USDT",
      "m" : "4611686018432950352"
    }, {
      "d" : "1756462766748393261",
      "t" : 1756462766748,
      "tn" : 1756462766748393261,
      "q" : "1.5",
      "p" : "0.8095",
      "s" : "buy",
      "i" : "WIF_USDT",
      "m" : "4611686018432950351"
    }, {
      "d" : "1756462766688061020",
      "t" : 1756462766688,
      "tn" : 1756462766688061020,
      "q" : "1.5",
      "p" : "0.8095",
      "s" : "buy",
      "i" : "WIF_USDT",
      "m" : "4611686018432950350"
    }, {
      "d" : "1756462766648022689",
      "t" : 1756462766648,
      "tn" : 1756462766648022689,
      "q" : "1.5",
      "p" : "0.8095",
      "s" : "buy",
      "i" : "WIF_USDT",
      "m" : "4611686018432950349"
    }, {
      "d" : "1756462766623000608",
      "t" : 1756462766623,
      "tn" : 1756462766623000608,
      "q" : "1.5",
      "p" : "0.8095",
      "s" : "buy",
      "i" : "WIF_USDT",
      "m" : "4611686018432950348"
    }, {
      "d" : "1756462766587998844",
      "t" : 1756462766587,
      "tn" : 1756462766587998844,
      "q" : "1.5",
      "p" : "0.8095",
      "s" : "buy",
      "i" : "WIF_USDT",
      "m" : "4611686018432950347"
    }, {
      "d" : "1756462766548078616",
      "t" : 1756462766548,
      "tn" : 1756462766548078616,
      "q" : "1.5",
      "p" : "0.8095",
      "s" : "buy",
      "i" : "WIF_USDT",
      "m" : "4611686018432950346"
    }, {
      "d" : "1756462766515755938",
      "t" : 1756462766515,
      "tn" : 1756462766515755938,
      "q" : "1.5",
      "p" : "0.8095",
      "s" : "buy",
      "i" : "WIF_USDT",
      "m" : "4611686018432950345"
    }, {
      "d" : "1756462766446654665",
      "t" : 1756462766446,
      "tn" : 1756462766446654665,
      "q" : "1.5",
      "p" : "0.8095",
      "s" : "buy",
      "i" : "WIF_USDT",
      "m" : "4611686018432950344"
    }, {
      "d" : "1756462766351480226",
      "t" : 1756462766351,
      "tn" : 1756462766351480226,
      "q" : "1.5",
      "p" : "0.8095",
      "s" : "buy",
      "i" : "WIF_USDT",
      "m" : "4611686018432950343"
    }, {
      "d" : "1756462765946120139",
      "t" : 1756462765946,
      "tn" : 1756462765946120139,
      "q" : "1.5",
      "p" : "0.8095",
      "s" : "buy",
      "i" : "WIF_USDT",
      "m" : "4611686018432950342"
    }, {
      "d" : "1756462765845859250",
      "t" : 1756462765845,
      "tn" : 1756462765845859250,
      "q" : "1.5",
      "p" : "0.8095",
      "s" : "buy",
      "i" : "WIF_USDT",
      "m" : "4611686018432950341"
    }, {
      "d" : "1756462765645249850",
      "t" : 1756462765645,
      "tn" : 1756462765645249850,
      "q" : "1.5",
      "p" : "0.8095",
      "s" : "buy",
      "i" : "WIF_USDT",
      "m" : "4611686018432950340"
    }, {
      "d" : "1756462765595201299",
      "t" : 1756462765595,
      "tn" : 1756462765595201299,
      "q" : "1.5",
      "p" : "0.8095",
      "s" : "buy",
      "i" : "WIF_USDT",
      "m" : "4611686018432950339"
    }, {
      "d" : "1756462765575242857",
      "t" : 1756462765575,
      "tn" : 1756462765575242857,
      "q" : "1.5",
      "p" : "0.8095",
      "s" : "buy",
      "i" : "WIF_USDT",
      "m" : "4611686018432950338"
    }, {
      "d" : "1756462765565158415",
      "t" : 1756462765565,
      "tn" : 1756462765565158415,
      "q" : "1.5",
      "p" : "0.8095",
      "s" : "buy",
      "i" : "WIF_USDT",
      "m" : "4611686018432950337"
    }, {
      "d" : "1756462765543544752",
      "t" : 1756462765543,
      "tn" : 1756462765543544752,
      "q" : "1.5",
      "p" : "0.8095",
      "s" : "buy",
      "i" : "WIF_USDT",
      "m" : "4611686018432950336"
    }, {
      "d" : "1756462765540149645",
      "t" : 1756462765540,
      "tn" : 1756462765540149645,
      "q" : "1.5",
      "p" : "0.8095",
      "s" : "buy",
      "i" : "WIF_USDT",
      "m" : "4611686018432950335"
    }, {
      "d" : "1756462765520120032",
      "t" : 1756462765520,
      "tn" : 1756462765520120032,
      "q" : "1.5",
      "p" : "0.8095",
      "s" : "buy",
      "i" : "WIF_USDT",
      "m" : "4611686018432950334"
    }, {
      "d" : "1756462765465051618",
      "t" : 1756462765465,
      "tn" : 1756462765465051618,
      "q" : "1.5",
      "p" : "0.8095",
      "s" : "buy",
      "i" : "WIF_USDT",
      "m" : "4611686018432950333"
    }, {
      "d" : "1756462765443943218",
      "t" : 1756462765443,
      "tn" : 1756462765443943218,
      "q" : "1.5",
      "p" : "0.8095",
      "s" : "buy",
      "i" : "WIF_USDT",
      "m" : "4611686018432950332"
    }, {
      "d" : "1756462765148746271",
      "t" : 1756462765148,
      "tn" : 1756462765148746271,
      "q" : "1.5",
      "p" : "0.8095",
      "s" : "buy",
      "i" : "WIF_USDT",
      "m" : "4611686018432950331"
    }, {
      "d" : "1756462765047002454",
      "t" : 1756462765047,
      "tn" : 1756462765047002454,
      "q" : "1.5",
      "p" : "0.8095",
      "s" : "buy",
      "i" : "WIF_USDT",
      "m" : "4611686018432950330"
    }, {
      "d" : "1756462764973450339",
      "t" : 1756462764973,
      "tn" : 1756462764973450339,
      "q" : "1.5",
      "p" : "0.8095",
      "s" : "buy",
      "i" : "WIF_USDT",
      "m" : "4611686018432950329"
    }, {
      "d" : "1756462764948468305",
      "t" : 1756462764948,
      "tn" : 1756462764948468305,
      "q" : "1.5",
      "p" : "0.8095",
      "s" : "buy",
      "i" : "WIF_USDT",
      "m" : "4611686018432950328"
    }, {
      "d" : "1756462764893375147",
      "t" : 1756462764893,
      "tn" : 1756462764893375147,
      "q" : "1.5",
      "p" : "0.8095",
      "s" : "buy",
      "i" : "WIF_USDT",
      "m" : "4611686018432950327"
    }, {
      "d" : "1756462764747849316",
      "t" : 1756462764747,
      "tn" : 1756462764747849316,
      "q" : "1.5",
      "p" : "0.8095",
      "s" : "buy",
      "i" : "WIF_USDT",
      "m" : "4611686018432950326"
    }, {
      "d" : "1756462764737956156",
      "t" : 1756462764737,
      "tn" : 1756462764737956156,
      "q" : "1.5",
      "p" : "0.8095",
      "s" : "buy",
      "i" : "WIF_USDT",
      "m" : "4611686018432950325"
    }, {
      "d" : "1756462764692720448",
      "t" : 1756462764692,
      "tn" : 1756462764692720448,
      "q" : "1.5",
      "p" : "0.8095",
      "s" : "buy",
      "i" : "WIF_USDT",
      "m" : "4611686018432950324"
    }, {
      "d" : "1756462764547522061",
      "t" : 1756462764547,
      "tn" : 1756462764547522061,
      "q" : "1.5",
      "p" : "0.8095",
      "s" : "buy",
      "i" : "WIF_USDT",
      "m" : "4611686018432950323"
    }, {
      "d" : "1756462764517449222",
      "t" : 1756462764517,
      "tn" : 1756462764517449222,
      "q" : "1.5",
      "p" : "0.8095",
      "s" : "buy",
      "i" : "WIF_USDT",
      "m" : "4611686018432950322"
    }, {
      "d" : "1756462764467385245",
      "t" : 1756462764467,
      "tn" : 1756462764467385245,
      "q" : "1.5",
      "p" : "0.8095",
      "s" : "buy",
      "i" : "WIF_USDT",
      "m" : "4611686018432950321"
    }, {
      "d" : "1756462764446297027",
      "t" : 1756462764446,
      "tn" : 1756462764446297027,
      "q" : "1.5",
      "p" : "0.8095",
      "s" : "buy",
      "i" : "WIF_USDT",
      "m" : "4611686018432950320"
    }, {
      "d" : "1756462764436308573",
      "t" : 1756462764436,
      "tn" : 1756462764436308573,
      "q" : "1.5",
      "p" : "0.8095",
      "s" : "buy",
      "i" : "WIF_USDT",
      "m" : "4611686018432950319"
    }, {
      "d" : "1756462764118429004",
      "t" : 1756462764118,
      "tn" : 1756462764118429004,
      "q" : "1.5",
      "p" : "0.8095",
      "s" : "buy",
      "i" : "WIF_USDT",
      "m" : "4611686018432950318"
    }, {
      "d" : "1756462764045852188",
      "t" : 1756462764045,
      "tn" : 1756462764045852188,
      "q" : "1.5",
      "p" : "0.8095",
      "s" : "buy",
      "i" : "WIF_USDT",
      "m" : "4611686018432950317"
    }, {
      "d" : "1756462764030834670",
      "t" : 1756462764030,
      "tn" : 1756462764030834670,
      "q" : "1.5",
      "p" : "0.8095",
      "s" : "buy",
      "i" : "WIF_USDT",
      "m" : "4611686018432950316"
    }, {
      "d" : "1756462763994840529",
      "t" : 1756462763994,
      "tn" : 1756462763994840529,
      "q" : "1.5",
      "p" : "0.8095",
      "s" : "buy",
      "i" : "WIF_USDT",
      "m" : "4611686018432950315"
    }, {
      "d" : "1756462763745188340",
      "t" : 1756462763745,
      "tn" : 1756462763745188340,
      "q" : "1.5",
      "p" : "0.8095",
      "s" : "buy",
      "i" : "WIF_USDT",
      "m" : "4611686018432950314"
    }, {
      "d" : "1756462763644853641",
      "t" : 1756462763644,
      "tn" : 1756462763644853641,
      "q" : "1.5",
      "p" : "0.8095",
      "s" : "buy",
      "i" : "WIF_USDT",
      "m" : "4611686018432950313"
    }, {
      "d" : "1756462763544709441",
      "t" : 1756462763544,
      "tn" : 1756462763544709441,
      "q" : "1.5",
      "p" : "0.8095",
      "s" : "buy",
      "i" : "WIF_USDT",
      "m" : "4611686018432950312"
    }, {
      "d" : "1756462763514671045",
      "t" : 1756462763514,
      "tn" : 1756462763514671045,
      "q" : "1.5",
      "p" : "0.8095",
      "s" : "buy",
      "i" : "WIF_USDT",
      "m" : "4611686018432950311"
    }, {
      "d" : "1756462763474685591",
      "t" : 1756462763474,
      "tn" : 1756462763474685591,
      "q" : "1.5",
      "p" : "0.8095",
      "s" : "buy",
      "i" : "WIF_USDT",
      "m" : "4611686018432950310"
    }, {
      "d" : "1756462763347951915",
      "t" : 1756462763347,
      "tn" : 1756462763347951915,
      "q" : "1.5",
      "p" : "0.8095",
      "s" : "buy",
      "i" : "WIF_USDT",
      "m" : "4611686018432950309"
    }, {
      "d" : "1756462763337953714",
      "t" : 1756462763337,
      "tn" : 1756462763337953714,
      "q" : "1.5",
      "p" : "0.8095",
      "s" : "buy",
      "i" : "WIF_USDT",
      "m" : "4611686018432950308"
    }, {
      "d" : "1756462763307940565",
      "t" : 1756462763307,
      "tn" : 1756462763307940565,
      "q" : "1.5",
      "p" : "0.8095",
      "s" : "buy",
      "i" : "WIF_USDT",
      "m" : "4611686018432950307"
    }, {
      "d" : "1756462763047689685",
      "t" : 1756462763047,
      "tn" : 1756462763047689685,
      "q" : "1.5",
      "p" : "0.8095",
      "s" : "buy",
      "i" : "WIF_USDT",
      "m" : "4611686018432950306"
    } ]
  }
}