{
  "id" : -1,
  "method" : "public/get-trades",
  "code" : 0,
  "result" : {
    "data" : [ {
      "d" : "1756462740503307298",
      "t" : 1756462740503,
      "tn" : 1756462740503307298,
      "q" : "1",
      "p" : "0.8091",
      "s" : "sell",
      "i" : "WIFUSD-PERP",
      "m" : "4611686018429978527"
    }, {
      "d" : "1756462441077679376",
      "t" : 1756462441077,
      "tn" : 1756462441077679376,
      "q" : "1",
      "p" : "0.8098",
      "s" : "sell",
      "i" : "WIFUSD-PERP",
      "m" : "4611686018429978526"
    }, {
      "d" : "1756462431906822339",
      "t" : 1756462431906,
      "tn" : 1756462431906822339,
      "q" : "1",
      "p" : "0.8100",
      "s" : "sell",
      "i" : "WIFUSD-PERP",
      "m" : "4611686018429978525"
    }, {
      "d" : "1756462305628601289",
      "t" : 1756462305628,
      "tn" : 1756462305628601289,
      "q" : "1",
      "p" : "0.8101",
      "s" : "sell",
      "i" : "WIFUSD-PERP",
      "m" : "4611686018429978524"
    }, {
      "d" : "1756462294229170139",
      "t" : 1756462294229,
      "tn" : 1756462294229170138,
      "q" : "308",
      "p" : "0.8100",
      "s" : "sell",
      "i" : "WIFUSD-PERP",
      "m" : "4611686018429978523"
    }, {
      "d" : "1756462294229170138",
      "t" : 1756462294229,
      "tn" : 1756462294229170138,
      "q" : "1",
      "p" : "0.8100",
      "s" : "sell",
      "i" : "WIFUSD-PERP",
      "m" : "4611686018429978523"
    }, {
      "d" : "1756462149589572891",
      "t" : 1756462149589,
      "tn" : 1756462149589572891,
      "q" : "1",
      "p" : "0.8112",
      "s" : "sell",
      "i" : "WIFUSD-PERP",
      "m" : "4611686018429978522"
    }, {
      "d" : "1756462026540133679",
      "t" : 1756462026540,
      "tn" : 1756462026540133678,
      "q" : "1",
      "p" : "0.8091",
      "s" : "buy",
      "i" : "WIFUSD-PERP",
      "m" : "4611686018429978521"
    }, {
      "d" : "1756462026540133678",
      "t" : 1756462026540,
      "tn" : 1756462026540133678,
      "q" : "1",
      "p" : "0.8091",
      "s" : "buy",
      "i" : "WIFUSD-PERP",
      "m" : "4611686018429978521"
    }, {
      "d" : "1756461899839022566",
      "t" : 1756461899839,
      "tn" : 1756461899839022566,
      "q" : "1",
      "p" : "0.8072",
      "s" : "buy",
      "i" : "WIFUSD-PERP",
      "m" : "4611686018429978520"
    }, {
      "d" : "1756461898805632927",
      "t" : 1756461898805,
      "tn" : 1756461898805632927,
      "q" : "1",
      "p" : "0.8072",
      "s" : "sell",
      "i" : "WIFUSD-PERP",
      "m" : "4611686018429978519"
    }, {
      "d" : "1756461892702980262",
      "t" : 1756461892702,
      "tn" : 1756461892702980262,
      "q" : "1",
      "p" : "0.8068",
      "s" : "buy",
      "i" : "WIFUSD-PERP",
      "m" : "4611686018429978518"
    }, {
      "d" : "1756461892102199488",
      "t" : 1756461892102,
      "tn" : 1756461892102199488,
      "q" : "1",
      "p" : "0.8068",
      "s" : "buy",
      "i" : "WIFUSD-PERP",
      "m" : "4611686018429978517"
    }, {
      "d" : "1756461837741629986",
      "t" : 1756461837741,
      "tn" : 1756461837741629986,
      "q" : "67",
      "p" : "0.8070",
      "s" : "sell",
      "i" : "WIFUSD-PERP",
      "m" : "4611686018429978516"
    }, {
      "d" : "1756461837741447582",
      "t" : 1756461837741,
      "tn" : 1756461837741447581,
      "q" : "242",
      "p" : "0.8070",
      "s" : "sell",
      "i" : "WIFUSD-PERP",
      "m" : "4611686018429978515"
    }, {
      "d" : "1756461837741447581",
      "t" : 1756461837741,
      "tn" : 1756461837741447581,
      "q" : "1",
      "p" : "0.8070",
      "s" : "sell",
      "i" : "WIFUSD-PERP",
      "m" : "4611686018429978515"
    }, {
      "d" : "1756461745858406787",
      "t" : 1756461745858,
      "tn" : 1756461745858406787,
      "q" : "1",
      "p" : "0.8082",
      "s" : "buy",
      "i" : "WIFUSD-PERP",
      "m" : "4611686018429978514"
    }, {
      "d" : "1756461745334523352",
      "t" : 1756461745334,
      "tn" : 1756461745334523352,
      "q" : "1",
      "p" : "0.8081",
      "s" : "buy",
      "i" : "WIFUSD-PERP",
      "m" : "4611686018429978513"
    }, {
      "d" : "1756461745221589633",
      "t" : 1756461745221,
      "tn" : 1756461745221589633,
      "q" : "1",
      "p" : "0.8081",
      "s" : "buy",
      "i" : "WIFUSD-PERP",
      "m" : "4611686018429978512"
    }, {
      "d" : "1756461743158767079",
      "t" : 1756461743158,
      "tn" : 1756461743158767079,
      "q" : "60",
      "p" : "0.8084",
      "s" : "buy",
      "i" : "WIFUSD-PERP",
      "m" : "4611686018429978511"
    }, {
      "d" : "1756461743158764759",
      "t" : 1756461743158,
      "tn" : 1756461743158764759,
      "q" : "1",
      "p" : "0.8082",
      "s" : "buy",
      "i" : "WIFUSD-PERP",
      "m" : "4611686018429978510"
    }, {
      "d" : "1756461743158761573",
      "t" : 1756461743158,
      "tn" : 1756461743158761573,
      "q" : "1",
      "p" : "0.8081",
      "s" : "buy",
      "i" : "WIFUSD-PERP",
      "m" : "4611686018429978509"
    }, {
      "d" : "1756461740283421814",
      "t" : 1756461740283,
      "tn" : 1756461740283421814,
      "q" : "1",
      "p" : "0.8081",
      "s" : "buy",
      "i" : "WIFUSD-PERP",
      "m" : "4611686018429978508"
    }, {
      "d" : "1756461740172068008",
      "t" : 1756461740172,
      "tn" : 1756461740172068008,
      "q" : "1",
      "p" : "0.8081",
      "s" : "buy",
      "i" : "WIFUSD-PERP",
      "m" : "4611686018429978507"
    }, {
      "d" : "1756461723398626504",
      "t" : 1756461723398,
      "tn" : 1756461723398626504,
      "q" : "50",
      "p" : "0.8077",
      "s" : "buy",
      "i" : "WIFUSD-PERP",
      "m" : "4611686018429978506"
    }, {
      "d" : "1756461723398625155",
      "t" : 1756461723398,
      "tn" : 1756461723398625155,
      "q" : "1",
      "p" : "0.8076",
      "s" : "buy",
      "i" : "WIFUSD-PERP",
      "m" : "4611686018429978505"
    }, {
      "d" : "1756461723398624372",
      "t" : 1756461723398,
      "tn" : 1756461723398624372,
      "q" : "1",
      "p" : "0.8075",
      "s" : "buy",
      "i" : "WIFUSD-PERP",
      "m" : "4611686018429978504"
    }, {
      "d" : "1756461633466512171",
      "t" : 1756461633466,
      "tn" : 1756461633466512171,
      "q" : "1",
      "p" : "0.8057",
      "s" : "buy",
      "i" : "WIFUSD-PERP",
      "m" : "4611686018429978503"
    }, {
      "d" : "1756461632485020911",
      "t" : 1756461632485,
      "tn" : 1756461632485020911,
      "q" : "1",
      "p" : "0.8055",
      "s" : "buy",
      "i" : "WIFUSD-PERP",
      "m" : "4611686018429978502"
    }, {
      "d" : "1756461624589077679",
      "t" : 1756461624589,
      "tn" : 1756461624589077678,
      "q" : "1",
      "p" : "0.8060",
      "s" : "sell",
      "i" : "WIFUSD-PERP",
      "m" : "4611686018429978501"
    }, {
      "d" : "1756461624589077678",
      "t" : 1756461624589,
      "tn" : 1756461624589077678,
      "q" : "163",
      "p" : "0.8060",
      "s" : "sell",
      "i" : "WIFUSD-PERP",
      "m" : "4611686018429978501"
    }, {
      "d" : "1756461601374732628",
      "t" : 1756461601374,
      "tn" : 1756461601374732628,
      "q" : "1",
      "p" : "0.8073",
      "s" : "sell",
      "i" : "WIFUSD-PERP",
      "m" : "4611686018429978500"
    }, {
      "d" : "1756461387284232124",
      "t" : 1756461387284,
      "tn" : 1756461387284232124,
      "q" : "1",
      "p" : "0.8077",
      "s" : "buy",
      "i" : "WIFUSD-PERP",
      "m" : "4611686018429978499"
    }, {
      "d" : "1756461385991689046",
      "t" : 1756461385991,
      "tn" : 1756461385991689046,
      "q" : "1",
      "p" : "0.8080",
      "s" : "sell",
      "i" : "WIFUSD-PERP",
      "m" : "4611686018429978498"
    }, {
      "d" : "1756461375881287879",
      "t" : 1756461375881,
      "tn" : 1756461375881287879,
      "q" : "1",
      "p" : "0.8083",
      "s" : "buy",
      "i" : "WIFUSD-PERP",
      "m" : "4611686018429978497"
    }, {
      "d" : "1756461354645708850",
      "t" : 1756461354645,
      "tn" : 1756461354645708849,
      "q" : "296",
      "p" : "0.8083",
      "s" : "sell",
      "i" : "WIFUSD-PERP",
      "m" : "4611686018429978496"
    }, {
      "d" : "1756461354645708849",
      "t" : 1756461354645,
      "tn" : 1756461354645708849,
      "q" : "1",
      "p" : "0.8083",
      "s" : "sell",
      "i" : "WIFUSD-PERP",
      "m" : "4611686018429978496"
    }, {
      "d" : "1756461349861606218",
      "t" : 1756461349861,
      "tn" : 1756461349861606218,
      "q" : "1",
      "p" : "0.8081",
      "s" : "sell",
      "i" : "WIFUSD-PERP",
      "m" : "4611686018429978495"
    }, {
      "d" : "1756461346541612696",
      "t" : 1756461346541,
      "tn" : 1756461346541612695,
      "q" : "48",
      "p" : "0.8082",
      "s" : "buy",
      "i" : "WIFUSD-PERP",
      "m" : "4611686018429978494"
    }, {
      "d" : "1756461346541612695",
      "t" : 1756461346541,
      "tn" : 1756461346541612695,
      "q" : "50",
      "p" : "0.8082",
      "s" : "buy",
      "i" : "WIFUSD-PERP",
      "m" : "4611686018429978494"
    }, {
      "d" : "1756461346541609813",
      "t" : 1756461346541,
      "tn" : 1756461346541609813,
      "q" : "1",
      "p" : "0.8081",
      "s" : "buy",
      "i" : "WIFUSD-PERP",
      "m" : "4611686018429978493"
    }, {
      "d" : "1756461346541607409",
      "t" : 1756461346541,
      "tn" : 1756461346541607409,
      "q" : "1",
      "p" : "0.8080",
      "s" : "buy",
      "i" : "WIFUSD-PERP",
      "m" : "4611686018429978492"
    }, {
      "d" : "1756461342365898978",
      "t" : 1756461342365,
      "tn" : 1756461342365898977,
      "q" : "300",
      "p" : "0.8082",
      "s" : "sell",
      "i" : "WIFUSD-PERP",
      "m" : "4611686018429978491"
    }, {
      "d" : "1756461342365898977",
      "t" : 1756461342365,
      "tn" : 1756461342365898977,
      "q" : "1",
      "p" : "0.8082",
      "s" : "sell",
      "i" : "WIFUSD-PERP",
      "m" : "4611686018429978491"
    }, {
      "d" : "1756461339826026376",
      "t" : 1756461339826,
      "tn" : 1756461339826026376,
      "q" : "1",
      "p" : "0.8081",
      "s" : "sell",
      "i" : "WIFUSD-PERP",
      "m" : "4611686018429978490"
    }, {
      "d" : "1756460941701969780",
      "t" : 1756460941701,
      "tn" : 1756460941701969780,
      "q" : "1",
      "p" : "0.8086",
      "s" : "buy",
      "i" : "WIFUSD-PERP",
      "m" : "4611686018429978489"
    }, {
      "d" : "1756460910148184530",
      "t" : 1756460910148,
      "tn" : 1756460910148184530,
      "q" : "1",
      "p" : "0.8088",
      "s" : "buy",
      "i" : "WIFUSD-PERP",
      "m" : "4611686018429978488"
    }, {
      "d" : "1756460730611491157",
      "t" : 1756460730611,
      "tn" : 1756460730611491157,
      "q" : "1",
      "p" : "0.8045",
      "s" : "buy",
      "i" : "WIFUSD-PERP",
      "m" : "4611686018429978487"
    }, {
      "d" : "1756460713048468363",
      "t" : 1756460713048,
      "tn" : 1756460713048468363,
      "q" : "1",
      "p" : "0.8042",
      "s" : "sell",
      "i" : "WIFUSD-PERP",
      "m" : "4611686018429978486"
    }, {
      "d" : "1756460709016086782",
      "t" : 1756460709016,
      "tn" : 1756460709016086782,
      "q" : "1",
      "p" : "0.8036",
      "s" : "buy",
      "i" : "WIFUSD-PERP",
      "m" : "4611686018429978485"
    }, {
      "d" : "1756460699351173235",
      "t" : 1756460699351,
      "tn" : 1756460699351173235,
      "q" : "165",
      "p" : "0.8041",
      "s" : "sell",
      "i" : "WIFUSD-PERP",
      "m" : "4611686018429978484"
    }, {
      "d" : "1756460695284136118",
      "t" : 1756460695284,
      "tn" : 1756460695284136118,
      "q" : "1",
      "p" : "0.8041",
      "s" : "sell",
      "i" : "WIFUSD-PERP",
      "m" : "4611686018429978483"
    }, {
      "d" : "1756460683404828580",
      "t" : 1756460683404,
      "tn" : 1756460683404828580,
      "q" : "1",
      "p" : "0.8041",
      "s" : "buy",
      "i" : "WIFUSD-PERP",
      "m" : "4611686018429978482"
    }, {
      "d" : "1756460683220204595",
      "t" : 1756460683220,
      "tn" : 1756460683220204594,
      "q" : "306",
      "p" : "0.8041",
      "s" : "sell",
      "i" : "WIFUSD-PERP",
      "m" : "4611686018429978481"
    }, {
      "d" : "1756460683220204594",
      "t" : 1756460683220,
      "tn" : 1756460683220204594,
      "q" : "1",
      "p" : "0.8041",
      "s" : "sell",
      "i" : "WIFUSD-PERP",
      "m" : "4611686018429978481"
    }, {
      "d" : "1756460683027237290",
      "t" : 1756460683027,
      "tn" : 1756460683027237290,
      "q" : "1",
      "p" : "0.8041",
      "s" : "buy",
      "i" : "WIFUSD-PERP",
      "m" : "4611686018429978480"
    }, {
      "d" : "1756460679327769625",
      "t" : 1756460679327,
      "tn" : 1756460679327769625,
      "q" : "1",
      "p" : "0.8041",
      "s" : "sell",
      "i" : "WIFUSD-PERP",
      "m" : "4611686018429978479"
    }, {
      "d" : "1756460635882324632",
      "t" : 1756460635882,
      "tn" : 1756460635882324632,
      "q" : "1",
      "p" : "0.8037",
      "s" : "buy",
      "i" : "WIFUSD-PERP",
      "m" : "4611686018429978478"
    }, {
      "d" : "1756460627711355611",
      "t" : 1756460627711,
      "tn" : 1756460627711355611,
      "q" : "1",
      "p" : "0.8040",
      "s" : "sell",
      "i" : "WIFUSD-PERP",
      "m" : "4611686018429978477"
    }, {
      "d" : "1756460615936501820",
      "t" : 1756460615936,
      "tn" : 1756460615936501820,
      "q" : "1",
      "p" : "0.8040",
      "s" : "buy",
      "i" : "WIFUSD-PERP",
      "m" : "4611686018429978476"
    }, {
      "d" : "1756460512659364265",
      "t" : 1756460512659,
      "tn" : 1756460512659364265,
      "q" : "1",
      "p" : "0.8030",
      "s" : "sell",
      "i" : "WIFUSD-PERP",
      "m" : "4611686018429978475"
    }, {
      "d" : "1756460354277035804",
      "t" : 1756460354277,
      "tn" : 1756460354277035804,
      "q" : "1",
      "p" : "0.8012",
      "s" : "buy",
      "i" : "WIFUSD-PERP",
      "m" : "4611686018429978474"
    }, {
      "d" : "1756460212003313396",
      "t" : 1756460212003,
      "tn" : 1756460212003313396,
      "q" : "1",
      "p" : "0.8008",
      "s" : "sell",
      "i" : "WIFUSD-PERP",
      "m" : "4611686018429978473"
    }, {
      "d" : "1756460206928517667",
      "t" : 1756460206928,
      "tn" : 1756460206928517667,
      "q" : "1",
      "p" : "0.8012",
      "s" : "sell",
      "i" : "WIFUSD-PERP",
      "m" : "4611686018429978472"
    }, {
      "d" : "1756460160771151005",
      "t" : 1756460160771,
      "tn" : 1756460160771151005,
      "q" : "311",
      "p" : "0.8015",
      "s" : "sell",
      "i" : "WIFUSD-PERP",
      "m" : "4611686018429978471"
    }, {
      "d" : "1756460153737391426",
      "t" : 1756460153737,
      "tn" : 1756460153737391426,
      "q" : "1",
      "p" : "0.8017",
      "s" : "buy",
      "i" : "WIFUSD-PERP",
      "m" : "4611686018429978470"
    }, {
      "d" : "1756459976472423505",
      "t" : 1756459976472,
      "tn" : 1756459976472423505,
      "q" : "1",
      "p" : "0.8024",
      "s" : "buy",
      "i" : "WIFUSD-PERP",
      "m" : "4611686018429978469"
    }, {
      "d" : "1756459876434922720",
      "t" : 1756459876434,
      "tn" : 1756459876434922720,
      "q" : "1",
      "p" : "0.8032",
      "s" : "sell",
      "i" : "WIFUSD-PERP",
      "m" : "4611686018429978468"
    }, {
      "d" : "1756459853440820540",
      "t" : 1756459853440,
      "tn" : 1756459853440820540,
      "q" : "1",
      "p" : "0.8038",
      "s" : "buy",
      "i" : "WIFUSD-PERP",
      "m" : "4611686018429978467"
    }, {
      "d" : "1756459461061586172",
      "t" : 1756459461061,
      "tn" : 1756459461061586172,
      "q" : "1",
      "p" : "0.8035",
      "s" : "buy",
      "i" : "WIFUSD-PERP",
      "m" : "4611686018429978466"
    }, {
      "d" : "1756459446758589872",
      "t" : 1756459446758,
      "tn" : 1756459446758589872,
      "q" : "1",
      "p" : "0.8043",
      "s" : "sell",
      "i" : "WIFUSD-PERP",
      "m" : "4611686018429978465"
    }, {
      "d" : "1756459431881403542",
      "t" : 1756459431881,
      "tn" : 1756459431881403542,
      "q" : "1",
      "p" : "0.8044",
      "s" : "buy",
      "i" : "WIFUSD-PERP",
      "m" : "4611686018429978464"
    }, {
      "d" : "1756459400468324557",
      "t" : 1756459400468,
      "tn" : 1756459400468324557,
      "q" : "1",
      "p" : "0.8052",
      "s" : "sell",
      "i" : "WIFUSD-PERP",
      "m" : "4611686018429978463"
    }, {
      "d" : "1756459383520109531",
      "t" : 1756459383520,
      "tn" : 1756459383520109531,
      "q" : "1",
      "p" : "0.8049",
      "s" : "buy",
      "i" : "WIFUSD-PERP",
      "m" : "4611686018429978462"
    }, {
      "d" : "1756459361333749852",
      "t" : 1756459361333,
      "tn" : 1756459361333749851,
      "q" : "310",
      "p" : "0.8062",
      "s" : "sell",
      "i" : "WIFUSD-PERP",
      "m" : "4611686018429978461"
    }, {
      "d" : "1756459361333749851",
      "t" : 1756459361333,
      "tn" : 1756459361333749851,
      "q" : "1",
      "p" : "0.8062",
      "s" : "sell",
      "i" : "WIFUSD-PERP",
      "m" : "4611686018429978461"
    }, {
      "d" : "1756459322468168797",
      "t" : 1756459322468,
      "tn" : 1756459322468168797,
      "q" : "1",
      "p" : "0.8054",
      "s" : "buy",
      "i" : "WIFUSD-PERP",
      "m" : "4611686018429978460"
    }, {
      "d" : "1756459321177941017",
      "t" : 1756459321177,
      "tn" : 1756459321177941017,
      "q" : "1",
      "p" : "0.8056",
      "s" : "sell",
      "i" : "WIFUSD-PERP",
      "m" : "4611686018429978459"
    }, {
      "d" : "1756459273506925238",
      "t" : 1756459273506,
      "tn" : 1756459273506925238,
      "q" : "1",
      "p" : "0.8047",
      "s" : "buy",
      "i" : "WIFUSD-PERP",
      "m" : "4611686018429978458"
    }, {
      "d" : "1756459264326018895",
      "t" : 1756459264326,
      "tn" : 1756459264326018895,
      "q" : "1",
      "p" : "0.8043",
      "s" : "buy",
      "i" : "WIFUSD-PERP",
      "m" : "4611686018429978457"
    }, {
      "d" : "1756459261088184419",
      "t" : 1756459261088,
      "tn" : 1756459261088184419,
      "q" : "1",
      "p" : "0.8047",
      "s" : "buy",
      "i" : "WIFUSD-PERP",
      "m" : "4611686018429978456"
    }, {
      "d" : "1756459194503724132",
      "t" : 1756459194503,
      "tn" : 1756459194503724132,
      "q" : "1",
      "p" : "0.8044",
      "s" : "buy",
      "i" : "WIFUSD-PERP",
      "m" : "4611686018429978455"
    }, {
      "d" : "1756459183787483824",
      "t" : 1756459183787,
      "tn" : 1756459183787483824,
      "q" : "1",
      "p" : "0.8040",
      "s" : "sell",
      "i" : "WIFUSD-PERP",
      "m" : "4611686018429978454"
    }, {
      "d" : "1756459183750324927",
      "t" : 1756459183750,
      "tn" : 1756459183750324927,
      "q" : "1",
      "p" : "0.8041",
      "s" : "sell",
      "i" : "WIFUSD-PERP",
      "m" : "4611686018429978453"
    }, {
      "d" : "1756459181445287157",
      "t" : 1756459181445,
      "tn" : 1756459181445287157,
      "q" : "1",
      "p" : "0.8035",
      "s" : "buy",
      "i" : "WIFUSD-PERP",
      "m" : "4611686018429978452"
    }, {
      "d" : "1756459181331411047",
      "t" : 1756459181331,
      "tn" : 1756459181331411047,
      "q" : "1",
      "p" : "0.8035",
      "s" : "buy",
      "i" : "WIFUSD-PERP",
      "m" : "4611686018429978451"
    }, {
      "d" : "1756459158080593502",
      "t" : 1756459158080,
      "tn" : 1756459158080593502,
      "q" : "1",
      "p" : "0.8020",
      "s" : "buy",
      "i" : "WIFUSD-PERP",
      "m" : "4611686018429978450"
    }, {
      "d" : "1756459095367851770",
      "t" : 1756459095367,
      "tn" : 1756459095367851770,
      "q" : "1",
      "p" : "0.8020",
      "s" : "buy",
      "i" : "WIFUSD-PERP",
      "m" : "4611686018429978449"
    }, {
      "d" : "1756459095251434237",
      "t" : 1756459095251,
      "tn" : 1756459095251434237,
      "q" : "1",
      "p" : "0.8020",
      "s" : "buy",
      "i" : "WIFUSD-PERP",
      "m" : "4611686018429978448"
    }, {
      "d" : "1756459066201689403",
      "t" : 1756459066201,
      "tn" : 1756459066201689403,
      "q" : "1",
      "p" : "0.7998",
      "s" : "buy",
      "i" : "WIFUSD-PERP",
      "m" : "4611686018429978447"
    }, {
      "d" : "1756459059299223514",
      "t" : 1756459059299,
      "tn" : 1756459059299223512,
      "q" : "1",
      "p" : "0.7997",
      "s" : "sell",
      "i" : "WIFUSD-PERP",
      "m" : "4611686018429978446"
    }, {
      "d" : "1756459059299223513",
      "t" : 1756459059299,
      "tn" : 1756459059299223512,
      "q" : "1",
      "p" : "0.7997",
      "s" : "sell",
      "i" : "WIFUSD-PERP",
      "m" : "4611686018429978446"
    }, {
      "d" : "1756459059299223512",
      "t" : 1756459059299,
      "tn" : 1756459059299223512,
      "q" : "312",
      "p" : "0.7997",
      "s" : "sell",
      "i" : "WIFUSD-PERP",
      "m" : "4611686018429978446"
    }, {
      "d" : "1756458821190767583",
      "t" : 1756458821190,
      "tn" : 1756458821190767583,
      "q" : "1",
      "p" : "0.7991",
      "s" : "sell",
      "i" : "WIFUSD-PERP",
      "m" : "4611686018429978445"
    }, {
      "d" : "1756458821189483363",
      "t" : 1756458821189,
      "tn" : 1756458821189483363,
      "q" : "209",
      "p" : "0.7992",
      "s" : "sell",
      "i" : "WIFUSD-PERP",
      "m" : "4611686018429978444"
    }, {
      "d" : "1756458821189031386",
      "t" : 1756458821189,
      "tn" : 1756458821189031386,
      "q" : "103",
      "p" : "0.7992",
      "s" : "sell",
      "i" : "WIFUSD-PERP",
      "m" : "4611686018429978443"
    }, {
      "d" : "1756458679491844837",
      "t" : 1756458679491,
      "tn" : 1756458679491844837,
      "q" : "1",
      "p" : "0.7968",
      "s" : "buy",
      "i" : "WIFUSD-PERP",
      "m" : "4611686018429978442"
    }, {
      "d" : "1756458675055879220",
      "t" : 1756458675055,
      "tn" : 1756458675055879219,
      "q" : "1",
      "p" : "0.7977",
      "s" : "sell",
      "i" : "WIFUSD-PERP",
      "m" : "4611686018429978441"
    }, {
      "d" : "1756458675055879219",
      "t" : 1756458675055,
      "tn" : 1756458675055879219,
      "q" : "1",
      "p" : "0.7977",
      "s" : "sell",
      "i" : "WIFUSD-PERP",
      "m" : "4611686018429978441"
    }, {
      "d" : "1756458634864708321",
      "t" : 1756458634864,
      "tn" : 1756458634864708321,
      "q" : "1",
      "p" : "0.7955",
      "s" : "sell",
      "i" : "WIFUSD-PERP",
      "m" : "4611686018429978440"
    }, {
      "d" : "1756458629114827428",
      "t" : 1756458629114,
      "tn" : 1756458629114827428,
      "q" : "1",
      "p" : "0.7958",
      "s" : "buy",
      "i" : "WIFUSD-PERP",
      "m" : "4611686018429978439"
    }, {
      "d" : "1756458629111703151",
      "t" : 1756458629111,
      "tn" : 1756458629111703151,
      "q" : "1",
      "p" : "0.7955",
      "s" : "buy",
      "i" : "WIFUSD-PERP",
      "m" : "4611686018429978438"
    }, {
      "d" : "1756458572631370801",
      "t" : 1756458572631,
      "tn" : 1756458572631370801,
      "q" : "1",
      "p" : "0.7967",
      "s" : "buy",
      "i" : "WIFUSD-PERP",
      "m" : "4611686018429978437"
    }, {
      "d" : "1756458568670026458",
      "t" : 1756458568670,
      "tn" : 1756458568670026457,
      "q" : "1",
      "p" : "0.7960",
      "s" : "sell",
      "i" : "WIFUSD-PERP",
      "m" : "4611686018429978436"
    }, {
      "d" : "1756458568670026457",
      "t" : 1756458568670,
      "tn" : 1756458568670026457,
      "q" : "1",
      "p" : "0.7960",
      "s" : "sell",
      "i" : "WIFUSD-PERP",
      "m" : "4611686018429978436"
    }, {
      "d" : "1756458495891687849",
      "t" : 1756458495891,
      "tn" : 1756458495891687849,
      "q" : "1",
      "p" : "0.7947",
      "s" : "buy",
      "i" : "WIFUSD-PERP",
      "m" : "4611686018429978435"
    }, {
      "d" : "1756458494726123232",
      "t" : 1756458494726,
      "tn" : 1756458494726123231,
      "q" : "1",
      "p" : "0.7947",
      "s" : "sell",
      "i" : "WIFUSD-PERP",
      "m" : "4611686018429978434"
    }, {
      "d" : "1756458494726123231",
      "t" : 1756458494726,
      "tn" : 1756458494726123231,
      "q" : "1",
      "p" : "0.7947",
      "s" : "sell",
      "i" : "WIFUSD-PERP",
      "m" : "4611686018429978434"
    }, {
      "d" : "1756458468981770869",
      "t" : 1756458468981,
      "tn" : 1756458468981770869,
      "q" : "1",
      "p" : "0.7946",
      "s" : "buy",
      "i" : "WIFUSD-PERP",
      "m" : "4611686018429978433"
    }, {
      "d" : "1756458465461266977",
      "t" : 1756458465461,
      "tn" : 1756458465461266976,
      "q" : "1",
      "p" : "0.7949",
      "s" : "sell",
      "i" : "WIFUSD-PERP",
      "m" : "4611686018429978432"
    }, {
      "d" : "1756458465461266976",
      "t" : 1756458465461,
      "tn" : 1756458465461266976,
      "q" : "1",
      "p" : "0.7949",
      "s" : "sell",
      "i" : "WIFUSD-PERP",
      "m" : "4611686018429978432"
    }, {
      "d" : "1756458430318631751",
      "t" : 1756458430318,
      "tn" : 1756458430318631751,
      "q" : "1",
      "p" : "0.7958",
      "s" : "buy",
      "i" : "WIFUSD-PERP",
      "m" : "4611686018429978431"
    }, {
      "d" : "1756458428712552239",
      "t" : 1756458428712,
      "tn" : 1756458428712552239,
      "q" : "1",
      "p" : "0.7956",
      "s" : "buy",
      "i" : "WIFUSD-PERP",
      "m" : "4611686018429978430"
    }, {
      "d" : "1756458426988078643",
      "t" : 1756458426988,
      "tn" : 1756458426988078642,
      "q" : "1",
      "p" : "0.7953",
      "s" : "sell",
      "i" : "WIFUSD-PERP",
      "m" : "4611686018429978429"
    }, {
      "d" : "1756458426988078642",
      "t" : 1756458426988,
      "tn" : 1756458426988078642,
      "q" : "1",
      "p" : "0.7953",
      "s" : "sell",
      "i" : "WIFUSD-PERP",
      "m" : "4611686018429978429"
    }, {
      "d" : "1756458412948453939",
      "t" : 1756458412948,
      "tn" : 1756458412948453939,
      "q" : "1",
      "p" : "0.7966",
      "s" : "sell",
      "i" : "WIFUSD-PERP",
      "m" : "4611686018429978428"
    }, {
      "d" : "1756458396591208758",
      "t" : 1756458396591,
      "tn" : 1756458396591208758,
      "q" : "1",
      "p" : "0.7958",
      "s" : "buy",
      "i" : "WIFUSD-PERP",
      "m" : "4611686018429978427"
    }, {
      "d" : "1756458390277298273",
      "t" : 1756458390277,
      "tn" : 1756458390277298273,
      "q" : "1",
      "p" : "0.7962",
      "s" : "sell",
      "i" : "WIFUSD-PERP",
      "m" : "4611686018429978426"
    }, {
      "d" : "1756458372891240779",
      "t" : 1756458372891,
      "tn" : 1756458372891240779,
      "q" : "1",
      "p" : "0.7961",
      "s" : "buy",
      "i" : "WIFUSD-PERP",
      "m" : "4611686018429978425"
    }, {
      "d" : "1756458363982954111",
      "t" : 1756458363982,
      "tn" : 1756458363982954111,
      "q" : "1",
      "p" : "0.7973",
      "s" : "sell",
      "i" : "WIFUSD-PERP",
      "m" : "4611686018429978424"
    }, {
      "d" : "1756458337035402631",
      "t" : 1756458337035,
      "tn" : 1756458337035402631,
      "q" : "1",
      "p" : "0.7964",
      "s" : "buy",
      "i" : "WIFUSD-PERP",
      "m" : "4611686018429978423"
    }, {
      "d" : "1756458312749220305",
      "t" : 1756458312749,
      "tn" : 1756458312749220305,
      "q" : "1",
      "p" : "0.7962",
      "s" : "sell",
      "i" : "WIFUSD-PERP",
      "m" : "4611686018429978422"
    }, {
      "d" : "1756458311408648919",
      "t" : 1756458311408,
      "tn" : 1756458311408648919,
      "q" : "1",
      "p" : "0.7961",
      "s" : "buy",
      "i" : "WIFUSD-PERP",
      "m" : "4611686018429978421"
    }, {
      "d" : "1756458311274852748",
      "t" : 1756458311274,
      "tn" : 1756458311274852748,
      "q" : "1",
      "p" : "0.7963",
      "s" : "sell",
      "i" : "WIFUSD-PERP",
      "m" : "4611686018429978420"
    }, {
      "d" : "1756458256399513515",
      "t" : 1756458256399,
      "tn" : 1756458256399513515,
      "q" : "1",
      "p" : "0.7949",
      "s" : "sell",
      "i" : "WIFUSD-PERP",
      "m" : "4611686018429978419"
    }, {
      "d" : "1756458247140530594",
      "t" : 1756458247140,
      "tn" : 1756458247140530594,
      "q" : "1",
      "p" : "0.7954",
      "s" : "sell",
      "i" : "WIFUSD-PERP",
      "m" : "4611686018429978418"
    }, {
      "d" : "1756458206443037864",
      "t" : 1756458206443,
      "tn" : 1756458206443037864,
      "q" : "1",
      "p" : "0.7940",
      "s" : "buy",
      "i" : "WIFUSD-PERP",
      "m" : "4611686018429978417"
    }, {
      "d" : "1756458203817767731",
      "t" : 1756458203817,
      "tn" : 1756458203817767731,
      "q" : "50",
      "p" : "0.7940",
      "s" : "buy",
      "i" : "WIFUSD-PERP",
      "m" : "4611686018429978416"
    }, {
      "d" : "1756458203817765326",
      "t" : 1756458203817,
      "tn" : 1756458203817765326,
      "q" : "1",
      "p" : "0.7939",
      "s" : "buy",
      "i" : "WIFUSD-PERP",
      "m" : "4611686018429978415"
    }, {
      "d" : "1756458202461074032",
      "t" : 1756458202461,
      "tn" : 1756458202461074032,
      "q" : "50",
      "p" : "0.7933",
      "s" : "buy",
      "i" : "WIFUSD-PERP",
      "m" : "4611686018429978414"
    }, {
      "d" : "1756458202461071477",
      "t" : 1756458202461,
      "tn" : 1756458202461071477,
      "q" : "1",
      "p" : "0.7931",
      "s" : "buy",
      "i" : "WIFUSD-PERP",
      "m" : "4611686018429978413"
    }, {
      "d" : "1756458200563720259",
      "t" : 1756458200563,
      "tn" : 1756458200563720259,
      "q" : "1",
      "p" : "0.7928",
      "s" : "sell",
      "i" : "WIFUSD-PERP",
      "m" : "4611686018429978412"
    }, {
      "d" : "1756458200559698964",
      "t" : 1756458200559,
      "tn" : 1756458200559698964,
      "q" : "1",
      "p" : "0.7929",
      "s" : "sell",
      "i" : "WIFUSD-PERP",
      "m" : "4611686018429978411"
    }, {
      "d" : "1756458197726202409",
      "t" : 1756458197726,
      "tn" : 1756458197726202409,
      "q" : "1",
      "p" : "0.7939",
      "s" : "buy",
      "i" : "WIFUSD-PERP",
      "m" : "4611686018429978410"
    }, {
      "d" : "1756458192314925220",
      "t" : 1756458192314,
      "tn" : 1756458192314925220,
      "q" : "1",
      "p" : "0.7931",
      "s" : "buy",
      "i" : "WIFUSD-PERP",
      "m" : "4611686018429978409"
    }, {
      "d" : "1756458190977245870",
      "t" : 1756458190977,
      "tn" : 1756458190977245870,
      "q" : "1",
      "p" : "0.7928",
      "s" : "sell",
      "i" : "WIFUSD-PERP",
      "m" : "4611686018429978408"
    }, {
      "d" : "1756458189788332026",
      "t" : 1756458189788,
      "tn" : 1756458189788332026,
      "q" : "1",
      "p" : "0.7937",
      "s" : "sell",
      "i" : "WIFUSD-PERP",
      "m" : "4611686018429978407"
    }, {
      "d" : "1756458189674464890",
      "t" : 1756458189674,
      "tn" : 1756458189674464890,
      "q" : "1",
      "p" : "0.7938",
      "s" : "sell",
      "i" : "WIFUSD-PERP",
      "m" : "4611686018429978406"
    }, {
      "d" : "1756458185307296472",
      "t" : 1756458185307,
      "tn" : 1756458185307296472,
      "q" : "1",
      "p" : "0.7925",
      "s" : "buy",
      "i" : "WIFUSD-PERP",
      "m" : "4611686018429978405"
    }, {
      "d" : "1756458185280830327",
      "t" : 1756458185280,
      "tn" : 1756458185280830327,
      "q" : "184",
      "p" : "0.7926",
      "s" : "sell",
      "i" : "WIFUSD-PERP",
      "m" : "4611686018429978404"
    }, {
      "d" : "1756458185280379523",
      "t" : 1756458185280,
      "tn" : 1756458185280379523,
      "q" : "131",
      "p" : "0.7926",
      "s" : "sell",
      "i" : "WIFUSD-PERP",
      "m" : "4611686018429978403"
    }, {
      "d" : "1756458184223797006",
      "t" : 1756458184223,
      "tn" : 1756458184223797006,
      "q" : "1",
      "p" : "0.7927",
      "s" : "sell",
      "i" : "WIFUSD-PERP",
      "m" : "4611686018429978402"
    }, {
      "d" : "1756458183168113442",
      "t" : 1756458183168,
      "tn" : 1756458183168113442,
      "q" : "1",
      "p" : "0.7927",
      "s" : "sell",
      "i" : "WIFUSD-PERP",
      "m" : "4611686018429978401"
    }, {
      "d" : "1756458183163108534",
      "t" : 1756458183163,
      "tn" : 1756458183163108534,
      "q" : "1",
      "p" : "0.7928",
      "s" : "sell",
      "i" : "WIFUSD-PERP",
      "m" : "4611686018429978400"
    }, {
      "d" : "1756458181560494310",
      "t" : 1756458181560,
      "tn" : 1756458181560494310,
      "q" : "1",
      "p" : "0.7932",
      "s" : "sell",
      "i" : "WIFUSD-PERP",
      "m" : "4611686018429978399"
    }, {
      "d" : "1756458181547425249",
      "t" : 1756458181547,
      "tn" : 1756458181547425249,
      "q" : "1",
      "p" : "0.7933",
      "s" : "sell",
      "i" : "WIFUSD-PERP",
      "m" : "4611686018429978398"
    }, {
      "d" : "1756458176001625617",
      "t" : 1756458176001,
      "tn" : 1756458176001625615,
      "q" : "332",
      "p" : "0.7942",
      "s" : "sell",
      "i" : "WIFUSD-PERP",
      "m" : "4611686018429978397"
    }, {
      "d" : "1756458176001625616",
      "t" : 1756458176001,
      "tn" : 1756458176001625615,
      "q" : "3",
      "p" : "0.7942",
      "s" : "sell",
      "i" : "WIFUSD-PERP",
      "m" : "4611686018429978397"
    }, {
      "d" : "1756458176001625615",
      "t" : 1756458176001,
      "tn" : 1756458176001625615,
      "q" : "166",
      "p" : "0.7942",
      "s" : "sell",
      "i" : "WIFUSD-PERP",
      "m" : "4611686018429978397"
    }, {
      "d" : "1756458176001620825",
      "t" : 1756458176001,
      "tn" : 1756458176001620825,
      "q" : "483",
      "p" : "0.7943",
      "s" : "sell",
      "i" : "WIFUSD-PERP",
      "m" : "4611686018429978396"
    } ]
  }
}