{
  "id" : -1,
  "method" : "public/get-trades",
  "code" : 0,
  "result" : {
    "data" : [ {
      "d" : "1756462925672920246",
      "t" : 1756462925672,
      "tn" : 1756462925672920246,
      "q" : "1.3",
      "p" : "0.9223",
      "s" : "sell",
      "i" : "WLD_USDT",
      "m" : "4611686018431210484"
    }, {
      "d" : "1756462920490505078",
      "t" : 1756462920490,
      "tn" : 1756462920490505078,
      "q" : "1.3",
      "p" : "0.9223",
      "s" : "sell",
      "i" : "WLD_USDT",
      "m" : "4611686018431210483"
    }, {
      "d" : "1756462920485784385",
      "t" : 1756462920485,
      "tn" : 1756462920485784385,
      "q" : "1.3",
      "p" : "0.9223",
      "s" : "sell",
      "i" : "WLD_USDT",
      "m" : "4611686018431210482"
    }, {
      "d" : "1756462920294737287",
      "t" : 1756462920294,
      "tn" : 1756462920294737287,
      "q" : "1.3",
      "p" : "0.9223",
      "s" : "sell",
      "i" : "WLD_USDT",
      "m" : "4611686018431210481"
    }, {
      "d" : "1756462920284002657",
      "t" : 1756462920284,
      "tn" : 1756462920284002657,
      "q" : "1.3",
      "p" : "0.9223",
      "s" : "sell",
      "i" : "WLD_USDT",
      "m" : "4611686018431210480"
    }, {
      "d" : "1756462920015460092",
      "t" : 1756462920015,
      "tn" : 1756462920015460092,
      "q" : "1.3",
      "p" : "0.9223",
      "s" : "sell",
      "i" : "WLD_USDT",
      "m" : "4611686018431210479"
    }, {
      "d" : "1756462884620116210",
      "t" : 1756462884620,
      "tn" : 1756462884620116210,
      "q" : "1.3",
      "p" : "0.9224",
      "s" : "sell",
      "i" : "WLD_USDT",
      "m" : "4611686018431210478"
    }, {
      "d" : "1756462884394893892",
      "t" : 1756462884394,
      "tn" : 1756462884394893892,
      "q" : "1.3",
      "p" : "0.9224",
      "s" : "sell",
      "i" : "WLD_USDT",
      "m" : "4611686018431210477"
    }, {
      "d" : "1756462884359851107",
      "t" : 1756462884359,
      "tn" : 1756462884359851107,
      "q" : "1.3",
      "p" : "0.9224",
      "s" : "sell",
      "i" : "WLD_USDT",
      "m" : "4611686018431210476"
    }, {
      "d" : "1756462884193921118",
      "t" : 1756462884193,
      "tn" : 1756462884193921118,
      "q" : "1.3",
      "p" : "0.9224",
      "s" : "sell",
      "i" : "WLD_USDT",
      "m" : "4611686018431210475"
    }, {
      "d" : "1756462883267201144",
      "t" : 1756462883267,
      "tn" : 1756462883267201144,
      "q" : "1.3",
      "p" : "0.9224",
      "s" : "sell",
      "i" : "WLD_USDT",
      "m" : "4611686018431210474"
    }, {
      "d" : "1756462883191738278",
      "t" : 1756462883191,
      "tn" : 1756462883191738278,
      "q" : "1.3",
      "p" : "0.9224",
      "s" : "sell",
      "i" : "WLD_USDT",
      "m" : "4611686018431210473"
    }, {
      "d" : "1756462883137025114",
      "t" : 1756462883137,
      "tn" : 1756462883137025114,
      "q" : "1.3",
      "p" : "0.9224",
      "s" : "sell",
      "i" : "WLD_USDT",
      "m" : "4611686018431210472"
    }, {
      "d" : "1756462882996469768",
      "t" : 1756462882996,
      "tn" : 1756462882996469768,
      "q" : "1.3",
      "p" : "0.9224",
      "s" : "sell",
      "i" : "WLD_USDT",
      "m" : "4611686018431210471"
    }, {
      "d" : "1756462882984648134",
      "t" : 1756462882984,
      "tn" : 1756462882984648134,
      "q" : "1.3",
      "p" : "0.9224",
      "s" : "sell",
      "i" : "WLD_USDT",
      "m" : "4611686018431210470"
    }, {
      "d" : "1756462882982517398",
      "t" : 1756462882982,
      "tn" : 1756462882982517398,
      "q" : "1.3",
      "p" : "0.9224",
      "s" : "sell",
      "i" : "WLD_USDT",
      "m" : "4611686018431210469"
    }, {
      "d" : "1756462882906886163",
      "t" : 1756462882906,
      "tn" : 1756462882906886163,
      "q" : "1.3",
      "p" : "0.9224",
      "s" : "sell",
      "i" : "WLD_USDT",
      "m" : "4611686018431210468"
    }, {
      "d" : "1756462882848303214",
      "t" : 1756462882848,
      "tn" : 1756462882848303214,
      "q" : "1.3",
      "p" : "0.9224",
      "s" : "sell",
      "i" : "WLD_USDT",
      "m" : "4611686018431210467"
    }, {
      "d" : "1756462882749709589",
      "t" : 1756462882749,
      "tn" : 1756462882749709589,
      "q" : "1.3",
      "p" : "0.9224",
      "s" : "sell",
      "i" : "WLD_USDT",
      "m" : "4611686018431210466"
    }, {
      "d" : "1756462882655846452",
      "t" : 1756462882655,
      "tn" : 1756462882655846452,
      "q" : "1.3",
      "p" : "0.9224",
      "s" : "sell",
      "i" : "WLD_USDT",
      "m" : "4611686018431210465"
    }, {
      "d" : "1756462882618104735",
      "t" : 1756462882618,
      "tn" : 1756462882618104735,
      "q" : "1.3",
      "p" : "0.9224",
      "s" : "sell",
      "i" : "WLD_USDT",
      "m" : "4611686018431210464"
    }, {
      "d" : "1756462866491853921",
      "t" : 1756462866491,
      "tn" : 1756462866491853921,
      "q" : "1.3",
      "p" : "0.9233",
      "s" : "sell",
      "i" : "WLD_USDT",
      "m" : "4611686018431210463"
    }, {
      "d" : "1756462866476827792",
      "t" : 1756462866476,
      "tn" : 1756462866476827792,
      "q" : "1.3",
      "p" : "0.9233",
      "s" : "sell",
      "i" : "WLD_USDT",
      "m" : "4611686018431210462"
    }, {
      "d" : "1756462866466808758",
      "t" : 1756462866466,
      "tn" : 1756462866466808758,
      "q" : "1.3",
      "p" : "0.9233",
      "s" : "sell",
      "i" : "WLD_USDT",
      "m" : "4611686018431210461"
    }, {
      "d" : "1756462866424321075",
      "t" : 1756462866424,
      "tn" : 1756462866424321075,
      "q" : "1.3",
      "p" : "0.9233",
      "s" : "sell",
      "i" : "WLD_USDT",
      "m" : "4611686018431210460"
    }, {
      "d" : "1756462866366747801",
      "t" : 1756462866366,
      "tn" : 1756462866366747801,
      "q" : "1.3",
      "p" : "0.9233",
      "s" : "sell",
      "i" : "WLD_USDT",
      "m" : "4611686018431210459"
    }, {
      "d" : "1756462866355172549",
      "t" : 1756462866355,
      "tn" : 1756462866355172549,
      "q" : "1.3",
      "p" : "0.9233",
      "s" : "sell",
      "i" : "WLD_USDT",
      "m" : "4611686018431210458"
    }, {
      "d" : "1756462866296633826",
      "t" : 1756462866296,
      "tn" : 1756462866296633826,
      "q" : "1.3",
      "p" : "0.9233",
      "s" : "sell",
      "i" : "WLD_USDT",
      "m" : "4611686018431210457"
    }, {
      "d" : "1756462866280907202",
      "t" : 1756462866280,
      "tn" : 1756462866280907202,
      "q" : "1.3",
      "p" : "0.9233",
      "s" : "sell",
      "i" : "WLD_USDT",
      "m" : "4611686018431210456"
    }, {
      "d" : "1756462866265882325",
      "t" : 1756462866265,
      "tn" : 1756462866265882325,
      "q" : "1.3",
      "p" : "0.9233",
      "s" : "sell",
      "i" : "WLD_USDT",
      "m" : "4611686018431210455"
    }, {
      "d" : "1756462866255938045",
      "t" : 1756462866255,
      "tn" : 1756462866255938045,
      "q" : "1.3",
      "p" : "0.9233",
      "s" : "sell",
      "i" : "WLD_USDT",
      "m" : "4611686018431210454"
    }, {
      "d" : "1756462866195845613",
      "t" : 1756462866195,
      "tn" : 1756462866195845613,
      "q" : "1.3",
      "p" : "0.9233",
      "s" : "sell",
      "i" : "WLD_USDT",
      "m" : "4611686018431210453"
    }, {
      "d" : "1756462866105832667",
      "t" : 1756462866105,
      "tn" : 1756462866105832667,
      "q" : "1.3",
      "p" : "0.9233",
      "s" : "sell",
      "i" : "WLD_USDT",
      "m" : "4611686018431210452"
    }, {
      "d" : "1756462866095791431",
      "t" : 1756462866095,
      "tn" : 1756462866095791431,
      "q" : "1.3",
      "p" : "0.9233",
      "s" : "sell",
      "i" : "WLD_USDT",
      "m" : "4611686018431210451"
    }, {
      "d" : "1756462866030662916",
      "t" : 1756462866030,
      "tn" : 1756462866030662916,
      "q" : "1.3",
      "p" : "0.9233",
      "s" : "sell",
      "i" : "WLD_USDT",
      "m" : "4611686018431210450"
    }, {
      "d" : "1756462866002169561",
      "t" : 1756462866002,
      "tn" : 1756462866002169561,
      "q" : "1.3",
      "p" : "0.9233",
      "s" : "sell",
      "i" : "WLD_USDT",
      "m" : "4611686018431210449"
    }, {
      "d" : "1756462865976543472",
      "t" : 1756462865976,
      "tn" : 1756462865976543472,
      "q" : "1.3",
      "p" : "0.9233",
      "s" : "sell",
      "i" : "WLD_USDT",
      "m" : "4611686018431210448"
    }, {
      "d" : "1756462865975703721",
      "t" : 1756462865975,
      "tn" : 1756462865975703721,
      "q" : "1.3",
      "p" : "0.9233",
      "s" : "sell",
      "i" : "WLD_USDT",
      "m" : "4611686018431210447"
    }, {
      "d" : "1756462865895479083",
      "t" : 1756462865895,
      "tn" : 1756462865895479083,
      "q" : "1.3",
      "p" : "0.9233",
      "s" : "sell",
      "i" : "WLD_USDT",
      "m" : "4611686018431210446"
    }, {
      "d" : "1756462865870401283",
      "t" : 1756462865870,
      "tn" : 1756462865870401283,
      "q" : "1.3",
      "p" : "0.9233",
      "s" : "sell",
      "i" : "WLD_USDT",
      "m" : "4611686018431210445"
    }, {
      "d" : "1756462865835416235",
      "t" : 1756462865835,
      "tn" : 1756462865835416235,
      "q" : "1.3",
      "p" : "0.9233",
      "s" : "sell",
      "i" : "WLD_USDT",
      "m" : "4611686018431210444"
    }, {
      "d" : "1756462865810335228",
      "t" : 1756462865810,
      "tn" : 1756462865810335228,
      "q" : "1.3",
      "p" : "0.9233",
      "s" : "sell",
      "i" : "WLD_USDT",
      "m" : "4611686018431210443"
    }, {
      "d" : "1756462864725480221",
      "t" : 1756462864725,
      "tn" : 1756462864725480221,
      "q" : "1.3",
      "p" : "0.9233",
      "s" : "sell",
      "i" : "WLD_USDT",
      "m" : "4611686018431210442"
    }, {
      "d" : "1756462864693008663",
      "t" : 1756462864693,
      "tn" : 1756462864693008663,
      "q" : "1.3",
      "p" : "0.9233",
      "s" : "sell",
      "i" : "WLD_USDT",
      "m" : "4611686018431210441"
    }, {
      "d" : "1756462864663079783",
      "t" : 1756462864663,
      "tn" : 1756462864663079783,
      "q" : "1.3",
      "p" : "0.9233",
      "s" : "sell",
      "i" : "WLD_USDT",
      "m" : "4611686018431210440"
    }, {
      "d" : "1756462864592936303",
      "t" : 1756462864592,
      "tn" : 1756462864592936303,
      "q" : "1.3",
      "p" : "0.9233",
      "s" : "sell",
      "i" : "WLD_USDT",
      "m" : "4611686018431210439"
    }, {
      "d" : "1756462864547914605",
      "t" : 1756462864547,
      "tn" : 1756462864547914605,
      "q" : "1.3",
      "p" : "0.9233",
      "s" : "sell",
      "i" : "WLD_USDT",
      "m" : "4611686018431210438"
    }, {
      "d" : "1756462864520453310",
      "t" : 1756462864520,
      "tn" : 1756462864520453310,
      "q" : "1.3",
      "p" : "0.9233",
      "s" : "sell",
      "i" : "WLD_USDT",
      "m" : "4611686018431210437"
    }, {
      "d" : "1756462864485049604",
      "t" : 1756462864485,
      "tn" : 1756462864485049604,
      "q" : "1.3",
      "p" : "0.9233",
      "s" : "sell",
      "i" : "WLD_USDT",
      "m" : "4611686018431210436"
    }, {
      "d" : "1756462864462827240",
      "t" : 1756462864462,
      "tn" : 1756462864462827240,
      "q" : "1.3",
      "p" : "0.9233",
      "s" : "sell",
      "i" : "WLD_USDT",
      "m" : "4611686018431210435"
    }, {
      "d" : "1756462864393904570",
      "t" : 1756462864393,
      "tn" : 1756462864393904570,
      "q" : "1.3",
      "p" : "0.9233",
      "s" : "sell",
      "i" : "WLD_USDT",
      "m" : "4611686018431210434"
    }, {
      "d" : "1756462864317644090",
      "t" : 1756462864317,
      "tn" : 1756462864317644090,
      "q" : "1.3",
      "p" : "0.9233",
      "s" : "sell",
      "i" : "WLD_USDT",
      "m" : "4611686018431210433"
    }, {
      "d" : "1756462864292660684",
      "t" : 1756462864292,
      "tn" : 1756462864292660684,
      "q" : "1.3",
      "p" : "0.9233",
      "s" : "sell",
      "i" : "WLD_USDT",
      "m" : "4611686018431210432"
    }, {
      "d" : "1756462864264796736",
      "t" : 1756462864264,
      "tn" : 1756462864264796736,
      "q" : "1.3",
      "p" : "0.9233",
      "s" : "sell",
      "i" : "WLD_USDT",
      "m" : "4611686018431210431"
    }, {
      "d" : "1756462864234792579",
      "t" : 1756462864234,
      "tn" : 1756462864234792579,
      "q" : "1.3",
      "p" : "0.9233",
      "s" : "sell",
      "i" : "WLD_USDT",
      "m" : "4611686018431210430"
    }, {
      "d" : "1756462864197082875",
      "t" : 1756462864197,
      "tn" : 1756462864197082875,
      "q" : "1.3",
      "p" : "0.9233",
      "s" : "sell",
      "i" : "WLD_USDT",
      "m" : "4611686018431210429"
    }, {
      "d" : "1756462864114597346",
      "t" : 1756462864114,
      "tn" : 1756462864114597346,
      "q" : "1.3",
      "p" : "0.9233",
      "s" : "sell",
      "i" : "WLD_USDT",
      "m" : "4611686018431210428"
    }, {
      "d" : "1756462864104555508",
      "t" : 1756462864104,
      "tn" : 1756462864104555508,
      "q" : "1.3",
      "p" : "0.9233",
      "s" : "sell",
      "i" : "WLD_USDT",
      "m" : "4611686018431210427"
    }, {
      "d" : "1756462864053502101",
      "t" : 1756462864053,
      "tn" : 1756462864053502101,
      "q" : "1.3",
      "p" : "0.9233",
      "s" : "sell",
      "i" : "WLD_USDT",
      "m" : "4611686018431210426"
    }, {
      "d" : "1756462864010324694",
      "t" : 1756462864010,
      "tn" : 1756462864010324694,
      "q" : "1.3",
      "p" : "0.9233",
      "s" : "sell",
      "i" : "WLD_USDT",
      "m" : "4611686018431210425"
    }, {
      "d" : "1756462863931088283",
      "t" : 1756462863931,
      "tn" : 1756462863931088283,
      "q" : "1.3",
      "p" : "0.9233",
      "s" : "sell",
      "i" : "WLD_USDT",
      "m" : "4611686018431210424"
    }, {
      "d" : "1756462863898288836",
      "t" : 1756462863898,
      "tn" : 1756462863898288836,
      "q" : "1.3",
      "p" : "0.9233",
      "s" : "sell",
      "i" : "WLD_USDT",
      "m" : "4611686018431210423"
    }, {
      "d" : "1756462863855910693",
      "t" : 1756462863855,
      "tn" : 1756462863855910693,
      "q" : "1.3",
      "p" : "0.9233",
      "s" : "sell",
      "i" : "WLD_USDT",
      "m" : "4611686018431210422"
    }, {
      "d" : "1756462863840512267",
      "t" : 1756462863840,
      "tn" : 1756462863840512267,
      "q" : "1.3",
      "p" : "0.9233",
      "s" : "sell",
      "i" : "WLD_USDT",
      "m" : "4611686018431210421"
    }, {
      "d" : "1756462863805832359",
      "t" : 1756462863805,
      "tn" : 1756462863805832359,
      "q" : "1.3",
      "p" : "0.9233",
      "s" : "sell",
      "i" : "WLD_USDT",
      "m" : "4611686018431210420"
    }, {
      "d" : "1756462863780701708",
      "t" : 1756462863780,
      "tn" : 1756462863780701708,
      "q" : "1.3",
      "p" : "0.9234",
      "s" : "sell",
      "i" : "WLD_USDT",
      "m" : "4611686018431210419"
    }, {
      "d" : "1756462863595974667",
      "t" : 1756462863595,
      "tn" : 1756462863595974667,
      "q" : "1.3",
      "p" : "0.9234",
      "s" : "sell",
      "i" : "WLD_USDT",
      "m" : "4611686018431210418"
    }, {
      "d" : "1756462863495969997",
      "t" : 1756462863495,
      "tn" : 1756462863495969997,
      "q" : "1.3",
      "p" : "0.9234",
      "s" : "sell",
      "i" : "WLD_USDT",
      "m" : "4611686018431210417"
    }, {
      "d" : "1756462863413918525",
      "t" : 1756462863413,
      "tn" : 1756462863413918525,
      "q" : "1.3",
      "p" : "0.9234",
      "s" : "sell",
      "i" : "WLD_USDT",
      "m" : "4611686018431210416"
    }, {
      "d" : "1756462863385182036",
      "t" : 1756462863385,
      "tn" : 1756462863385182036,
      "q" : "1.3",
      "p" : "0.9234",
      "s" : "sell",
      "i" : "WLD_USDT",
      "m" : "4611686018431210415"
    }, {
      "d" : "1756462863375186822",
      "t" : 1756462863375,
      "tn" : 1756462863375186822,
      "q" : "1.3",
      "p" : "0.9234",
      "s" : "sell",
      "i" : "WLD_USDT",
      "m" : "4611686018431210414"
    }, {
      "d" : "1756462863307754557",
      "t" : 1756462863307,
      "tn" : 1756462863307754557,
      "q" : "1.3",
      "p" : "0.9234",
      "s" : "sell",
      "i" : "WLD_USDT",
      "m" : "4611686018431210413"
    }, {
      "d" : "1756462863266132340",
      "t" : 1756462863266,
      "tn" : 1756462863266132340,
      "q" : "1.3",
      "p" : "0.9234",
      "s" : "sell",
      "i" : "WLD_USDT",
      "m" : "4611686018431210412"
    }, {
      "d" : "1756462863196084213",
      "t" : 1756462863196,
      "tn" : 1756462863196084213,
      "q" : "1.3",
      "p" : "0.9234",
      "s" : "sell",
      "i" : "WLD_USDT",
      "m" : "4611686018431210411"
    }, {
      "d" : "1756462863159221632",
      "t" : 1756462863159,
      "tn" : 1756462863159221632,
      "q" : "1.3",
      "p" : "0.9234",
      "s" : "sell",
      "i" : "WLD_USDT",
      "m" : "4611686018431210410"
    }, {
      "d" : "1756462863107546560",
      "t" : 1756462863107,
      "tn" : 1756462863107546560,
      "q" : "1.3",
      "p" : "0.9234",
      "s" : "sell",
      "i" : "WLD_USDT",
      "m" : "4611686018431210409"
    }, {
      "d" : "1756462863074120216",
      "t" : 1756462863074,
      "tn" : 1756462863074120216,
      "q" : "1.3",
      "p" : "0.9234",
      "s" : "sell",
      "i" : "WLD_USDT",
      "m" : "4611686018431210408"
    }, {
      "d" : "1756462863062620559",
      "t" : 1756462863062,
      "tn" : 1756462863062620559,
      "q" : "1.3",
      "p" : "0.9234",
      "s" : "sell",
      "i" : "WLD_USDT",
      "m" : "4611686018431210407"
    }, {
      "d" : "1756462862991647770",
      "t" : 1756462862991,
      "tn" : 1756462862991647770,
      "q" : "1.3",
      "p" : "0.9234",
      "s" : "sell",
      "i" : "WLD_USDT",
      "m" : "4611686018431210406"
    }, {
      "d" : "1756462862959011145",
      "t" : 1756462862959,
      "tn" : 1756462862959011145,
      "q" : "1.3",
      "p" : "0.9234",
      "s" : "sell",
      "i" : "WLD_USDT",
      "m" : "4611686018431210405"
    }, {
      "d" : "1756462862923935910",
      "t" : 1756462862923,
      "tn" : 1756462862923935910,
      "q" : "1.3",
      "p" : "0.9234",
      "s" : "sell",
      "i" : "WLD_USDT",
      "m" : "4611686018431210404"
    }, {
      "d" : "1756462862893952718",
      "t" : 1756462862893,
      "tn" : 1756462862893952718,
      "q" : "1.3",
      "p" : "0.9234",
      "s" : "sell",
      "i" : "WLD_USDT",
      "m" : "4611686018431210403"
    }, {
      "d" : "1756462862885641387",
      "t" : 1756462862885,
      "tn" : 1756462862885641387,
      "q" : "1.3",
      "p" : "0.9234",
      "s" : "sell",
      "i" : "WLD_USDT",
      "m" : "4611686018431210402"
    }, {
      "d" : "1756462862875541010",
      "t" : 1756462862875,
      "tn" : 1756462862875541010,
      "q" : "1.3",
      "p" : "0.9234",
      "s" : "sell",
      "i" : "WLD_USDT",
      "m" : "4611686018431210401"
    }, {
      "d" : "1756462862825363741",
      "t" : 1756462862825,
      "tn" : 1756462862825363741,
      "q" : "1.3",
      "p" : "0.9234",
      "s" : "sell",
      "i" : "WLD_USDT",
      "m" : "4611686018431210400"
    }, {
      "d" : "1756462862807903825",
      "t" : 1756462862807,
      "tn" : 1756462862807903825,
      "q" : "1.3",
      "p" : "0.9234",
      "s" : "sell",
      "i" : "WLD_USDT",
      "m" : "4611686018431210399"
    }, {
      "d" : "1756462862783946659",
      "t" : 1756462862783,
      "tn" : 1756462862783946659,
      "q" : "1.3",
      "p" : "0.9234",
      "s" : "sell",
      "i" : "WLD_USDT",
      "m" : "4611686018431210398"
    }, {
      "d" : "1756462862724947621",
      "t" : 1756462862724,
      "tn" : 1756462862724947621,
      "q" : "1.3",
      "p" : "0.9234",
      "s" : "sell",
      "i" : "WLD_USDT",
      "m" : "4611686018431210397"
    }, {
      "d" : "1756462862718144860",
      "t" : 1756462862718,
      "tn" : 1756462862718144860,
      "q" : "1.3",
      "p" : "0.9234",
      "s" : "sell",
      "i" : "WLD_USDT",
      "m" : "4611686018431210396"
    }, {
      "d" : "1756462862694768006",
      "t" : 1756462862694,
      "tn" : 1756462862694768006,
      "q" : "1.3",
      "p" : "0.9234",
      "s" : "sell",
      "i" : "WLD_USDT",
      "m" : "4611686018431210395"
    }, {
      "d" : "1756462862592993151",
      "t" : 1756462862592,
      "tn" : 1756462862592993151,
      "q" : "1.3",
      "p" : "0.9234",
      "s" : "sell",
      "i" : "WLD_USDT",
      "m" : "4611686018431210394"
    }, {
      "d" : "1756462862572950265",
      "t" : 1756462862572,
      "tn" : 1756462862572950265,
      "q" : "1.3",
      "p" : "0.9234",
      "s" : "sell",
      "i" : "WLD_USDT",
      "m" : "4611686018431210393"
    }, {
      "d" : "1756462862541475911",
      "t" : 1756462862541,
      "tn" : 1756462862541475911,
      "q" : "1.3",
      "p" : "0.9234",
      "s" : "sell",
      "i" : "WLD_USDT",
      "m" : "4611686018431210392"
    }, {
      "d" : "1756462862492869391",
      "t" : 1756462862492,
      "tn" : 1756462862492869391,
      "q" : "1.3",
      "p" : "0.9234",
      "s" : "sell",
      "i" : "WLD_USDT",
      "m" : "4611686018431210391"
    }, {
      "d" : "1756462862472851467",
      "t" : 1756462862472,
      "tn" : 1756462862472851467,
      "q" : "1.3",
      "p" : "0.9234",
      "s" : "sell",
      "i" : "WLD_USDT",
      "m" : "4611686018431210390"
    }, {
      "d" : "1756462862442834278",
      "t" : 1756462862442,
      "tn" : 1756462862442834278,
      "q" : "1.3",
      "p" : "0.9234",
      "s" : "sell",
      "i" : "WLD_USDT",
      "m" : "4611686018431210389"
    }, {
      "d" : "1756462862430230336",
      "t" : 1756462862430,
      "tn" : 1756462862430230336,
      "q" : "1.3",
      "p" : "0.9234",
      "s" : "sell",
      "i" : "WLD_USDT",
      "m" : "4611686018431210388"
    }, {
      "d" : "1756462862380226212",
      "t" : 1756462862380,
      "tn" : 1756462862380226212,
      "q" : "1.3",
      "p" : "0.9234",
      "s" : "sell",
      "i" : "WLD_USDT",
      "m" : "4611686018431210387"
    }, {
      "d" : "1756462862214926386",
      "t" : 1756462862214,
      "tn" : 1756462862214926386,
      "q" : "1.3",
      "p" : "0.9234",
      "s" : "sell",
      "i" : "WLD_USDT",
      "m" : "4611686018431210386"
    }, {
      "d" : "1756462862171850331",
      "t" : 1756462862171,
      "tn" : 1756462862171850331,
      "q" : "1.3",
      "p" : "0.9234",
      "s" : "sell",
      "i" : "WLD_USDT",
      "m" : "4611686018431210385"
    }, {
      "d" : "1756462862151761723",
      "t" : 1756462862151,
      "tn" : 1756462862151761723,
      "q" : "1.3",
      "p" : "0.9234",
      "s" : "sell",
      "i" : "WLD_USDT",
      "m" : "4611686018431210384"
    }, {
      "d" : "1756462862133124086",
      "t" : 1756462862133,
      "tn" : 1756462862133124086,
      "q" : "1.3",
      "p" : "0.9234",
      "s" : "sell",
      "i" : "WLD_USDT",
      "m" : "4611686018431210383"
    }, {
      "d" : "1756462856423811321",
      "t" : 1756462856423,
      "tn" : 1756462856423811321,
      "q" : "1.3",
      "p" : "0.9234",
      "s" : "sell",
      "i" : "WLD_USDT",
      "m" : "4611686018431210382"
    }, {
      "d" : "1756462856393793305",
      "t" : 1756462856393,
      "tn" : 1756462856393793305,
      "q" : "1.3",
      "p" : "0.9234",
      "s" : "sell",
      "i" : "WLD_USDT",
      "m" : "4611686018431210381"
    }, {
      "d" : "1756462856343698250",
      "t" : 1756462856343,
      "tn" : 1756462856343698250,
      "q" : "1.3",
      "p" : "0.9234",
      "s" : "sell",
      "i" : "WLD_USDT",
      "m" : "4611686018431210380"
    }, {
      "d" : "1756462856295783147",
      "t" : 1756462856295,
      "tn" : 1756462856295783147,
      "q" : "1.3",
      "p" : "0.9234",
      "s" : "sell",
      "i" : "WLD_USDT",
      "m" : "4611686018431210379"
    }, {
      "d" : "1756462856242954428",
      "t" : 1756462856242,
      "tn" : 1756462856242954428,
      "q" : "1.3",
      "p" : "0.9234",
      "s" : "sell",
      "i" : "WLD_USDT",
      "m" : "4611686018431210378"
    }, {
      "d" : "1756462856192850957",
      "t" : 1756462856192,
      "tn" : 1756462856192850957,
      "q" : "1.3",
      "p" : "0.9234",
      "s" : "sell",
      "i" : "WLD_USDT",
      "m" : "4611686018431210377"
    }, {
      "d" : "1756462856141893484",
      "t" : 1756462856141,
      "tn" : 1756462856141893484,
      "q" : "1.3",
      "p" : "0.9234",
      "s" : "sell",
      "i" : "WLD_USDT",
      "m" : "4611686018431210376"
    }, {
      "d" : "1756462856095640537",
      "t" : 1756462856095,
      "tn" : 1756462856095640537,
      "q" : "1.3",
      "p" : "0.9234",
      "s" : "sell",
      "i" : "WLD_USDT",
      "m" : "4611686018431210375"
    }, {
      "d" : "1756462855978245591",
      "t" : 1756462855978,
      "tn" : 1756462855978245591,
      "q" : "1.3",
      "p" : "0.9234",
      "s" : "sell",
      "i" : "WLD_USDT",
      "m" : "4611686018431210374"
    }, {
      "d" : "1756462855891998966",
      "t" : 1756462855891,
      "tn" : 1756462855891998966,
      "q" : "1.3",
      "p" : "0.9234",
      "s" : "sell",
      "i" : "WLD_USDT",
      "m" : "4611686018431210373"
    }, {
      "d" : "1756462855882010613",
      "t" : 1756462855882,
      "tn" : 1756462855882010613,
      "q" : "1.3",
      "p" : "0.9234",
      "s" : "sell",
      "i" : "WLD_USDT",
      "m" : "4611686018431210372"
    }, {
      "d" : "1756462855791976778",
      "t" : 1756462855791,
      "tn" : 1756462855791976778,
      "q" : "1.3",
      "p" : "0.9234",
      "s" : "sell",
      "i" : "WLD_USDT",
      "m" : "4611686018431210371"
    }, {
      "d" : "1756462855591799750",
      "t" : 1756462855591,
      "tn" : 1756462855591799750,
      "q" : "1.3",
      "p" : "0.9234",
      "s" : "sell",
      "i" : "WLD_USDT",
      "m" : "4611686018431210370"
    }, {
      "d" : "1756462855581873115",
      "t" : 1756462855581,
      "tn" : 1756462855581873115,
      "q" : "1.3",
      "p" : "0.9234",
      "s" : "sell",
      "i" : "WLD_USDT",
      "m" : "4611686018431210369"
    }, {
      "d" : "1756462855511292055",
      "t" : 1756462855511,
      "tn" : 1756462855511292055,
      "q" : "1.3",
      "p" : "0.9234",
      "s" : "sell",
      "i" : "WLD_USDT",
      "m" : "4611686018431210368"
    }, {
      "d" : "1756462855490835949",
      "t" : 1756462855490,
      "tn" : 1756462855490835949,
      "q" : "1.3",
      "p" : "0.9234",
      "s" : "sell",
      "i" : "WLD_USDT",
      "m" : "4611686018431210367"
    }, {
      "d" : "1756462855486303540",
      "t" : 1756462855486,
      "tn" : 1756462855486303540,
      "q" : "1.3",
      "p" : "0.9234",
      "s" : "sell",
      "i" : "WLD_USDT",
      "m" : "4611686018431210366"
    }, {
      "d" : "1756462855391602282",
      "t" : 1756462855391,
      "tn" : 1756462855391602282,
      "q" : "1.3",
      "p" : "0.9234",
      "s" : "sell",
      "i" : "WLD_USDT",
      "m" : "4611686018431210365"
    }, {
      "d" : "1756462855381048135",
      "t" : 1756462855381,
      "tn" : 1756462855381048135,
      "q" : "1.3",
      "p" : "0.9234",
      "s" : "sell",
      "i" : "WLD_USDT",
      "m" : "4611686018431210364"
    }, {
      "d" : "1756462855295951915",
      "t" : 1756462855295,
      "tn" : 1756462855295951915,
      "q" : "1.3",
      "p" : "0.9234",
      "s" : "sell",
      "i" : "WLD_USDT",
      "m" : "4611686018431210363"
    }, {
      "d" : "1756462854794806449",
      "t" : 1756462854794,
      "tn" : 1756462854794806449,
      "q" : "1.3",
      "p" : "0.9234",
      "s" : "sell",
      "i" : "WLD_USDT",
      "m" : "4611686018431210362"
    }, {
      "d" : "1756462854734862450",
      "t" : 1756462854734,
      "tn" : 1756462854734862450,
      "q" : "1.3",
      "p" : "0.9234",
      "s" : "sell",
      "i" : "WLD_USDT",
      "m" : "4611686018431210361"
    }, {
      "d" : "1756462854694632858",
      "t" : 1756462854694,
      "tn" : 1756462854694632858,
      "q" : "1.3",
      "p" : "0.9234",
      "s" : "sell",
      "i" : "WLD_USDT",
      "m" : "4611686018431210360"
    }, {
      "d" : "1756462854519775419",
      "t" : 1756462854519,
      "tn" : 1756462854519775419,
      "q" : "1.3",
      "p" : "0.9234",
      "s" : "sell",
      "i" : "WLD_USDT",
      "m" : "4611686018431210359"
    }, {
      "d" : "1756462854394047197",
      "t" : 1756462854394,
      "tn" : 1756462854394047197,
      "q" : "1.3",
      "p" : "0.9234",
      "s" : "sell",
      "i" : "WLD_USDT",
      "m" : "4611686018431210358"
    }, {
      "d" : "1756462854354126292",
      "t" : 1756462854354,
      "tn" : 1756462854354126292,
      "q" : "1.3",
      "p" : "0.9234",
      "s" : "sell",
      "i" : "WLD_USDT",
      "m" : "4611686018431210357"
    }, {
      "d" : "1756462854323888664",
      "t" : 1756462854323,
      "tn" : 1756462854323888664,
      "q" : "1.3",
      "p" : "0.9234",
      "s" : "sell",
      "i" : "WLD_USDT",
      "m" : "4611686018431210356"
    }, {
      "d" : "1756462854278900128",
      "t" : 1756462854278,
      "tn" : 1756462854278900128,
      "q" : "1.3",
      "p" : "0.9234",
      "s" : "sell",
      "i" : "WLD_USDT",
      "m" : "4611686018431210355"
    }, {
      "d" : "1756462854228495221",
      "t" : 1756462854228,
      "tn" : 1756462854228495221,
      "q" : "1.3",
      "p" : "0.9234",
      "s" : "sell",
      "i" : "WLD_USDT",
      "m" : "4611686018431210354"
    }, {
      "d" : "1756462854193621516",
      "t" : 1756462854193,
      "tn" : 1756462854193621516,
      "q" : "1.3",
      "p" : "0.9234",
      "s" : "sell",
      "i" : "WLD_USDT",
      "m" : "4611686018431210353"
    }, {
      "d" : "1756462854092936080",
      "t" : 1756462854092,
      "tn" : 1756462854092936080,
      "q" : "1.3",
      "p" : "0.9234",
      "s" : "sell",
      "i" : "WLD_USDT",
      "m" : "4611686018431210352"
    }, {
      "d" : "1756462854077979851",
      "t" : 1756462854077,
      "tn" : 1756462854077979851,
      "q" : "1.3",
      "p" : "0.9234",
      "s" : "sell",
      "i" : "WLD_USDT",
      "m" : "4611686018431210351"
    }, {
      "d" : "1756462853792713227",
      "t" : 1756462853792,
      "tn" : 1756462853792713227,
      "q" : "1.3",
      "p" : "0.9234",
      "s" : "sell",
      "i" : "WLD_USDT",
      "m" : "4611686018431210350"
    }, {
      "d" : "1756462853702550830",
      "t" : 1756462853702,
      "tn" : 1756462853702550830,
      "q" : "1.3",
      "p" : "0.9234",
      "s" : "sell",
      "i" : "WLD_USDT",
      "m" : "4611686018431210349"
    }, {
      "d" : "1756462853527108835",
      "t" : 1756462853527,
      "tn" : 1756462853527108835,
      "q" : "1.3",
      "p" : "0.9234",
      "s" : "sell",
      "i" : "WLD_USDT",
      "m" : "4611686018431210348"
    }, {
      "d" : "1756462853492037544",
      "t" : 1756462853492,
      "tn" : 1756462853492037544,
      "q" : "1.3",
      "p" : "0.9234",
      "s" : "sell",
      "i" : "WLD_USDT",
      "m" : "4611686018431210347"
    }, {
      "d" : "1756462853472054769",
      "t" : 1756462853472,
      "tn" : 1756462853472054769,
      "q" : "1.3",
      "p" : "0.9234",
      "s" : "sell",
      "i" : "WLD_USDT",
      "m" : "4611686018431210346"
    }, {
      "d" : "1756462853390307556",
      "t" : 1756462853390,
      "tn" : 1756462853390307556,
      "q" : "1.3",
      "p" : "0.9234",
      "s" : "sell",
      "i" : "WLD_USDT",
      "m" : "4611686018431210345"
    }, {
      "d" : "1756462853386877123",
      "t" : 1756462853386,
      "tn" : 1756462853386877123,
      "q" : "1.3",
      "p" : "0.9234",
      "s" : "sell",
      "i" : "WLD_USDT",
      "m" : "4611686018431210344"
    }, {
      "d" : "1756462852796214135",
      "t" : 1756462852796,
      "tn" : 1756462852796214135,
      "q" : "1.3",
      "p" : "0.9234",
      "s" : "sell",
      "i" : "WLD_USDT",
      "m" : "4611686018431210343"
    }, {
      "d" : "1756462852760522040",
      "t" : 1756462852760,
      "tn" : 1756462852760522040,
      "q" : "1.3",
      "p" : "0.9234",
      "s" : "sell",
      "i" : "WLD_USDT",
      "m" : "4611686018431210342"
    }, {
      "d" : "1756462852705300259",
      "t" : 1756462852705,
      "tn" : 1756462852705300259,
      "q" : "1.3",
      "p" : "0.9234",
      "s" : "sell",
      "i" : "WLD_USDT",
      "m" : "4611686018431210341"
    }, {
      "d" : "1756462852695243083",
      "t" : 1756462852695,
      "tn" : 1756462852695243083,
      "q" : "1.3",
      "p" : "0.9234",
      "s" : "sell",
      "i" : "WLD_USDT",
      "m" : "4611686018431210340"
    }, {
      "d" : "1756462852686219399",
      "t" : 1756462852686,
      "tn" : 1756462852686219399,
      "q" : "1.3",
      "p" : "0.9234",
      "s" : "sell",
      "i" : "WLD_USDT",
      "m" : "4611686018431210339"
    }, {
      "d" : "1756462852636494155",
      "t" : 1756462852636,
      "tn" : 1756462852636494155,
      "q" : "1.3",
      "p" : "0.9234",
      "s" : "sell",
      "i" : "WLD_USDT",
      "m" : "4611686018431210338"
    }, {
      "d" : "1756462852634882687",
      "t" : 1756462852634,
      "tn" : 1756462852634882687,
      "q" : "1.3",
      "p" : "0.9234",
      "s" : "sell",
      "i" : "WLD_USDT",
      "m" : "4611686018431210337"
    }, {
      "d" : "1756462852595007843",
      "t" : 1756462852595,
      "tn" : 1756462852595007843,
      "q" : "1.3",
      "p" : "0.9234",
      "s" : "sell",
      "i" : "WLD_USDT",
      "m" : "4611686018431210336"
    }, {
      "d" : "1756462852564715912",
      "t" : 1756462852564,
      "tn" : 1756462852564715912,
      "q" : "1.3",
      "p" : "0.9234",
      "s" : "sell",
      "i" : "WLD_USDT",
      "m" : "4611686018431210335"
    } ]
  }
}