{
  "id" : -1,
  "method" : "public/get-trades",
  "code" : 0,
  "result" : {
    "data" : [ {
      "d" : "1756462948838137186",
      "t" : 1756462948838,
      "tn" : 1756462948838137186,
      "q" : "1.3",
      "p" : "0.9224",
      "s" : "sell",
      "i" : "WLD_USD",
      "m" : "4611686018436297554"
    }, {
      "d" : "1756462948807664096",
      "t" : 1756462948807,
      "tn" : 1756462948807664096,
      "q" : "1.3",
      "p" : "0.9224",
      "s" : "sell",
      "i" : "WLD_USD",
      "m" : "4611686018436297553"
    }, {
      "d" : "1756462948792710398",
      "t" : 1756462948792,
      "tn" : 1756462948792710398,
      "q" : "1.3",
      "p" : "0.9224",
      "s" : "sell",
      "i" : "WLD_USD",
      "m" : "4611686018436297552"
    }, {
      "d" : "1756462948692128366",
      "t" : 1756462948692,
      "tn" : 1756462948692128366,
      "q" : "1.3",
      "p" : "0.9224",
      "s" : "sell",
      "i" : "WLD_USD",
      "m" : "4611686018436297551"
    }, {
      "d" : "1756462948662072967",
      "t" : 1756462948662,
      "tn" : 1756462948662072967,
      "q" : "1.3",
      "p" : "0.9224",
      "s" : "sell",
      "i" : "WLD_USD",
      "m" : "4611686018436297550"
    }, {
      "d" : "1756462948640880374",
      "t" : 1756462948640,
      "tn" : 1756462948640880374,
      "q" : "1.3",
      "p" : "0.9224",
      "s" : "sell",
      "i" : "WLD_USD",
      "m" : "4611686018436297549"
    }, {
      "d" : "1756462948637056164",
      "t" : 1756462948637,
      "tn" : 1756462948637056164,
      "q" : "1.3",
      "p" : "0.9224",
      "s" : "sell",
      "i" : "WLD_USD",
      "m" : "4611686018436297548"
    }, {
      "d" : "1756462948601645481",
      "t" : 1756462948601,
      "tn" : 1756462948601645481,
      "q" : "1.3",
      "p" : "0.9224",
      "s" : "sell",
      "i" : "WLD_USD",
      "m" : "4611686018436297547"
    }, {
      "d" : "1756462948597029311",
      "t" : 1756462948597,
      "tn" : 1756462948597029311,
      "q" : "1.3",
      "p" : "0.9224",
      "s" : "sell",
      "i" : "WLD_USD",
      "m" : "4611686018436297546"
    }, {
      "d" : "1756462948395779315",
      "t" : 1756462948395,
      "tn" : 1756462948395779315,
      "q" : "1.3",
      "p" : "0.9224",
      "s" : "sell",
      "i" : "WLD_USD",
      "m" : "4611686018436297545"
    }, {
      "d" : "1756462948360583556",
      "t" : 1756462948360,
      "tn" : 1756462948360583556,
      "q" : "1.3",
      "p" : "0.9224",
      "s" : "sell",
      "i" : "WLD_USD",
      "m" : "4611686018436297544"
    }, {
      "d" : "1756462948320640942",
      "t" : 1756462948320,
      "tn" : 1756462948320640942,
      "q" : "1.3",
      "p" : "0.9224",
      "s" : "sell",
      "i" : "WLD_USD",
      "m" : "4611686018436297543"
    }, {
      "d" : "1756462948303182524",
      "t" : 1756462948303,
      "tn" : 1756462948303182524,
      "q" : "1.3",
      "p" : "0.9224",
      "s" : "sell",
      "i" : "WLD_USD",
      "m" : "4611686018436297542"
    }, {
      "d" : "1756462938795552845",
      "t" : 1756462938795,
      "tn" : 1756462938795552845,
      "q" : "1.3",
      "p" : "0.9226",
      "s" : "sell",
      "i" : "WLD_USD",
      "m" : "4611686018436297541"
    }, {
      "d" : "1756462938772738549",
      "t" : 1756462938772,
      "tn" : 1756462938772738549,
      "q" : "1.3",
      "p" : "0.9226",
      "s" : "sell",
      "i" : "WLD_USD",
      "m" : "4611686018436297540"
    }, {
      "d" : "1756462938710216310",
      "t" : 1756462938710,
      "tn" : 1756462938710216310,
      "q" : "1.3",
      "p" : "0.9226",
      "s" : "sell",
      "i" : "WLD_USD",
      "m" : "4611686018436297539"
    }, {
      "d" : "1756462938608883954",
      "t" : 1756462938608,
      "tn" : 1756462938608883954,
      "q" : "1.3",
      "p" : "0.9226",
      "s" : "sell",
      "i" : "WLD_USD",
      "m" : "4611686018436297538"
    }, {
      "d" : "1756462938585108215",
      "t" : 1756462938585,
      "tn" : 1756462938585108215,
      "q" : "1.3",
      "p" : "0.9226",
      "s" : "sell",
      "i" : "WLD_USD",
      "m" : "4611686018436297537"
    }, {
      "d" : "1756462938560069847",
      "t" : 1756462938560,
      "tn" : 1756462938560069847,
      "q" : "1.3",
      "p" : "0.9226",
      "s" : "sell",
      "i" : "WLD_USD",
      "m" : "4611686018436297536"
    }, {
      "d" : "1756462938526779423",
      "t" : 1756462938526,
      "tn" : 1756462938526779423,
      "q" : "1.3",
      "p" : "0.9226",
      "s" : "sell",
      "i" : "WLD_USD",
      "m" : "4611686018436297535"
    }, {
      "d" : "1756462938464954186",
      "t" : 1756462938464,
      "tn" : 1756462938464954186,
      "q" : "1.3",
      "p" : "0.9226",
      "s" : "sell",
      "i" : "WLD_USD",
      "m" : "4611686018436297534"
    }, {
      "d" : "1756462938438833114",
      "t" : 1756462938438,
      "tn" : 1756462938438833114,
      "q" : "1.3",
      "p" : "0.9226",
      "s" : "sell",
      "i" : "WLD_USD",
      "m" : "4611686018436297533"
    }, {
      "d" : "1756462938398338680",
      "t" : 1756462938398,
      "tn" : 1756462938398338680,
      "q" : "1.3",
      "p" : "0.9226",
      "s" : "sell",
      "i" : "WLD_USD",
      "m" : "4611686018436297532"
    }, {
      "d" : "1756462938395839608",
      "t" : 1756462938395,
      "tn" : 1756462938395839608,
      "q" : "1.3",
      "p" : "0.9226",
      "s" : "sell",
      "i" : "WLD_USD",
      "m" : "4611686018436297531"
    }, {
      "d" : "1756462938393778788",
      "t" : 1756462938393,
      "tn" : 1756462938393778788,
      "q" : "1.3",
      "p" : "0.9226",
      "s" : "sell",
      "i" : "WLD_USD",
      "m" : "4611686018436297530"
    }, {
      "d" : "1756462938368756005",
      "t" : 1756462938368,
      "tn" : 1756462938368756005,
      "q" : "1.3",
      "p" : "0.9226",
      "s" : "sell",
      "i" : "WLD_USD",
      "m" : "4611686018436297529"
    }, {
      "d" : "1756462938333721069",
      "t" : 1756462938333,
      "tn" : 1756462938333721069,
      "q" : "1.3",
      "p" : "0.9226",
      "s" : "sell",
      "i" : "WLD_USD",
      "m" : "4611686018436297528"
    }, {
      "d" : "1756462937660437241",
      "t" : 1756462937660,
      "tn" : 1756462937660437241,
      "q" : "1.3",
      "p" : "0.9226",
      "s" : "sell",
      "i" : "WLD_USD",
      "m" : "4611686018436297527"
    }, {
      "d" : "1756462919630350578",
      "t" : 1756462919630,
      "tn" : 1756462919630350578,
      "q" : "1.3",
      "p" : "0.9225",
      "s" : "sell",
      "i" : "WLD_USD",
      "m" : "4611686018436297526"
    }, {
      "d" : "1756462919520318181",
      "t" : 1756462919520,
      "tn" : 1756462919520318181,
      "q" : "1.3",
      "p" : "0.9225",
      "s" : "sell",
      "i" : "WLD_USD",
      "m" : "4611686018436297525"
    }, {
      "d" : "1756462918196224429",
      "t" : 1756462918196,
      "tn" : 1756462918196224429,
      "q" : "1.3",
      "p" : "0.9225",
      "s" : "sell",
      "i" : "WLD_USD",
      "m" : "4611686018436297524"
    }, {
      "d" : "1756462918100441549",
      "t" : 1756462918100,
      "tn" : 1756462918100441549,
      "q" : "1.3",
      "p" : "0.9225",
      "s" : "sell",
      "i" : "WLD_USD",
      "m" : "4611686018436297523"
    }, {
      "d" : "1756462918096079106",
      "t" : 1756462918096,
      "tn" : 1756462918096079106,
      "q" : "1.3",
      "p" : "0.9225",
      "s" : "sell",
      "i" : "WLD_USD",
      "m" : "4611686018436297522"
    }, {
      "d" : "1756462918063898782",
      "t" : 1756462918063,
      "tn" : 1756462918063898782,
      "q" : "1.3",
      "p" : "0.9225",
      "s" : "sell",
      "i" : "WLD_USD",
      "m" : "4611686018436297521"
    }, {
      "d" : "1756462918060316997",
      "t" : 1756462918060,
      "tn" : 1756462918060316997,
      "q" : "1.3",
      "p" : "0.9225",
      "s" : "sell",
      "i" : "WLD_USD",
      "m" : "4611686018436297520"
    }, {
      "d" : "1756462917145989415",
      "t" : 1756462917145,
      "tn" : 1756462917145989415,
      "q" : "1.3",
      "p" : "0.9225",
      "s" : "sell",
      "i" : "WLD_USD",
      "m" : "4611686018436297519"
    }, {
      "d" : "1756462910521309900",
      "t" : 1756462910521,
      "tn" : 1756462910521309900,
      "q" : "1.3",
      "p" : "0.9226",
      "s" : "sell",
      "i" : "WLD_USD",
      "m" : "4611686018436297518"
    }, {
      "d" : "1756462910395125173",
      "t" : 1756462910395,
      "tn" : 1756462910395125173,
      "q" : "1.3",
      "p" : "0.9226",
      "s" : "sell",
      "i" : "WLD_USD",
      "m" : "4611686018436297517"
    }, {
      "d" : "1756462910194873777",
      "t" : 1756462910194,
      "tn" : 1756462910194873777,
      "q" : "1.3",
      "p" : "0.9226",
      "s" : "sell",
      "i" : "WLD_USD",
      "m" : "4611686018436297516"
    }, {
      "d" : "1756462910168335869",
      "t" : 1756462910168,
      "tn" : 1756462910168335869,
      "q" : "1.3",
      "p" : "0.9226",
      "s" : "sell",
      "i" : "WLD_USD",
      "m" : "4611686018436297515"
    }, {
      "d" : "1756462910164902582",
      "t" : 1756462910164,
      "tn" : 1756462910164902582,
      "q" : "1.3",
      "p" : "0.9226",
      "s" : "sell",
      "i" : "WLD_USD",
      "m" : "4611686018436297514"
    }, {
      "d" : "1756462909692905693",
      "t" : 1756462909692,
      "tn" : 1756462909692905693,
      "q" : "1.3",
      "p" : "0.9226",
      "s" : "sell",
      "i" : "WLD_USD",
      "m" : "4611686018436297513"
    }, {
      "d" : "1756462883264368547",
      "t" : 1756462883264,
      "tn" : 1756462883264368547,
      "q" : "1.3",
      "p" : "0.9226",
      "s" : "sell",
      "i" : "WLD_USD",
      "m" : "4611686018436297512"
    }, {
      "d" : "1756462883194238936",
      "t" : 1756462883194,
      "tn" : 1756462883194238936,
      "q" : "1.3",
      "p" : "0.9226",
      "s" : "sell",
      "i" : "WLD_USD",
      "m" : "4611686018436297511"
    }, {
      "d" : "1756462883134256475",
      "t" : 1756462883134,
      "tn" : 1756462883134256475,
      "q" : "1.3",
      "p" : "0.9226",
      "s" : "sell",
      "i" : "WLD_USD",
      "m" : "4611686018436297510"
    }, {
      "d" : "1756462882989809230",
      "t" : 1756462882989,
      "tn" : 1756462882989809230,
      "q" : "1.3",
      "p" : "0.9226",
      "s" : "sell",
      "i" : "WLD_USD",
      "m" : "4611686018436297509"
    }, {
      "d" : "1756462882933942951",
      "t" : 1756462882933,
      "tn" : 1756462882933942951,
      "q" : "1.3",
      "p" : "0.9226",
      "s" : "sell",
      "i" : "WLD_USD",
      "m" : "4611686018436297508"
    }, {
      "d" : "1756462882893938338",
      "t" : 1756462882893,
      "tn" : 1756462882893938338,
      "q" : "1.3",
      "p" : "0.9226",
      "s" : "sell",
      "i" : "WLD_USD",
      "m" : "4611686018436297507"
    }, {
      "d" : "1756462882805891358",
      "t" : 1756462882805,
      "tn" : 1756462882805891358,
      "q" : "1.3",
      "p" : "0.9226",
      "s" : "sell",
      "i" : "WLD_USD",
      "m" : "4611686018436297506"
    }, {
      "d" : "1756462882793654895",
      "t" : 1756462882793,
      "tn" : 1756462882793654895,
      "q" : "1.3",
      "p" : "0.9226",
      "s" : "sell",
      "i" : "WLD_USD",
      "m" : "4611686018436297505"
    }, {
      "d" : "1756462882749704032",
      "t" : 1756462882749,
      "tn" : 1756462882749704032,
      "q" : "1.3",
      "p" : "0.9226",
      "s" : "sell",
      "i" : "WLD_USD",
      "m" : "4611686018436297504"
    }, {
      "d" : "1756462882688187896",
      "t" : 1756462882688,
      "tn" : 1756462882688187896,
      "q" : "1.3",
      "p" : "0.9226",
      "s" : "sell",
      "i" : "WLD_USD",
      "m" : "4611686018436297503"
    }, {
      "d" : "1756462882670245596",
      "t" : 1756462882670,
      "tn" : 1756462882670245596,
      "q" : "1.3",
      "p" : "0.9226",
      "s" : "sell",
      "i" : "WLD_USD",
      "m" : "4611686018436297502"
    }, {
      "d" : "1756462882618083205",
      "t" : 1756462882618,
      "tn" : 1756462882618083205,
      "q" : "1.3",
      "p" : "0.9226",
      "s" : "sell",
      "i" : "WLD_USD",
      "m" : "4611686018436297501"
    }, {
      "d" : "1756462882593083649",
      "t" : 1756462882593,
      "tn" : 1756462882593083649,
      "q" : "1.3",
      "p" : "0.9226",
      "s" : "sell",
      "i" : "WLD_USD",
      "m" : "4611686018436297500"
    }, {
      "d" : "1756462882581458796",
      "t" : 1756462882581,
      "tn" : 1756462882581458796,
      "q" : "1.3",
      "p" : "0.9226",
      "s" : "sell",
      "i" : "WLD_USD",
      "m" : "4611686018436297499"
    }, {
      "d" : "1756462882578080720",
      "t" : 1756462882578,
      "tn" : 1756462882578080720,
      "q" : "1.3",
      "p" : "0.9226",
      "s" : "sell",
      "i" : "WLD_USD",
      "m" : "4611686018436297498"
    }, {
      "d" : "1756462882558037094",
      "t" : 1756462882558,
      "tn" : 1756462882558037094,
      "q" : "1.3",
      "p" : "0.9226",
      "s" : "sell",
      "i" : "WLD_USD",
      "m" : "4611686018436297497"
    }, {
      "d" : "1756462882518024744",
      "t" : 1756462882518,
      "tn" : 1756462882518024744,
      "q" : "1.3",
      "p" : "0.9226",
      "s" : "sell",
      "i" : "WLD_USD",
      "m" : "4611686018436297496"
    }, {
      "d" : "1756462882500073926",
      "t" : 1756462882500,
      "tn" : 1756462882500073926,
      "q" : "1.3",
      "p" : "0.9226",
      "s" : "sell",
      "i" : "WLD_USD",
      "m" : "4611686018436297495"
    }, {
      "d" : "1756462864745934813",
      "t" : 1756462864745,
      "tn" : 1756462864745934813,
      "q" : "1.3",
      "p" : "0.9236",
      "s" : "sell",
      "i" : "WLD_USD",
      "m" : "4611686018436297494"
    }, {
      "d" : "1756462864720454726",
      "t" : 1756462864720,
      "tn" : 1756462864720454726,
      "q" : "1.3",
      "p" : "0.9236",
      "s" : "sell",
      "i" : "WLD_USD",
      "m" : "4611686018436297493"
    }, {
      "d" : "1756462864695395038",
      "t" : 1756462864695,
      "tn" : 1756462864695395038,
      "q" : "1.3",
      "p" : "0.9236",
      "s" : "sell",
      "i" : "WLD_USD",
      "m" : "4611686018436297492"
    }, {
      "d" : "1756462864665296397",
      "t" : 1756462864665,
      "tn" : 1756462864665296397,
      "q" : "1.3",
      "p" : "0.9236",
      "s" : "sell",
      "i" : "WLD_USD",
      "m" : "4611686018436297491"
    }, {
      "d" : "1756462864595094094",
      "t" : 1756462864595,
      "tn" : 1756462864595094094,
      "q" : "1.3",
      "p" : "0.9236",
      "s" : "sell",
      "i" : "WLD_USD",
      "m" : "4611686018436297490"
    }, {
      "d" : "1756462864549921006",
      "t" : 1756462864549,
      "tn" : 1756462864549921006,
      "q" : "1.3",
      "p" : "0.9236",
      "s" : "sell",
      "i" : "WLD_USD",
      "m" : "4611686018436297489"
    }, {
      "d" : "1756462864494820347",
      "t" : 1756462864494,
      "tn" : 1756462864494820347,
      "q" : "1.3",
      "p" : "0.9236",
      "s" : "sell",
      "i" : "WLD_USD",
      "m" : "4611686018436297488"
    }, {
      "d" : "1756462864484815266",
      "t" : 1756462864484,
      "tn" : 1756462864484815266,
      "q" : "1.3",
      "p" : "0.9236",
      "s" : "sell",
      "i" : "WLD_USD",
      "m" : "4611686018436297487"
    }, {
      "d" : "1756462864465628906",
      "t" : 1756462864465,
      "tn" : 1756462864465628906,
      "q" : "1.3",
      "p" : "0.9236",
      "s" : "sell",
      "i" : "WLD_USD",
      "m" : "4611686018436297486"
    }, {
      "d" : "1756462864464804738",
      "t" : 1756462864464,
      "tn" : 1756462864464804738,
      "q" : "1.3",
      "p" : "0.9236",
      "s" : "sell",
      "i" : "WLD_USD",
      "m" : "4611686018436297485"
    }, {
      "d" : "1756462864393874786",
      "t" : 1756462864393,
      "tn" : 1756462864393874786,
      "q" : "1.3",
      "p" : "0.9236",
      "s" : "sell",
      "i" : "WLD_USD",
      "m" : "4611686018436297484"
    }, {
      "d" : "1756462864358803976",
      "t" : 1756462864358,
      "tn" : 1756462864358803976,
      "q" : "1.3",
      "p" : "0.9236",
      "s" : "sell",
      "i" : "WLD_USD",
      "m" : "4611686018436297483"
    }, {
      "d" : "1756462864319538095",
      "t" : 1756462864319,
      "tn" : 1756462864319538095,
      "q" : "1.3",
      "p" : "0.9236",
      "s" : "sell",
      "i" : "WLD_USD",
      "m" : "4611686018436297482"
    }, {
      "d" : "1756462864294101724",
      "t" : 1756462864294,
      "tn" : 1756462864294101724,
      "q" : "1.3",
      "p" : "0.9236",
      "s" : "sell",
      "i" : "WLD_USD",
      "m" : "4611686018436297481"
    }, {
      "d" : "1756462864264756489",
      "t" : 1756462864264,
      "tn" : 1756462864264756489,
      "q" : "1.3",
      "p" : "0.9236",
      "s" : "sell",
      "i" : "WLD_USD",
      "m" : "4611686018436297480"
    }, {
      "d" : "1756462864228728504",
      "t" : 1756462864228,
      "tn" : 1756462864228728504,
      "q" : "1.3",
      "p" : "0.9236",
      "s" : "sell",
      "i" : "WLD_USD",
      "m" : "4611686018436297479"
    }, {
      "d" : "1756462864193649755",
      "t" : 1756462864193,
      "tn" : 1756462864193649755,
      "q" : "1.3",
      "p" : "0.9236",
      "s" : "sell",
      "i" : "WLD_USD",
      "m" : "4611686018436297478"
    }, {
      "d" : "1756462864109232429",
      "t" : 1756462864109,
      "tn" : 1756462864109232429,
      "q" : "1.3",
      "p" : "0.9236",
      "s" : "sell",
      "i" : "WLD_USD",
      "m" : "4611686018436297477"
    }, {
      "d" : "1756462864093374793",
      "t" : 1756462864093,
      "tn" : 1756462864093374793,
      "q" : "1.3",
      "p" : "0.9236",
      "s" : "sell",
      "i" : "WLD_USD",
      "m" : "4611686018436297476"
    }, {
      "d" : "1756462864053337959",
      "t" : 1756462864053,
      "tn" : 1756462864053337959,
      "q" : "1.3",
      "p" : "0.9236",
      "s" : "sell",
      "i" : "WLD_USD",
      "m" : "4611686018436297475"
    }, {
      "d" : "1756462864023303209",
      "t" : 1756462864023,
      "tn" : 1756462864023303209,
      "q" : "1.3",
      "p" : "0.9236",
      "s" : "sell",
      "i" : "WLD_USD",
      "m" : "4611686018436297474"
    }, {
      "d" : "1756462863993281833",
      "t" : 1756462863993,
      "tn" : 1756462863993281833,
      "q" : "1.3",
      "p" : "0.9236",
      "s" : "sell",
      "i" : "WLD_USD",
      "m" : "4611686018436297473"
    }, {
      "d" : "1756462863980273570",
      "t" : 1756462863980,
      "tn" : 1756462863980273570,
      "q" : "1.3",
      "p" : "0.9236",
      "s" : "sell",
      "i" : "WLD_USD",
      "m" : "4611686018436297472"
    }, {
      "d" : "1756462863978205207",
      "t" : 1756462863978,
      "tn" : 1756462863978205207,
      "q" : "1.3",
      "p" : "0.9236",
      "s" : "sell",
      "i" : "WLD_USD",
      "m" : "4611686018436297471"
    }, {
      "d" : "1756462863933119538",
      "t" : 1756462863933,
      "tn" : 1756462863933119538,
      "q" : "1.3",
      "p" : "0.9236",
      "s" : "sell",
      "i" : "WLD_USD",
      "m" : "4611686018436297470"
    }, {
      "d" : "1756462863903126638",
      "t" : 1756462863903,
      "tn" : 1756462863903126638,
      "q" : "1.3",
      "p" : "0.9236",
      "s" : "sell",
      "i" : "WLD_USD",
      "m" : "4611686018436297469"
    }, {
      "d" : "1756462863893081332",
      "t" : 1756462863893,
      "tn" : 1756462863893081332,
      "q" : "1.3",
      "p" : "0.9236",
      "s" : "sell",
      "i" : "WLD_USD",
      "m" : "4611686018436297468"
    }, {
      "d" : "1756462863883155341",
      "t" : 1756462863883,
      "tn" : 1756462863883155341,
      "q" : "1.3",
      "p" : "0.9236",
      "s" : "sell",
      "i" : "WLD_USD",
      "m" : "4611686018436297467"
    }, {
      "d" : "1756462863858092320",
      "t" : 1756462863858,
      "tn" : 1756462863858092320,
      "q" : "1.3",
      "p" : "0.9236",
      "s" : "sell",
      "i" : "WLD_USD",
      "m" : "4611686018436297466"
    }, {
      "d" : "1756462863840497072",
      "t" : 1756462863840,
      "tn" : 1756462863840497072,
      "q" : "1.3",
      "p" : "0.9236",
      "s" : "sell",
      "i" : "WLD_USD",
      "m" : "4611686018436297465"
    }, {
      "d" : "1756462863817902598",
      "t" : 1756462863817,
      "tn" : 1756462863817902598,
      "q" : "1.3",
      "p" : "0.9236",
      "s" : "sell",
      "i" : "WLD_USD",
      "m" : "4611686018436297464"
    }, {
      "d" : "1756462863795854433",
      "t" : 1756462863795,
      "tn" : 1756462863795854433,
      "q" : "1.3",
      "p" : "0.9236",
      "s" : "sell",
      "i" : "WLD_USD",
      "m" : "4611686018436297463"
    }, {
      "d" : "1756462863783009063",
      "t" : 1756462863783,
      "tn" : 1756462863783009063,
      "q" : "1.3",
      "p" : "0.9236",
      "s" : "sell",
      "i" : "WLD_USD",
      "m" : "4611686018436297462"
    }, {
      "d" : "1756462863592536779",
      "t" : 1756462863592,
      "tn" : 1756462863592536779,
      "q" : "1.3",
      "p" : "0.9236",
      "s" : "sell",
      "i" : "WLD_USD",
      "m" : "4611686018436297461"
    }, {
      "d" : "1756462863493882504",
      "t" : 1756462863493,
      "tn" : 1756462863493882504,
      "q" : "1.3",
      "p" : "0.9236",
      "s" : "sell",
      "i" : "WLD_USD",
      "m" : "4611686018436297460"
    }, {
      "d" : "1756462863492424170",
      "t" : 1756462863492,
      "tn" : 1756462863492424170,
      "q" : "1.3",
      "p" : "0.9236",
      "s" : "sell",
      "i" : "WLD_USD",
      "m" : "4611686018436297459"
    }, {
      "d" : "1756462863395218625",
      "t" : 1756462863395,
      "tn" : 1756462863395218625,
      "q" : "1.3",
      "p" : "0.9236",
      "s" : "sell",
      "i" : "WLD_USD",
      "m" : "4611686018436297458"
    }, {
      "d" : "1756462863376211991",
      "t" : 1756462863376,
      "tn" : 1756462863376211991,
      "q" : "1.3",
      "p" : "0.9236",
      "s" : "sell",
      "i" : "WLD_USD",
      "m" : "4611686018436297457"
    }, {
      "d" : "1756462863296162543",
      "t" : 1756462863296,
      "tn" : 1756462863296162543,
      "q" : "1.3",
      "p" : "0.9236",
      "s" : "sell",
      "i" : "WLD_USD",
      "m" : "4611686018436297456"
    }, {
      "d" : "1756462863286117667",
      "t" : 1756462863286,
      "tn" : 1756462863286117667,
      "q" : "1.3",
      "p" : "0.9236",
      "s" : "sell",
      "i" : "WLD_USD",
      "m" : "4611686018436297455"
    }, {
      "d" : "1756462863261878224",
      "t" : 1756462863261,
      "tn" : 1756462863261878224,
      "q" : "1.3",
      "p" : "0.9236",
      "s" : "sell",
      "i" : "WLD_USD",
      "m" : "4611686018436297454"
    }, {
      "d" : "1756462863241073509",
      "t" : 1756462863241,
      "tn" : 1756462863241073509,
      "q" : "1.3",
      "p" : "0.9236",
      "s" : "sell",
      "i" : "WLD_USD",
      "m" : "4611686018436297453"
    }, {
      "d" : "1756462863196062982",
      "t" : 1756462863196,
      "tn" : 1756462863196062982,
      "q" : "1.3",
      "p" : "0.9236",
      "s" : "sell",
      "i" : "WLD_USD",
      "m" : "4611686018436297452"
    }, {
      "d" : "1756462863176054488",
      "t" : 1756462863176,
      "tn" : 1756462863176054488,
      "q" : "1.3",
      "p" : "0.9236",
      "s" : "sell",
      "i" : "WLD_USD",
      "m" : "4611686018436297451"
    }, {
      "d" : "1756462863160936429",
      "t" : 1756462863160,
      "tn" : 1756462863160936429,
      "q" : "1.3",
      "p" : "0.9236",
      "s" : "sell",
      "i" : "WLD_USD",
      "m" : "4611686018436297450"
    }, {
      "d" : "1756462863107532618",
      "t" : 1756462863107,
      "tn" : 1756462863107532618,
      "q" : "1.3",
      "p" : "0.9236",
      "s" : "sell",
      "i" : "WLD_USD",
      "m" : "4611686018436297449"
    }, {
      "d" : "1756462863060859883",
      "t" : 1756462863060,
      "tn" : 1756462863060859883,
      "q" : "1.3",
      "p" : "0.9236",
      "s" : "sell",
      "i" : "WLD_USD",
      "m" : "4611686018436297448"
    }, {
      "d" : "1756462862995756091",
      "t" : 1756462862995,
      "tn" : 1756462862995756091,
      "q" : "1.3",
      "p" : "0.9236",
      "s" : "sell",
      "i" : "WLD_USD",
      "m" : "4611686018436297447"
    }, {
      "d" : "1756462862964023150",
      "t" : 1756462862964,
      "tn" : 1756462862964023150,
      "q" : "1.3",
      "p" : "0.9236",
      "s" : "sell",
      "i" : "WLD_USD",
      "m" : "4611686018436297446"
    }, {
      "d" : "1756462862925648205",
      "t" : 1756462862925,
      "tn" : 1756462862925648205,
      "q" : "1.3",
      "p" : "0.9236",
      "s" : "sell",
      "i" : "WLD_USD",
      "m" : "4611686018436297445"
    }, {
      "d" : "1756462862895611253",
      "t" : 1756462862895,
      "tn" : 1756462862895611253,
      "q" : "1.3",
      "p" : "0.9236",
      "s" : "sell",
      "i" : "WLD_USD",
      "m" : "4611686018436297444"
    }, {
      "d" : "1756462862880621066",
      "t" : 1756462862880,
      "tn" : 1756462862880621066,
      "q" : "1.3",
      "p" : "0.9236",
      "s" : "sell",
      "i" : "WLD_USD",
      "m" : "4611686018436297443"
    }, {
      "d" : "1756462862869788437",
      "t" : 1756462862869,
      "tn" : 1756462862869788437,
      "q" : "1.3",
      "p" : "0.9236",
      "s" : "sell",
      "i" : "WLD_USD",
      "m" : "4611686018436297442"
    }, {
      "d" : "1756462862850453566",
      "t" : 1756462862850,
      "tn" : 1756462862850453566,
      "q" : "1.3",
      "p" : "0.9236",
      "s" : "sell",
      "i" : "WLD_USD",
      "m" : "4611686018436297441"
    }, {
      "d" : "1756462862835408933",
      "t" : 1756462862835,
      "tn" : 1756462862835408933,
      "q" : "1.3",
      "p" : "0.9236",
      "s" : "sell",
      "i" : "WLD_USD",
      "m" : "4611686018436297440"
    }, {
      "d" : "1756462862820355700",
      "t" : 1756462862820,
      "tn" : 1756462862820355700,
      "q" : "1.3",
      "p" : "0.9236",
      "s" : "sell",
      "i" : "WLD_USD",
      "m" : "4611686018436297439"
    }, {
      "d" : "1756462862795408874",
      "t" : 1756462862795,
      "tn" : 1756462862795408874,
      "q" : "1.3",
      "p" : "0.9236",
      "s" : "sell",
      "i" : "WLD_USD",
      "m" : "4611686018436297438"
    }, {
      "d" : "1756462862785365011",
      "t" : 1756462862785,
      "tn" : 1756462862785365011,
      "q" : "1.3",
      "p" : "0.9236",
      "s" : "sell",
      "i" : "WLD_USD",
      "m" : "4611686018436297437"
    }, {
      "d" : "1756462862720168062",
      "t" : 1756462862720,
      "tn" : 1756462862720168062,
      "q" : "1.3",
      "p" : "0.9236",
      "s" : "sell",
      "i" : "WLD_USD",
      "m" : "4611686018436297436"
    }, {
      "d" : "1756462862694763535",
      "t" : 1756462862694,
      "tn" : 1756462862694763535,
      "q" : "1.3",
      "p" : "0.9236",
      "s" : "sell",
      "i" : "WLD_USD",
      "m" : "4611686018436297435"
    }, {
      "d" : "1756462862604621630",
      "t" : 1756462862604,
      "tn" : 1756462862604621630,
      "q" : "1.3",
      "p" : "0.9236",
      "s" : "sell",
      "i" : "WLD_USD",
      "m" : "4611686018436297434"
    }, {
      "d" : "1756462862594586551",
      "t" : 1756462862594,
      "tn" : 1756462862594586551,
      "q" : "1.3",
      "p" : "0.9236",
      "s" : "sell",
      "i" : "WLD_USD",
      "m" : "4611686018436297433"
    }, {
      "d" : "1756462862574571082",
      "t" : 1756462862574,
      "tn" : 1756462862574571082,
      "q" : "1.3",
      "p" : "0.9236",
      "s" : "sell",
      "i" : "WLD_USD",
      "m" : "4611686018436297432"
    }, {
      "d" : "1756462862504920600",
      "t" : 1756462862504,
      "tn" : 1756462862504920600,
      "q" : "1.3",
      "p" : "0.9236",
      "s" : "sell",
      "i" : "WLD_USD",
      "m" : "4611686018436297431"
    }, {
      "d" : "1756462862494429328",
      "t" : 1756462862494,
      "tn" : 1756462862494429328,
      "q" : "1.3",
      "p" : "0.9236",
      "s" : "sell",
      "i" : "WLD_USD",
      "m" : "4611686018436297430"
    }, {
      "d" : "1756462862474476583",
      "t" : 1756462862474,
      "tn" : 1756462862474476583,
      "q" : "1.3",
      "p" : "0.9236",
      "s" : "sell",
      "i" : "WLD_USD",
      "m" : "4611686018436297429"
    }, {
      "d" : "1756462862447871668",
      "t" : 1756462862447,
      "tn" : 1756462862447871668,
      "q" : "1.3",
      "p" : "0.9236",
      "s" : "sell",
      "i" : "WLD_USD",
      "m" : "4611686018436297428"
    }, {
      "d" : "1756462862430221914",
      "t" : 1756462862430,
      "tn" : 1756462862430221914,
      "q" : "1.3",
      "p" : "0.9236",
      "s" : "sell",
      "i" : "WLD_USD",
      "m" : "4611686018436297427"
    }, {
      "d" : "1756462862403943439",
      "t" : 1756462862403,
      "tn" : 1756462862403943439,
      "q" : "1.3",
      "p" : "0.9236",
      "s" : "sell",
      "i" : "WLD_USD",
      "m" : "4611686018436297426"
    }, {
      "d" : "1756462862380213845",
      "t" : 1756462862380,
      "tn" : 1756462862380213845,
      "q" : "1.3",
      "p" : "0.9236",
      "s" : "sell",
      "i" : "WLD_USD",
      "m" : "4611686018436297425"
    }, {
      "d" : "1756462862325336288",
      "t" : 1756462862325,
      "tn" : 1756462862325336288,
      "q" : "1.3",
      "p" : "0.9236",
      "s" : "sell",
      "i" : "WLD_USD",
      "m" : "4611686018436297424"
    }, {
      "d" : "1756462862283253880",
      "t" : 1756462862283,
      "tn" : 1756462862283253880,
      "q" : "1.3",
      "p" : "0.9236",
      "s" : "sell",
      "i" : "WLD_USD",
      "m" : "4611686018436297423"
    }, {
      "d" : "1756462862228167440",
      "t" : 1756462862228,
      "tn" : 1756462862228167440,
      "q" : "1.3",
      "p" : "0.9236",
      "s" : "sell",
      "i" : "WLD_USD",
      "m" : "4611686018436297422"
    }, {
      "d" : "1756462862192972512",
      "t" : 1756462862192,
      "tn" : 1756462862192972512,
      "q" : "1.3",
      "p" : "0.9236",
      "s" : "sell",
      "i" : "WLD_USD",
      "m" : "4611686018436297421"
    }, {
      "d" : "1756462862176796107",
      "t" : 1756462862176,
      "tn" : 1756462862176796107,
      "q" : "1.3",
      "p" : "0.9236",
      "s" : "sell",
      "i" : "WLD_USD",
      "m" : "4611686018436297420"
    }, {
      "d" : "1756462862156758106",
      "t" : 1756462862156,
      "tn" : 1756462862156758106,
      "q" : "1.3",
      "p" : "0.9236",
      "s" : "sell",
      "i" : "WLD_USD",
      "m" : "4611686018436297419"
    }, {
      "d" : "1756462862092858706",
      "t" : 1756462862092,
      "tn" : 1756462862092858706,
      "q" : "1.3",
      "p" : "0.9236",
      "s" : "sell",
      "i" : "WLD_USD",
      "m" : "4611686018436297418"
    }, {
      "d" : "1756462862042842502",
      "t" : 1756462862042,
      "tn" : 1756462862042842502,
      "q" : "1.3",
      "p" : "0.9236",
      "s" : "sell",
      "i" : "WLD_USD",
      "m" : "4611686018436297417"
    }, {
      "d" : "1756462862012759669",
      "t" : 1756462862012,
      "tn" : 1756462862012759669,
      "q" : "1.3",
      "p" : "0.9236",
      "s" : "sell",
      "i" : "WLD_USD",
      "m" : "4611686018436297416"
    }, {
      "d" : "1756462862004381131",
      "t" : 1756462862004,
      "tn" : 1756462862004381131,
      "q" : "1.3",
      "p" : "0.9236",
      "s" : "sell",
      "i" : "WLD_USD",
      "m" : "4611686018436297415"
    }, {
      "d" : "1756462855895352567",
      "t" : 1756462855895,
      "tn" : 1756462855895352567,
      "q" : "1.3",
      "p" : "0.9233",
      "s" : "sell",
      "i" : "WLD_USD",
      "m" : "4611686018436297414"
    }, {
      "d" : "1756462855880135239",
      "t" : 1756462855880,
      "tn" : 1756462855880135239,
      "q" : "1.3",
      "p" : "0.9233",
      "s" : "sell",
      "i" : "WLD_USD",
      "m" : "4611686018436297413"
    }, {
      "d" : "1756462855795460320",
      "t" : 1756462855795,
      "tn" : 1756462855795460320,
      "q" : "1.3",
      "p" : "0.9233",
      "s" : "sell",
      "i" : "WLD_USD",
      "m" : "4611686018436297412"
    }, {
      "d" : "1756462855772790984",
      "t" : 1756462855772,
      "tn" : 1756462855772790984,
      "q" : "1.3",
      "p" : "0.9233",
      "s" : "sell",
      "i" : "WLD_USD",
      "m" : "4611686018436297411"
    }, {
      "d" : "1756462854792552464",
      "t" : 1756462854792,
      "tn" : 1756462854792552464,
      "q" : "1.3",
      "p" : "0.9236",
      "s" : "sell",
      "i" : "WLD_USD",
      "m" : "4611686018436297410"
    }, {
      "d" : "1756462854733248941",
      "t" : 1756462854733,
      "tn" : 1756462854733248941,
      "q" : "1.3",
      "p" : "0.9236",
      "s" : "sell",
      "i" : "WLD_USD",
      "m" : "4611686018436297409"
    }, {
      "d" : "1756462854692038246",
      "t" : 1756462854692,
      "tn" : 1756462854692038246,
      "q" : "1.3",
      "p" : "0.9236",
      "s" : "sell",
      "i" : "WLD_USD",
      "m" : "4611686018436297408"
    }, {
      "d" : "1756462854516902186",
      "t" : 1756462854516,
      "tn" : 1756462854516902186,
      "q" : "1.3",
      "p" : "0.9236",
      "s" : "sell",
      "i" : "WLD_USD",
      "m" : "4611686018436297407"
    }, {
      "d" : "1756462854392458819",
      "t" : 1756462854392,
      "tn" : 1756462854392458819,
      "q" : "1.3",
      "p" : "0.9236",
      "s" : "sell",
      "i" : "WLD_USD",
      "m" : "4611686018436297406"
    }, {
      "d" : "1756462854352370813",
      "t" : 1756462854352,
      "tn" : 1756462854352370813,
      "q" : "1.3",
      "p" : "0.9236",
      "s" : "sell",
      "i" : "WLD_USD",
      "m" : "4611686018436297405"
    } ]
  }
}