{
  "id" : -1,
  "method" : "public/get-trades",
  "code" : 0,
  "result" : {
    "data" : [ {
      "d" : "1756462965150699418",
      "t" : 1756462965150,
      "tn" : 1756462965150699418,
      "q" : "1",
      "p" : "0.9212",
      "s" : "sell",
      "i" : "WLDUSD-PERP",
      "m" : "4611686018429582546"
    }, {
      "d" : "1756462965032176899",
      "t" : 1756462965032,
      "tn" : 1756462965032176899,
      "q" : "1",
      "p" : "0.9213",
      "s" : "sell",
      "i" : "WLDUSD-PERP",
      "m" : "4611686018429582545"
    }, {
      "d" : "1756462964771171386",
      "t" : 1756462964771,
      "tn" : 1756462964771171386,
      "q" : "1",
      "p" : "0.9214",
      "s" : "sell",
      "i" : "WLDUSD-PERP",
      "m" : "4611686018429582544"
    }, {
      "d" : "1756462950514826532",
      "t" : 1756462950514,
      "tn" : 1756462950514826532,
      "q" : "1",
      "p" : "0.9217",
      "s" : "sell",
      "i" : "WLDUSD-PERP",
      "m" : "4611686018429582543"
    }, {
      "d" : "1756462905722721853",
      "t" : 1756462905722,
      "tn" : 1756462905722721852,
      "q" : "135",
      "p" : "0.9226",
      "s" : "buy",
      "i" : "WLDUSD-PERP",
      "m" : "4611686018429582542"
    }, {
      "d" : "1756462905722721852",
      "t" : 1756462905722,
      "tn" : 1756462905722721852,
      "q" : "36",
      "p" : "0.9226",
      "s" : "buy",
      "i" : "WLDUSD-PERP",
      "m" : "4611686018429582542"
    }, {
      "d" : "1756462903897046333",
      "t" : 1756462903897,
      "tn" : 1756462903897046333,
      "q" : "1",
      "p" : "0.9223",
      "s" : "buy",
      "i" : "WLDUSD-PERP",
      "m" : "4611686018429582541"
    }, {
      "d" : "1756462901844734809",
      "t" : 1756462901844,
      "tn" : 1756462901844734809,
      "q" : "1",
      "p" : "0.9223",
      "s" : "sell",
      "i" : "WLDUSD-PERP",
      "m" : "4611686018429582540"
    }, {
      "d" : "1756462876359469156",
      "t" : 1756462876359,
      "tn" : 1756462876359469156,
      "q" : "1",
      "p" : "0.9223",
      "s" : "buy",
      "i" : "WLDUSD-PERP",
      "m" : "4611686018429582539"
    }, {
      "d" : "1756462874851811023",
      "t" : 1756462874851,
      "tn" : 1756462874851811023,
      "q" : "1",
      "p" : "0.9222",
      "s" : "buy",
      "i" : "WLDUSD-PERP",
      "m" : "4611686018429582538"
    }, {
      "d" : "1756462873681481765",
      "t" : 1756462873681,
      "tn" : 1756462873681481765,
      "q" : "1",
      "p" : "0.9225",
      "s" : "sell",
      "i" : "WLDUSD-PERP",
      "m" : "4611686018429582537"
    }, {
      "d" : "1756462868651223770",
      "t" : 1756462868651,
      "tn" : 1756462868651223770,
      "q" : "1",
      "p" : "0.9228",
      "s" : "sell",
      "i" : "WLDUSD-PERP",
      "m" : "4611686018429582536"
    }, {
      "d" : "1756462826493500323",
      "t" : 1756462826493,
      "tn" : 1756462826493500322,
      "q" : "135",
      "p" : "0.9239",
      "s" : "buy",
      "i" : "WLDUSD-PERP",
      "m" : "4611686018429582535"
    }, {
      "d" : "1756462826493500322",
      "t" : 1756462826493,
      "tn" : 1756462826493500322,
      "q" : "40",
      "p" : "0.9239",
      "s" : "buy",
      "i" : "WLDUSD-PERP",
      "m" : "4611686018429582535"
    }, {
      "d" : "1756462805109913027",
      "t" : 1756462805109,
      "tn" : 1756462805109913027,
      "q" : "1",
      "p" : "0.9233",
      "s" : "buy",
      "i" : "WLDUSD-PERP",
      "m" : "4611686018429582534"
    }, {
      "d" : "1756462804892605491",
      "t" : 1756462804892,
      "tn" : 1756462804892605491,
      "q" : "1",
      "p" : "0.9235",
      "s" : "sell",
      "i" : "WLDUSD-PERP",
      "m" : "4611686018429582533"
    }, {
      "d" : "1756462780933118228",
      "t" : 1756462780933,
      "tn" : 1756462780933118228,
      "q" : "1",
      "p" : "0.9235",
      "s" : "sell",
      "i" : "WLDUSD-PERP",
      "m" : "4611686018429582532"
    }, {
      "d" : "1756462774389645060",
      "t" : 1756462774389,
      "tn" : 1756462774389645059,
      "q" : "1",
      "p" : "0.9233",
      "s" : "buy",
      "i" : "WLDUSD-PERP",
      "m" : "4611686018429582531"
    }, {
      "d" : "1756462774389645059",
      "t" : 1756462774389,
      "tn" : 1756462774389645059,
      "q" : "1",
      "p" : "0.9233",
      "s" : "buy",
      "i" : "WLDUSD-PERP",
      "m" : "4611686018429582531"
    }, {
      "d" : "1756462740421763584",
      "t" : 1756462740421,
      "tn" : 1756462740421763584,
      "q" : "1",
      "p" : "0.9223",
      "s" : "buy",
      "i" : "WLDUSD-PERP",
      "m" : "4611686018429582530"
    }, {
      "d" : "1756462734993735574",
      "t" : 1756462734993,
      "tn" : 1756462734993735574,
      "q" : "43",
      "p" : "0.9219",
      "s" : "buy",
      "i" : "WLDUSD-PERP",
      "m" : "4611686018429582529"
    }, {
      "d" : "1756462734977729795",
      "t" : 1756462734977,
      "tn" : 1756462734977729795,
      "q" : "1",
      "p" : "0.9221",
      "s" : "sell",
      "i" : "WLDUSD-PERP",
      "m" : "4611686018429582528"
    }, {
      "d" : "1756462734974623996",
      "t" : 1756462734974,
      "tn" : 1756462734974623996,
      "q" : "1",
      "p" : "0.9223",
      "s" : "sell",
      "i" : "WLDUSD-PERP",
      "m" : "4611686018429582527"
    }, {
      "d" : "1756462698900611498",
      "t" : 1756462698900,
      "tn" : 1756462698900611498,
      "q" : "1",
      "p" : "0.9228",
      "s" : "sell",
      "i" : "WLDUSD-PERP",
      "m" : "4611686018429582526"
    }, {
      "d" : "1756462698142525125",
      "t" : 1756462698142,
      "tn" : 1756462698142525124,
      "q" : "1",
      "p" : "0.9225",
      "s" : "buy",
      "i" : "WLDUSD-PERP",
      "m" : "4611686018429582525"
    }, {
      "d" : "1756462698142525124",
      "t" : 1756462698142,
      "tn" : 1756462698142525124,
      "q" : "1",
      "p" : "0.9225",
      "s" : "buy",
      "i" : "WLDUSD-PERP",
      "m" : "4611686018429582525"
    }, {
      "d" : "1756462638860044641",
      "t" : 1756462638860,
      "tn" : 1756462638860044641,
      "q" : "1",
      "p" : "0.9223",
      "s" : "sell",
      "i" : "WLDUSD-PERP",
      "m" : "4611686018429582524"
    }, {
      "d" : "1756462636950705987",
      "t" : 1756462636950,
      "tn" : 1756462636950705986,
      "q" : "1",
      "p" : "0.9222",
      "s" : "buy",
      "i" : "WLDUSD-PERP",
      "m" : "4611686018429582523"
    }, {
      "d" : "1756462636950705986",
      "t" : 1756462636950,
      "tn" : 1756462636950705986,
      "q" : "1",
      "p" : "0.9222",
      "s" : "buy",
      "i" : "WLDUSD-PERP",
      "m" : "4611686018429582523"
    }, {
      "d" : "1756462584928614197",
      "t" : 1756462584928,
      "tn" : 1756462584928614197,
      "q" : "1",
      "p" : "0.9214",
      "s" : "sell",
      "i" : "WLDUSD-PERP",
      "m" : "4611686018429582522"
    }, {
      "d" : "1756462584554809663",
      "t" : 1756462584554,
      "tn" : 1756462584554809662,
      "q" : "1",
      "p" : "0.9212",
      "s" : "buy",
      "i" : "WLDUSD-PERP",
      "m" : "4611686018429582521"
    }, {
      "d" : "1756462584554809662",
      "t" : 1756462584554,
      "tn" : 1756462584554809662,
      "q" : "1",
      "p" : "0.9212",
      "s" : "buy",
      "i" : "WLDUSD-PERP",
      "m" : "4611686018429582521"
    }, {
      "d" : "1756462577841637693",
      "t" : 1756462577841,
      "tn" : 1756462577841637693,
      "q" : "1",
      "p" : "0.9223",
      "s" : "sell",
      "i" : "WLDUSD-PERP",
      "m" : "4611686018429582520"
    }, {
      "d" : "1756462577319787321",
      "t" : 1756462577319,
      "tn" : 1756462577319787321,
      "q" : "1",
      "p" : "0.9224",
      "s" : "sell",
      "i" : "WLDUSD-PERP",
      "m" : "4611686018429582519"
    }, {
      "d" : "1756462572853796128",
      "t" : 1756462572853,
      "tn" : 1756462572853796126,
      "q" : "135",
      "p" : "0.9225",
      "s" : "buy",
      "i" : "WLDUSD-PERP",
      "m" : "4611686018429582518"
    }, {
      "d" : "1756462572853796127",
      "t" : 1756462572853,
      "tn" : 1756462572853796126,
      "q" : "40",
      "p" : "0.9225",
      "s" : "buy",
      "i" : "WLDUSD-PERP",
      "m" : "4611686018429582518"
    }, {
      "d" : "1756462572853796126",
      "t" : 1756462572853,
      "tn" : 1756462572853796126,
      "q" : "1",
      "p" : "0.9225",
      "s" : "buy",
      "i" : "WLDUSD-PERP",
      "m" : "4611686018429582518"
    }, {
      "d" : "1756462563911055764",
      "t" : 1756462563911,
      "tn" : 1756462563911055764,
      "q" : "1",
      "p" : "0.9219",
      "s" : "buy",
      "i" : "WLDUSD-PERP",
      "m" : "4611686018429582517"
    }, {
      "d" : "1756462562029874039",
      "t" : 1756462562029,
      "tn" : 1756462562029874039,
      "q" : "1",
      "p" : "0.9214",
      "s" : "buy",
      "i" : "WLDUSD-PERP",
      "m" : "4611686018429582516"
    }, {
      "d" : "1756462561754681644",
      "t" : 1756462561754,
      "tn" : 1756462561754681644,
      "q" : "1",
      "p" : "0.9213",
      "s" : "buy",
      "i" : "WLDUSD-PERP",
      "m" : "4611686018429582515"
    }, {
      "d" : "1756462559337614467",
      "t" : 1756462559337,
      "tn" : 1756462559337614467,
      "q" : "1",
      "p" : "0.9212",
      "s" : "buy",
      "i" : "WLDUSD-PERP",
      "m" : "4611686018429582514"
    }, {
      "d" : "1756462517017373311",
      "t" : 1756462517017,
      "tn" : 1756462517017373311,
      "q" : "1",
      "p" : "0.9217",
      "s" : "buy",
      "i" : "WLDUSD-PERP",
      "m" : "4611686018429582513"
    }, {
      "d" : "1756462514331148834",
      "t" : 1756462514331,
      "tn" : 1756462514331148834,
      "q" : "1",
      "p" : "0.9214",
      "s" : "buy",
      "i" : "WLDUSD-PERP",
      "m" : "4611686018429582512"
    }, {
      "d" : "1756462512129659495",
      "t" : 1756462512129,
      "tn" : 1756462512129659495,
      "q" : "1",
      "p" : "0.9213",
      "s" : "buy",
      "i" : "WLDUSD-PERP",
      "m" : "4611686018429582511"
    }, {
      "d" : "1756462504428982514",
      "t" : 1756462504428,
      "tn" : 1756462504428982514,
      "q" : "1",
      "p" : "0.9214",
      "s" : "buy",
      "i" : "WLDUSD-PERP",
      "m" : "4611686018429582510"
    }, {
      "d" : "1756462482191445491",
      "t" : 1756462482191,
      "tn" : 1756462482191445491,
      "q" : "1",
      "p" : "0.9215",
      "s" : "sell",
      "i" : "WLDUSD-PERP",
      "m" : "4611686018429582509"
    }, {
      "d" : "1756462478538106027",
      "t" : 1756462478538,
      "tn" : 1756462478538106027,
      "q" : "1",
      "p" : "0.9216",
      "s" : "buy",
      "i" : "WLDUSD-PERP",
      "m" : "4611686018429582508"
    }, {
      "d" : "1756462475915240360",
      "t" : 1756462475915,
      "tn" : 1756462475915240360,
      "q" : "1",
      "p" : "0.9213",
      "s" : "buy",
      "i" : "WLDUSD-PERP",
      "m" : "4611686018429582507"
    }, {
      "d" : "1756462475915237634",
      "t" : 1756462475915,
      "tn" : 1756462475915237634,
      "q" : "1",
      "p" : "0.9212",
      "s" : "buy",
      "i" : "WLDUSD-PERP",
      "m" : "4611686018429582506"
    }, {
      "d" : "1756462470147188533",
      "t" : 1756462470147,
      "tn" : 1756462470147188533,
      "q" : "1",
      "p" : "0.9210",
      "s" : "buy",
      "i" : "WLDUSD-PERP",
      "m" : "4611686018429582505"
    }, {
      "d" : "1756462469429107348",
      "t" : 1756462469429,
      "tn" : 1756462469429107348,
      "q" : "1",
      "p" : "0.9207",
      "s" : "buy",
      "i" : "WLDUSD-PERP",
      "m" : "4611686018429582504"
    }, {
      "d" : "1756462463086136701",
      "t" : 1756462463086,
      "tn" : 1756462463086136701,
      "q" : "1",
      "p" : "0.9207",
      "s" : "buy",
      "i" : "WLDUSD-PERP",
      "m" : "4611686018429582503"
    }, {
      "d" : "1756462462561658551",
      "t" : 1756462462561,
      "tn" : 1756462462561658551,
      "q" : "1",
      "p" : "0.9206",
      "s" : "buy",
      "i" : "WLDUSD-PERP",
      "m" : "4611686018429582502"
    }, {
      "d" : "1756462460120775395",
      "t" : 1756462460120,
      "tn" : 1756462460120775395,
      "q" : "1",
      "p" : "0.9206",
      "s" : "buy",
      "i" : "WLDUSD-PERP",
      "m" : "4611686018429582501"
    }, {
      "d" : "1756462459543878027",
      "t" : 1756462459543,
      "tn" : 1756462459543878027,
      "q" : "1",
      "p" : "0.9206",
      "s" : "buy",
      "i" : "WLDUSD-PERP",
      "m" : "4611686018429582500"
    }, {
      "d" : "1756462459009431271",
      "t" : 1756462459009,
      "tn" : 1756462459009431271,
      "q" : "1",
      "p" : "0.9205",
      "s" : "buy",
      "i" : "WLDUSD-PERP",
      "m" : "4611686018429582499"
    }, {
      "d" : "1756462455358325616",
      "t" : 1756462455358,
      "tn" : 1756462455358325616,
      "q" : "1",
      "p" : "0.9205",
      "s" : "buy",
      "i" : "WLDUSD-PERP",
      "m" : "4611686018429582498"
    }, {
      "d" : "1756462452071473010",
      "t" : 1756462452071,
      "tn" : 1756462452071473009,
      "q" : "28",
      "p" : "0.9209",
      "s" : "sell",
      "i" : "WLDUSD-PERP",
      "m" : "4611686018429582497"
    }, {
      "d" : "1756462452071473009",
      "t" : 1756462452071,
      "tn" : 1756462452071473009,
      "q" : "1",
      "p" : "0.9209",
      "s" : "sell",
      "i" : "WLDUSD-PERP",
      "m" : "4611686018429582497"
    }, {
      "d" : "1756462443986726005",
      "t" : 1756462443986,
      "tn" : 1756462443986726005,
      "q" : "1",
      "p" : "0.9210",
      "s" : "buy",
      "i" : "WLDUSD-PERP",
      "m" : "4611686018429582496"
    }, {
      "d" : "1756462443675379396",
      "t" : 1756462443675,
      "tn" : 1756462443675379396,
      "q" : "1",
      "p" : "0.9209",
      "s" : "buy",
      "i" : "WLDUSD-PERP",
      "m" : "4611686018429582495"
    }, {
      "d" : "1756462443559558584",
      "t" : 1756462443559,
      "tn" : 1756462443559558583,
      "q" : "1",
      "p" : "0.9211",
      "s" : "sell",
      "i" : "WLDUSD-PERP",
      "m" : "4611686018429582494"
    }, {
      "d" : "1756462443559558583",
      "t" : 1756462443559,
      "tn" : 1756462443559558583,
      "q" : "135",
      "p" : "0.9211",
      "s" : "sell",
      "i" : "WLDUSD-PERP",
      "m" : "4611686018429582494"
    }, {
      "d" : "1756462442682113918",
      "t" : 1756462442682,
      "tn" : 1756462442682113918,
      "q" : "1",
      "p" : "0.9212",
      "s" : "sell",
      "i" : "WLDUSD-PERP",
      "m" : "4611686018429582493"
    }, {
      "d" : "1756462442664436985",
      "t" : 1756462442664,
      "tn" : 1756462442664436984,
      "q" : "135",
      "p" : "0.9213",
      "s" : "sell",
      "i" : "WLDUSD-PERP",
      "m" : "4611686018429582492"
    }, {
      "d" : "1756462442664436984",
      "t" : 1756462442664,
      "tn" : 1756462442664436984,
      "q" : "1",
      "p" : "0.9213",
      "s" : "sell",
      "i" : "WLDUSD-PERP",
      "m" : "4611686018429582492"
    }, {
      "d" : "1756462441185773995",
      "t" : 1756462441185,
      "tn" : 1756462441185773995,
      "q" : "1",
      "p" : "0.9214",
      "s" : "sell",
      "i" : "WLDUSD-PERP",
      "m" : "4611686018429582491"
    }, {
      "d" : "1756462441185076537",
      "t" : 1756462441185,
      "tn" : 1756462441185076537,
      "q" : "1",
      "p" : "0.9215",
      "s" : "sell",
      "i" : "WLDUSD-PERP",
      "m" : "4611686018429582490"
    }, {
      "d" : "1756462441098587859",
      "t" : 1756462441098,
      "tn" : 1756462441098587859,
      "q" : "1",
      "p" : "0.9215",
      "s" : "sell",
      "i" : "WLDUSD-PERP",
      "m" : "4611686018429582489"
    }, {
      "d" : "1756462441079984352",
      "t" : 1756462441079,
      "tn" : 1756462441079984351,
      "q" : "40",
      "p" : "0.9216",
      "s" : "sell",
      "i" : "WLDUSD-PERP",
      "m" : "4611686018429582488"
    }, {
      "d" : "1756462441079984351",
      "t" : 1756462441079,
      "tn" : 1756462441079984351,
      "q" : "1",
      "p" : "0.9216",
      "s" : "sell",
      "i" : "WLDUSD-PERP",
      "m" : "4611686018429582488"
    }, {
      "d" : "1756462436239220738",
      "t" : 1756462436239,
      "tn" : 1756462436239220738,
      "q" : "1",
      "p" : "0.9216",
      "s" : "buy",
      "i" : "WLDUSD-PERP",
      "m" : "4611686018429582487"
    }, {
      "d" : "1756462433477945275",
      "t" : 1756462433477,
      "tn" : 1756462433477945275,
      "q" : "1",
      "p" : "0.9216",
      "s" : "sell",
      "i" : "WLDUSD-PERP",
      "m" : "4611686018429582486"
    }, {
      "d" : "1756462432026133739",
      "t" : 1756462432026,
      "tn" : 1756462432026133739,
      "q" : "1",
      "p" : "0.9216",
      "s" : "sell",
      "i" : "WLDUSD-PERP",
      "m" : "4611686018429582485"
    }, {
      "d" : "1756462431976033785",
      "t" : 1756462431976,
      "tn" : 1756462431976033785,
      "q" : "1",
      "p" : "0.9216",
      "s" : "sell",
      "i" : "WLDUSD-PERP",
      "m" : "4611686018429582484"
    }, {
      "d" : "1756462431919346488",
      "t" : 1756462431919,
      "tn" : 1756462431919346488,
      "q" : "1",
      "p" : "0.9218",
      "s" : "sell",
      "i" : "WLDUSD-PERP",
      "m" : "4611686018429582483"
    }, {
      "d" : "1756462431915880306",
      "t" : 1756462431915,
      "tn" : 1756462431915880305,
      "q" : "40",
      "p" : "0.9219",
      "s" : "sell",
      "i" : "WLDUSD-PERP",
      "m" : "4611686018429582482"
    }, {
      "d" : "1756462431915880305",
      "t" : 1756462431915,
      "tn" : 1756462431915880305,
      "q" : "1",
      "p" : "0.9219",
      "s" : "sell",
      "i" : "WLDUSD-PERP",
      "m" : "4611686018429582482"
    }, {
      "d" : "1756462430476722089",
      "t" : 1756462430476,
      "tn" : 1756462430476722089,
      "q" : "1",
      "p" : "0.9221",
      "s" : "sell",
      "i" : "WLDUSD-PERP",
      "m" : "4611686018429582481"
    }, {
      "d" : "1756462416640981603",
      "t" : 1756462416640,
      "tn" : 1756462416640981603,
      "q" : "1",
      "p" : "0.9223",
      "s" : "sell",
      "i" : "WLDUSD-PERP",
      "m" : "4611686018429582480"
    }, {
      "d" : "1756462404574504193",
      "t" : 1756462404574,
      "tn" : 1756462404574504193,
      "q" : "1",
      "p" : "0.9223",
      "s" : "buy",
      "i" : "WLDUSD-PERP",
      "m" : "4611686018429582479"
    }, {
      "d" : "1756462402681444089",
      "t" : 1756462402681,
      "tn" : 1756462402681444089,
      "q" : "1",
      "p" : "0.9222",
      "s" : "buy",
      "i" : "WLDUSD-PERP",
      "m" : "4611686018429582478"
    }, {
      "d" : "1756462402556764629",
      "t" : 1756462402556,
      "tn" : 1756462402556764629,
      "q" : "1",
      "p" : "0.9221",
      "s" : "buy",
      "i" : "WLDUSD-PERP",
      "m" : "4611686018429582477"
    }, {
      "d" : "1756462402166730229",
      "t" : 1756462402166,
      "tn" : 1756462402166730229,
      "q" : "1",
      "p" : "0.9219",
      "s" : "buy",
      "i" : "WLDUSD-PERP",
      "m" : "4611686018429582476"
    }, {
      "d" : "1756462402048756474",
      "t" : 1756462402048,
      "tn" : 1756462402048756474,
      "q" : "1",
      "p" : "0.9219",
      "s" : "sell",
      "i" : "WLDUSD-PERP",
      "m" : "4611686018429582475"
    }, {
      "d" : "1756462401577143222",
      "t" : 1756462401577,
      "tn" : 1756462401577143222,
      "q" : "1",
      "p" : "0.9221",
      "s" : "sell",
      "i" : "WLDUSD-PERP",
      "m" : "4611686018429582474"
    }, {
      "d" : "1756462401410507733",
      "t" : 1756462401410,
      "tn" : 1756462401410507733,
      "q" : "1",
      "p" : "0.9222",
      "s" : "sell",
      "i" : "WLDUSD-PERP",
      "m" : "4611686018429582473"
    }, {
      "d" : "1756462393336620760",
      "t" : 1756462393336,
      "tn" : 1756462393336620760,
      "q" : "1",
      "p" : "0.9225",
      "s" : "buy",
      "i" : "WLDUSD-PERP",
      "m" : "4611686018429582472"
    }, {
      "d" : "1756462392593560548",
      "t" : 1756462392593,
      "tn" : 1756462392593560548,
      "q" : "1",
      "p" : "0.9227",
      "s" : "sell",
      "i" : "WLDUSD-PERP",
      "m" : "4611686018429582471"
    }, {
      "d" : "1756462389992194306",
      "t" : 1756462389992,
      "tn" : 1756462389992194306,
      "q" : "1",
      "p" : "0.9228",
      "s" : "buy",
      "i" : "WLDUSD-PERP",
      "m" : "4611686018429582470"
    }, {
      "d" : "1756462389359308168",
      "t" : 1756462389359,
      "tn" : 1756462389359308168,
      "q" : "1",
      "p" : "0.9231",
      "s" : "sell",
      "i" : "WLDUSD-PERP",
      "m" : "4611686018429582469"
    }, {
      "d" : "1756462383397925683",
      "t" : 1756462383397,
      "tn" : 1756462383397925683,
      "q" : "1",
      "p" : "0.9233",
      "s" : "sell",
      "i" : "WLDUSD-PERP",
      "m" : "4611686018429582468"
    }, {
      "d" : "1756462370928827581",
      "t" : 1756462370928,
      "tn" : 1756462370928827581,
      "q" : "1",
      "p" : "0.9230",
      "s" : "buy",
      "i" : "WLDUSD-PERP",
      "m" : "4611686018429582467"
    }, {
      "d" : "1756462368766624428",
      "t" : 1756462368766,
      "tn" : 1756462368766624428,
      "q" : "1",
      "p" : "0.9228",
      "s" : "buy",
      "i" : "WLDUSD-PERP",
      "m" : "4611686018429582466"
    }, {
      "d" : "1756462366783226519",
      "t" : 1756462366783,
      "tn" : 1756462366783226519,
      "q" : "1",
      "p" : "0.9229",
      "s" : "sell",
      "i" : "WLDUSD-PERP",
      "m" : "4611686018429582465"
    }, {
      "d" : "1756462363222119710",
      "t" : 1756462363222,
      "tn" : 1756462363222119710,
      "q" : "1",
      "p" : "0.9229",
      "s" : "buy",
      "i" : "WLDUSD-PERP",
      "m" : "4611686018429582464"
    }, {
      "d" : "1756462362948871918",
      "t" : 1756462362948,
      "tn" : 1756462362948871918,
      "q" : "1",
      "p" : "0.9230",
      "s" : "sell",
      "i" : "WLDUSD-PERP",
      "m" : "4611686018429582463"
    }, {
      "d" : "1756462360049434496",
      "t" : 1756462360049,
      "tn" : 1756462360049434496,
      "q" : "1",
      "p" : "0.9233",
      "s" : "sell",
      "i" : "WLDUSD-PERP",
      "m" : "4611686018429582462"
    }, {
      "d" : "1756462349030202913",
      "t" : 1756462349030,
      "tn" : 1756462349030202912,
      "q" : "40",
      "p" : "0.9232",
      "s" : "buy",
      "i" : "WLDUSD-PERP",
      "m" : "4611686018429582461"
    }, {
      "d" : "1756462349030202912",
      "t" : 1756462349030,
      "tn" : 1756462349030202912,
      "q" : "1",
      "p" : "0.9232",
      "s" : "buy",
      "i" : "WLDUSD-PERP",
      "m" : "4611686018429582461"
    }, {
      "d" : "1756462347926310024",
      "t" : 1756462347926,
      "tn" : 1756462347926310024,
      "q" : "1",
      "p" : "0.9231",
      "s" : "buy",
      "i" : "WLDUSD-PERP",
      "m" : "4611686018429582460"
    }, {
      "d" : "1756462340864883776",
      "t" : 1756462340864,
      "tn" : 1756462340864883776,
      "q" : "1",
      "p" : "0.9228",
      "s" : "buy",
      "i" : "WLDUSD-PERP",
      "m" : "4611686018429582459"
    }, {
      "d" : "1756462328393687349",
      "t" : 1756462328393,
      "tn" : 1756462328393687349,
      "q" : "1",
      "p" : "0.9227",
      "s" : "buy",
      "i" : "WLDUSD-PERP",
      "m" : "4611686018429582458"
    }, {
      "d" : "1756462327708116537",
      "t" : 1756462327708,
      "tn" : 1756462327708116537,
      "q" : "1",
      "p" : "0.9225",
      "s" : "buy",
      "i" : "WLDUSD-PERP",
      "m" : "4611686018429582457"
    }, {
      "d" : "1756462326088629868",
      "t" : 1756462326088,
      "tn" : 1756462326088629868,
      "q" : "1",
      "p" : "0.9222",
      "s" : "buy",
      "i" : "WLDUSD-PERP",
      "m" : "4611686018429582456"
    }, {
      "d" : "1756462321716074359",
      "t" : 1756462321716,
      "tn" : 1756462321716074359,
      "q" : "1",
      "p" : "0.9221",
      "s" : "buy",
      "i" : "WLDUSD-PERP",
      "m" : "4611686018429582455"
    }, {
      "d" : "1756462321335234666",
      "t" : 1756462321335,
      "tn" : 1756462321335234666,
      "q" : "1",
      "p" : "0.9220",
      "s" : "buy",
      "i" : "WLDUSD-PERP",
      "m" : "4611686018429582454"
    }, {
      "d" : "1756462321084044127",
      "t" : 1756462321084,
      "tn" : 1756462321084044127,
      "q" : "1",
      "p" : "0.9218",
      "s" : "buy",
      "i" : "WLDUSD-PERP",
      "m" : "4611686018429582453"
    }, {
      "d" : "1756462319067762762",
      "t" : 1756462319067,
      "tn" : 1756462319067762762,
      "q" : "1",
      "p" : "0.9218",
      "s" : "sell",
      "i" : "WLDUSD-PERP",
      "m" : "4611686018429582452"
    }, {
      "d" : "1756462318698410170",
      "t" : 1756462318698,
      "tn" : 1756462318698410170,
      "q" : "1",
      "p" : "0.9220",
      "s" : "sell",
      "i" : "WLDUSD-PERP",
      "m" : "4611686018429582451"
    }, {
      "d" : "1756462314570821998",
      "t" : 1756462314570,
      "tn" : 1756462314570821998,
      "q" : "1",
      "p" : "0.9222",
      "s" : "sell",
      "i" : "WLDUSD-PERP",
      "m" : "4611686018429582450"
    }, {
      "d" : "1756462309315710448",
      "t" : 1756462309315,
      "tn" : 1756462309315710448,
      "q" : "1",
      "p" : "0.9225",
      "s" : "sell",
      "i" : "WLDUSD-PERP",
      "m" : "4611686018429582449"
    }, {
      "d" : "1756462308374681341",
      "t" : 1756462308374,
      "tn" : 1756462308374681341,
      "q" : "1",
      "p" : "0.9224",
      "s" : "buy",
      "i" : "WLDUSD-PERP",
      "m" : "4611686018429582448"
    }, {
      "d" : "1756462306718863535",
      "t" : 1756462306718,
      "tn" : 1756462306718863535,
      "q" : "1",
      "p" : "0.9221",
      "s" : "buy",
      "i" : "WLDUSD-PERP",
      "m" : "4611686018429582447"
    }, {
      "d" : "1756462305934929382",
      "t" : 1756462305934,
      "tn" : 1756462305934929382,
      "q" : "1",
      "p" : "0.9220",
      "s" : "buy",
      "i" : "WLDUSD-PERP",
      "m" : "4611686018429582446"
    }, {
      "d" : "1756462305508774285",
      "t" : 1756462305508,
      "tn" : 1756462305508774285,
      "q" : "1",
      "p" : "0.9219",
      "s" : "buy",
      "i" : "WLDUSD-PERP",
      "m" : "4611686018429582445"
    }, {
      "d" : "1756462305394306136",
      "t" : 1756462305394,
      "tn" : 1756462305394306136,
      "q" : "1",
      "p" : "0.9218",
      "s" : "buy",
      "i" : "WLDUSD-PERP",
      "m" : "4611686018429582444"
    }, {
      "d" : "1756462278109831123",
      "t" : 1756462278109,
      "tn" : 1756462278109831123,
      "q" : "1",
      "p" : "0.9217",
      "s" : "sell",
      "i" : "WLDUSD-PERP",
      "m" : "4611686018429582443"
    }, {
      "d" : "1756462275813816745",
      "t" : 1756462275813,
      "tn" : 1756462275813816745,
      "q" : "1",
      "p" : "0.9217",
      "s" : "buy",
      "i" : "WLDUSD-PERP",
      "m" : "4611686018429582442"
    }, {
      "d" : "1756462275682287934",
      "t" : 1756462275682,
      "tn" : 1756462275682287934,
      "q" : "1",
      "p" : "0.9216",
      "s" : "buy",
      "i" : "WLDUSD-PERP",
      "m" : "4611686018429582441"
    }, {
      "d" : "1756462275090754287",
      "t" : 1756462275090,
      "tn" : 1756462275090754287,
      "q" : "1",
      "p" : "0.9214",
      "s" : "buy",
      "i" : "WLDUSD-PERP",
      "m" : "4611686018429582440"
    }, {
      "d" : "1756462271143421265",
      "t" : 1756462271143,
      "tn" : 1756462271143421265,
      "q" : "1",
      "p" : "0.9213",
      "s" : "buy",
      "i" : "WLDUSD-PERP",
      "m" : "4611686018429582439"
    }, {
      "d" : "1756462265599506313",
      "t" : 1756462265599,
      "tn" : 1756462265599506313,
      "q" : "1",
      "p" : "0.9215",
      "s" : "sell",
      "i" : "WLDUSD-PERP",
      "m" : "4611686018429582438"
    }, {
      "d" : "1756462264426114261",
      "t" : 1756462264426,
      "tn" : 1756462264426114261,
      "q" : "1",
      "p" : "0.9215",
      "s" : "buy",
      "i" : "WLDUSD-PERP",
      "m" : "4611686018429582437"
    }, {
      "d" : "1756462261145720828",
      "t" : 1756462261145,
      "tn" : 1756462261145720828,
      "q" : "1",
      "p" : "0.9214",
      "s" : "sell",
      "i" : "WLDUSD-PERP",
      "m" : "4611686018429582436"
    }, {
      "d" : "1756462260900824211",
      "t" : 1756462260900,
      "tn" : 1756462260900824211,
      "q" : "1",
      "p" : "0.9215",
      "s" : "sell",
      "i" : "WLDUSD-PERP",
      "m" : "4611686018429582435"
    }, {
      "d" : "1756462252469109523",
      "t" : 1756462252469,
      "tn" : 1756462252469109523,
      "q" : "1",
      "p" : "0.9216",
      "s" : "buy",
      "i" : "WLDUSD-PERP",
      "m" : "4611686018429582434"
    }, {
      "d" : "1756462248560769348",
      "t" : 1756462248560,
      "tn" : 1756462248560769348,
      "q" : "1",
      "p" : "0.9214",
      "s" : "buy",
      "i" : "WLDUSD-PERP",
      "m" : "4611686018429582433"
    }, {
      "d" : "1756462243260462850",
      "t" : 1756462243260,
      "tn" : 1756462243260462850,
      "q" : "1",
      "p" : "0.9214",
      "s" : "sell",
      "i" : "WLDUSD-PERP",
      "m" : "4611686018429582432"
    }, {
      "d" : "1756462242100736699",
      "t" : 1756462242100,
      "tn" : 1756462242100736699,
      "q" : "1",
      "p" : "0.9215",
      "s" : "buy",
      "i" : "WLDUSD-PERP",
      "m" : "4611686018429582431"
    }, {
      "d" : "1756462241555974918",
      "t" : 1756462241555,
      "tn" : 1756462241555974918,
      "q" : "1",
      "p" : "0.9213",
      "s" : "buy",
      "i" : "WLDUSD-PERP",
      "m" : "4611686018429582430"
    }, {
      "d" : "1756462241093616349",
      "t" : 1756462241093,
      "tn" : 1756462241093616349,
      "q" : "1",
      "p" : "0.9211",
      "s" : "buy",
      "i" : "WLDUSD-PERP",
      "m" : "4611686018429582429"
    }, {
      "d" : "1756462239878331035",
      "t" : 1756462239878,
      "tn" : 1756462239878331034,
      "q" : "1",
      "p" : "0.9212",
      "s" : "sell",
      "i" : "WLDUSD-PERP",
      "m" : "4611686018429582428"
    }, {
      "d" : "1756462239878331034",
      "t" : 1756462239878,
      "tn" : 1756462239878331034,
      "q" : "1",
      "p" : "0.9212",
      "s" : "sell",
      "i" : "WLDUSD-PERP",
      "m" : "4611686018429582428"
    }, {
      "d" : "1756462235107171523",
      "t" : 1756462235107,
      "tn" : 1756462235107171523,
      "q" : "1",
      "p" : "0.9215",
      "s" : "buy",
      "i" : "WLDUSD-PERP",
      "m" : "4611686018429582427"
    }, {
      "d" : "1756462234999798558",
      "t" : 1756462234999,
      "tn" : 1756462234999798558,
      "q" : "1",
      "p" : "0.9214",
      "s" : "buy",
      "i" : "WLDUSD-PERP",
      "m" : "4611686018429582426"
    }, {
      "d" : "1756462228651360553",
      "t" : 1756462228651,
      "tn" : 1756462228651360553,
      "q" : "1",
      "p" : "0.9211",
      "s" : "buy",
      "i" : "WLDUSD-PERP",
      "m" : "4611686018429582425"
    }, {
      "d" : "1756462225368854614",
      "t" : 1756462225368,
      "tn" : 1756462225368854611,
      "q" : "40",
      "p" : "0.9212",
      "s" : "sell",
      "i" : "WLDUSD-PERP",
      "m" : "4611686018429582424"
    }, {
      "d" : "1756462225368854613",
      "t" : 1756462225368,
      "tn" : 1756462225368854611,
      "q" : "135",
      "p" : "0.9212",
      "s" : "sell",
      "i" : "WLDUSD-PERP",
      "m" : "4611686018429582424"
    }, {
      "d" : "1756462225368854612",
      "t" : 1756462225368,
      "tn" : 1756462225368854611,
      "q" : "1",
      "p" : "0.9212",
      "s" : "sell",
      "i" : "WLDUSD-PERP",
      "m" : "4611686018429582424"
    }, {
      "d" : "1756462225368854611",
      "t" : 1756462225368,
      "tn" : 1756462225368854611,
      "q" : "1",
      "p" : "0.9212",
      "s" : "sell",
      "i" : "WLDUSD-PERP",
      "m" : "4611686018429582424"
    }, {
      "d" : "1756462220429942505",
      "t" : 1756462220429,
      "tn" : 1756462220429942505,
      "q" : "1",
      "p" : "0.9214",
      "s" : "buy",
      "i" : "WLDUSD-PERP",
      "m" : "4611686018429582423"
    }, {
      "d" : "1756462220187853104",
      "t" : 1756462220187,
      "tn" : 1756462220187853104,
      "q" : "1",
      "p" : "0.9212",
      "s" : "buy",
      "i" : "WLDUSD-PERP",
      "m" : "4611686018429582422"
    }, {
      "d" : "1756462219127621363",
      "t" : 1756462219127,
      "tn" : 1756462219127621363,
      "q" : "1",
      "p" : "0.9211",
      "s" : "buy",
      "i" : "WLDUSD-PERP",
      "m" : "4611686018429582421"
    }, {
      "d" : "1756462210871046188",
      "t" : 1756462210871,
      "tn" : 1756462210871046187,
      "q" : "1",
      "p" : "0.9213",
      "s" : "sell",
      "i" : "WLDUSD-PERP",
      "m" : "4611686018429582420"
    }, {
      "d" : "1756462210871046187",
      "t" : 1756462210871,
      "tn" : 1756462210871046187,
      "q" : "1",
      "p" : "0.9213",
      "s" : "sell",
      "i" : "WLDUSD-PERP",
      "m" : "4611686018429582420"
    }, {
      "d" : "1756462204820809136",
      "t" : 1756462204820,
      "tn" : 1756462204820809136,
      "q" : "1",
      "p" : "0.9213",
      "s" : "buy",
      "i" : "WLDUSD-PERP",
      "m" : "4611686018429582419"
    }, {
      "d" : "1756462203172071309",
      "t" : 1756462203172,
      "tn" : 1756462203172071306,
      "q" : "135",
      "p" : "0.9213",
      "s" : "sell",
      "i" : "WLDUSD-PERP",
      "m" : "4611686018429582418"
    }, {
      "d" : "1756462203172071308",
      "t" : 1756462203172,
      "tn" : 1756462203172071306,
      "q" : "40",
      "p" : "0.9213",
      "s" : "sell",
      "i" : "WLDUSD-PERP",
      "m" : "4611686018429582418"
    }, {
      "d" : "1756462203172071307",
      "t" : 1756462203172,
      "tn" : 1756462203172071306,
      "q" : "1",
      "p" : "0.9213",
      "s" : "sell",
      "i" : "WLDUSD-PERP",
      "m" : "4611686018429582418"
    } ]
  }
}