{
  "id" : -1,
  "method" : "public/get-trades",
  "code" : 0,
  "result" : {
    "data" : [ {
      "d" : "1756460861931953086",
      "t" : 1756460861931,
      "tn" : 1756460861931953086,
      "q" : "6037",
      "p" : "0.06802",
      "s" : "buy",
      "i" : "WOO_USDT",
      "m" : "4611686018430221950"
    }, {
      "d" : "1756460838841677302",
      "t" : 1756460838841,
      "tn" : 1756460838841677302,
      "q" : "1646",
      "p" : "0.06802",
      "s" : "buy",
      "i" : "WOO_USDT",
      "m" : "4611686018430221949"
    }, {
      "d" : "1756460186558218470",
      "t" : 1756460186558,
      "tn" : 1756460186558218470,
      "q" : "78",
      "p" : "0.06791",
      "s" : "buy",
      "i" : "WOO_USDT",
      "m" : "4611686018430221948"
    }, {
      "d" : "1756458164051852802",
      "t" : 1756458164051,
      "tn" : 1756458164051852802,
      "q" : "2976",
      "p" : "0.06721",
      "s" : "sell",
      "i" : "WOO_USDT",
      "m" : "4611686018430221947"
    }, {
      "d" : "1756458163993612490",
      "t" : 1756458163993,
      "tn" : 1756458163993612490,
      "q" : "4667",
      "p" : "0.06721",
      "s" : "sell",
      "i" : "WOO_USDT",
      "m" : "4611686018430221946"
    }, {
      "d" : "1756458163993610281",
      "t" : 1756458163993,
      "tn" : 1756458163993610281,
      "q" : "2772",
      "p" : "0.06727",
      "s" : "sell",
      "i" : "WOO_USDT",
      "m" : "4611686018430221945"
    }, {
      "d" : "1756458163936529383",
      "t" : 1756458163936,
      "tn" : 1756458163936529383,
      "q" : "3716",
      "p" : "0.06727",
      "s" : "sell",
      "i" : "WOO_USDT",
      "m" : "4611686018430221944"
    }, {
      "d" : "1756458163911908638",
      "t" : 1756458163911,
      "tn" : 1756458163911908638,
      "q" : "1233",
      "p" : "0.06727",
      "s" : "sell",
      "i" : "WOO_USDT",
      "m" : "4611686018430221943"
    }, {
      "d" : "1756458163911907194",
      "t" : 1756458163911,
      "tn" : 1756458163911907194,
      "q" : "6200",
      "p" : "0.06728",
      "s" : "sell",
      "i" : "WOO_USDT",
      "m" : "4611686018430221942"
    }, {
      "d" : "1756458163911365509",
      "t" : 1756458163911,
      "tn" : 1756458163911365509,
      "q" : "310",
      "p" : "0.06728",
      "s" : "sell",
      "i" : "WOO_USDT",
      "m" : "4611686018430221941"
    }, {
      "d" : "1756458163891149466",
      "t" : 1756458163891,
      "tn" : 1756458163891149466,
      "q" : "568",
      "p" : "0.06728",
      "s" : "sell",
      "i" : "WOO_USDT",
      "m" : "4611686018430221940"
    }, {
      "d" : "1756458163890293255",
      "t" : 1756458163890,
      "tn" : 1756458163890293255,
      "q" : "627",
      "p" : "0.06728",
      "s" : "sell",
      "i" : "WOO_USDT",
      "m" : "4611686018430221939"
    }, {
      "d" : "1756458163889094842",
      "t" : 1756458163889,
      "tn" : 1756458163889094842,
      "q" : "103",
      "p" : "0.06753",
      "s" : "sell",
      "i" : "WOO_USDT",
      "m" : "4611686018430221938"
    }, {
      "d" : "1756458103736782275",
      "t" : 1756458103736,
      "tn" : 1756458103736782275,
      "q" : "2962",
      "p" : "0.06753",
      "s" : "sell",
      "i" : "WOO_USDT",
      "m" : "4611686018430221937"
    }, {
      "d" : "1756458103694545271",
      "t" : 1756458103694,
      "tn" : 1756458103694545271,
      "q" : "1201",
      "p" : "0.06753",
      "s" : "sell",
      "i" : "WOO_USDT",
      "m" : "4611686018430221936"
    }, {
      "d" : "1756458058888430477",
      "t" : 1756458058888,
      "tn" : 1756458058888430477,
      "q" : "3468",
      "p" : "0.06753",
      "s" : "sell",
      "i" : "WOO_USDT",
      "m" : "4611686018430221935"
    }, {
      "d" : "1756458058888428355",
      "t" : 1756458058888,
      "tn" : 1756458058888428355,
      "q" : "3936",
      "p" : "0.06754",
      "s" : "sell",
      "i" : "WOO_USDT",
      "m" : "4611686018430221934"
    }, {
      "d" : "1756458058292112296",
      "t" : 1756458058292,
      "tn" : 1756458058292112296,
      "q" : "3701",
      "p" : "0.06754",
      "s" : "sell",
      "i" : "WOO_USDT",
      "m" : "4611686018430221933"
    }, {
      "d" : "1756454321098245281",
      "t" : 1756454321098,
      "tn" : 1756454321098245281,
      "q" : "165",
      "p" : "0.06846",
      "s" : "sell",
      "i" : "WOO_USDT",
      "m" : "4611686018430221932"
    }, {
      "d" : "1756454308069666541",
      "t" : 1756454308069,
      "tn" : 1756454308069666541,
      "q" : "1462",
      "p" : "0.06846",
      "s" : "sell",
      "i" : "WOO_USDT",
      "m" : "4611686018430221931"
    }, {
      "d" : "1756451062820874999",
      "t" : 1756451062820,
      "tn" : 1756451062820874999,
      "q" : "569",
      "p" : "0.07035",
      "s" : "buy",
      "i" : "WOO_USDT",
      "m" : "4611686018430221930"
    }, {
      "d" : "1756443272302523616",
      "t" : 1756443272302,
      "tn" : 1756443272302523616,
      "q" : "558",
      "p" : "0.07164",
      "s" : "buy",
      "i" : "WOO_USDT",
      "m" : "4611686018430221929"
    }, {
      "d" : "1756443258744180430",
      "t" : 1756443258744,
      "tn" : 1756443258744180430,
      "q" : "558",
      "p" : "0.07148",
      "s" : "buy",
      "i" : "WOO_USDT",
      "m" : "4611686018430221928"
    }, {
      "d" : "1756442881207468444",
      "t" : 1756442881207,
      "tn" : 1756442881207468444,
      "q" : "556",
      "p" : "0.07167",
      "s" : "buy",
      "i" : "WOO_USDT",
      "m" : "4611686018430221927"
    }, {
      "d" : "1756441601416539858",
      "t" : 1756441601416,
      "tn" : 1756441601416539858,
      "q" : "569",
      "p" : "0.07110",
      "s" : "sell",
      "i" : "WOO_USDT",
      "m" : "4611686018430221926"
    }, {
      "d" : "1756440373989436074",
      "t" : 1756440373989,
      "tn" : 1756440373989436074,
      "q" : "567",
      "p" : "0.07100",
      "s" : "sell",
      "i" : "WOO_USDT",
      "m" : "4611686018430221925"
    }, {
      "d" : "1756440315102531924",
      "t" : 1756440315102,
      "tn" : 1756440315102531924,
      "q" : "567",
      "p" : "0.07100",
      "s" : "sell",
      "i" : "WOO_USDT",
      "m" : "4611686018430221924"
    }, {
      "d" : "1756440274477496617",
      "t" : 1756440274477,
      "tn" : 1756440274477496617,
      "q" : "568",
      "p" : "0.07100",
      "s" : "sell",
      "i" : "WOO_USDT",
      "m" : "4611686018430221923"
    }, {
      "d" : "1756440223934330649",
      "t" : 1756440223934,
      "tn" : 1756440223934330649,
      "q" : "47",
      "p" : "0.07113",
      "s" : "sell",
      "i" : "WOO_USDT",
      "m" : "4611686018430221922"
    }, {
      "d" : "1756440223934328392",
      "t" : 1756440223934,
      "tn" : 1756440223934328392,
      "q" : "521",
      "p" : "0.07114",
      "s" : "sell",
      "i" : "WOO_USDT",
      "m" : "4611686018430221921"
    }, {
      "d" : "1756439634200444928",
      "t" : 1756439634200,
      "tn" : 1756439634200444927,
      "q" : "46",
      "p" : "0.07121",
      "s" : "sell",
      "i" : "WOO_USDT",
      "m" : "4611686018430221920"
    }, {
      "d" : "1756439634200444927",
      "t" : 1756439634200,
      "tn" : 1756439634200444927,
      "q" : "520",
      "p" : "0.07121",
      "s" : "sell",
      "i" : "WOO_USDT",
      "m" : "4611686018430221920"
    }, {
      "d" : "1756439615059687494",
      "t" : 1756439615059,
      "tn" : 1756439615059687494,
      "q" : "565",
      "p" : "0.07130",
      "s" : "sell",
      "i" : "WOO_USDT",
      "m" : "4611686018430221919"
    }, {
      "d" : "1756439513736986545",
      "t" : 1756439513736,
      "tn" : 1756439513736986545,
      "q" : "567",
      "p" : "0.07121",
      "s" : "sell",
      "i" : "WOO_USDT",
      "m" : "4611686018430221918"
    }, {
      "d" : "1756439367300396723",
      "t" : 1756439367300,
      "tn" : 1756439367300396723,
      "q" : "568",
      "p" : "0.07102",
      "s" : "sell",
      "i" : "WOO_USDT",
      "m" : "4611686018430221917"
    }, {
      "d" : "1756439354740714757",
      "t" : 1756439354740,
      "tn" : 1756439354740714757,
      "q" : "412",
      "p" : "0.07100",
      "s" : "sell",
      "i" : "WOO_USDT",
      "m" : "4611686018430221916"
    }, {
      "d" : "1756439354740711668",
      "t" : 1756439354740,
      "tn" : 1756439354740711668,
      "q" : "156",
      "p" : "0.07101",
      "s" : "sell",
      "i" : "WOO_USDT",
      "m" : "4611686018430221915"
    }, {
      "d" : "1756439337335522255",
      "t" : 1756439337335,
      "tn" : 1756439337335522255,
      "q" : "568",
      "p" : "0.07095",
      "s" : "sell",
      "i" : "WOO_USDT",
      "m" : "4611686018430221914"
    }, {
      "d" : "1756439293133629849",
      "t" : 1756439293133,
      "tn" : 1756439293133629849,
      "q" : "569",
      "p" : "0.07095",
      "s" : "sell",
      "i" : "WOO_USDT",
      "m" : "4611686018430221913"
    }, {
      "d" : "1756438686049877238",
      "t" : 1756438686049,
      "tn" : 1756438686049877238,
      "q" : "570",
      "p" : "0.07110",
      "s" : "sell",
      "i" : "WOO_USDT",
      "m" : "4611686018430221912"
    }, {
      "d" : "1756438638167973941",
      "t" : 1756438638167,
      "tn" : 1756438638167973941,
      "q" : "383",
      "p" : "0.07086",
      "s" : "sell",
      "i" : "WOO_USDT",
      "m" : "4611686018430221911"
    }, {
      "d" : "1756438638167971365",
      "t" : 1756438638167,
      "tn" : 1756438638167971365,
      "q" : "186",
      "p" : "0.07087",
      "s" : "sell",
      "i" : "WOO_USDT",
      "m" : "4611686018430221910"
    }, {
      "d" : "1756438193340155312",
      "t" : 1756438193340,
      "tn" : 1756438193340155312,
      "q" : "344",
      "p" : "0.07084",
      "s" : "sell",
      "i" : "WOO_USDT",
      "m" : "4611686018430221909"
    }, {
      "d" : "1756438193340153148",
      "t" : 1756438193340,
      "tn" : 1756438193340153148,
      "q" : "220",
      "p" : "0.07085",
      "s" : "sell",
      "i" : "WOO_USDT",
      "m" : "4611686018430221908"
    }, {
      "d" : "1756434282596733658",
      "t" : 1756434282596,
      "tn" : 1756434282596733658,
      "q" : "298",
      "p" : "0.07130",
      "s" : "sell",
      "i" : "WOO_USDT",
      "m" : "4611686018430221907"
    }, {
      "d" : "1756434282596731508",
      "t" : 1756434282596,
      "tn" : 1756434282596731508,
      "q" : "262",
      "p" : "0.07131",
      "s" : "sell",
      "i" : "WOO_USDT",
      "m" : "4611686018430221906"
    }, {
      "d" : "1756434155369884906",
      "t" : 1756434155369,
      "tn" : 1756434155369884906,
      "q" : "959",
      "p" : "0.07096",
      "s" : "sell",
      "i" : "WOO_USDT",
      "m" : "4611686018430221905"
    }, {
      "d" : "1756434155369882681",
      "t" : 1756434155369,
      "tn" : 1756434155369882681,
      "q" : "317",
      "p" : "0.07097",
      "s" : "sell",
      "i" : "WOO_USDT",
      "m" : "4611686018430221904"
    }, {
      "d" : "1756434135328997000",
      "t" : 1756434135328,
      "tn" : 1756434135328997000,
      "q" : "21",
      "p" : "0.07092",
      "s" : "sell",
      "i" : "WOO_USDT",
      "m" : "4611686018430221903"
    }, {
      "d" : "1756434135328994286",
      "t" : 1756434135328,
      "tn" : 1756434135328994286,
      "q" : "548",
      "p" : "0.07093",
      "s" : "sell",
      "i" : "WOO_USDT",
      "m" : "4611686018430221902"
    }, {
      "d" : "1756427522316726409",
      "t" : 1756427522316,
      "tn" : 1756427522316726409,
      "q" : "382",
      "p" : "0.07186",
      "s" : "sell",
      "i" : "WOO_USDT",
      "m" : "4611686018430221901"
    }, {
      "d" : "1756427522316724617",
      "t" : 1756427522316,
      "tn" : 1756427522316724617,
      "q" : "177",
      "p" : "0.07187",
      "s" : "sell",
      "i" : "WOO_USDT",
      "m" : "4611686018430221900"
    }, {
      "d" : "1756427504722185308",
      "t" : 1756427504722,
      "tn" : 1756427504722185308,
      "q" : "285",
      "p" : "0.07182",
      "s" : "sell",
      "i" : "WOO_USDT",
      "m" : "4611686018430221899"
    }, {
      "d" : "1756427504722183314",
      "t" : 1756427504722,
      "tn" : 1756427504722183314,
      "q" : "276",
      "p" : "0.07183",
      "s" : "sell",
      "i" : "WOO_USDT",
      "m" : "4611686018430221898"
    }, {
      "d" : "1756427323493575724",
      "t" : 1756427323493,
      "tn" : 1756427323493575724,
      "q" : "262",
      "p" : "0.07201",
      "s" : "sell",
      "i" : "WOO_USDT",
      "m" : "4611686018430221897"
    }, {
      "d" : "1756427323493573671",
      "t" : 1756427323493,
      "tn" : 1756427323493573671,
      "q" : "299",
      "p" : "0.07202",
      "s" : "sell",
      "i" : "WOO_USDT",
      "m" : "4611686018430221896"
    }, {
      "d" : "1756427302211964238",
      "t" : 1756427302211,
      "tn" : 1756427302211964238,
      "q" : "181",
      "p" : "0.07198",
      "s" : "sell",
      "i" : "WOO_USDT",
      "m" : "4611686018430221895"
    }, {
      "d" : "1756427302211962247",
      "t" : 1756427302211,
      "tn" : 1756427302211962247,
      "q" : "379",
      "p" : "0.07199",
      "s" : "sell",
      "i" : "WOO_USDT",
      "m" : "4611686018430221894"
    }, {
      "d" : "1756427149801736389",
      "t" : 1756427149801,
      "tn" : 1756427149801736389,
      "q" : "76",
      "p" : "0.07185",
      "s" : "sell",
      "i" : "WOO_USDT",
      "m" : "4611686018430221893"
    }, {
      "d" : "1756427149801734125",
      "t" : 1756427149801,
      "tn" : 1756427149801734125,
      "q" : "485",
      "p" : "0.07186",
      "s" : "sell",
      "i" : "WOO_USDT",
      "m" : "4611686018430221892"
    }, {
      "d" : "1756427141181634288",
      "t" : 1756427141181,
      "tn" : 1756427141181634288,
      "q" : "562",
      "p" : "0.07185",
      "s" : "sell",
      "i" : "WOO_USDT",
      "m" : "4611686018430221891"
    }, {
      "d" : "1756426111939880295",
      "t" : 1756426111939,
      "tn" : 1756426111939880295,
      "q" : "1078",
      "p" : "0.07207",
      "s" : "sell",
      "i" : "WOO_USDT",
      "m" : "4611686018430221890"
    }, {
      "d" : "1756426111939877431",
      "t" : 1756426111939,
      "tn" : 1756426111939877431,
      "q" : "186",
      "p" : "0.07208",
      "s" : "sell",
      "i" : "WOO_USDT",
      "m" : "4611686018430221889"
    }, {
      "d" : "1756426101623500180",
      "t" : 1756426101623,
      "tn" : 1756426101623500180,
      "q" : "561",
      "p" : "0.07206",
      "s" : "sell",
      "i" : "WOO_USDT",
      "m" : "4611686018430221888"
    }, {
      "d" : "1756426092698003198",
      "t" : 1756426092698,
      "tn" : 1756426092698003198,
      "q" : "560",
      "p" : "0.07206",
      "s" : "sell",
      "i" : "WOO_USDT",
      "m" : "4611686018430221887"
    }, {
      "d" : "1756426008660554652",
      "t" : 1756426008660,
      "tn" : 1756426008660554652,
      "q" : "667",
      "p" : "0.07276",
      "s" : "buy",
      "i" : "WOO_USDT",
      "m" : "4611686018430221886"
    }, {
      "d" : "1756426008660552228",
      "t" : 1756426008660,
      "tn" : 1756426008660552228,
      "q" : "557",
      "p" : "0.07275",
      "s" : "buy",
      "i" : "WOO_USDT",
      "m" : "4611686018430221885"
    }, {
      "d" : "1756425997283075119",
      "t" : 1756425997283,
      "tn" : 1756425997283075119,
      "q" : "549",
      "p" : "0.07278",
      "s" : "buy",
      "i" : "WOO_USDT",
      "m" : "4611686018430221884"
    }, {
      "d" : "1756425858729704680",
      "t" : 1756425858729,
      "tn" : 1756425858729704680,
      "q" : "557",
      "p" : "0.07221",
      "s" : "sell",
      "i" : "WOO_USDT",
      "m" : "4611686018430221883"
    }, {
      "d" : "1756425732894605967",
      "t" : 1756425732894,
      "tn" : 1756425732894605967,
      "q" : "545",
      "p" : "0.07306",
      "s" : "buy",
      "i" : "WOO_USDT",
      "m" : "4611686018430221882"
    }, {
      "d" : "1756425718986393478",
      "t" : 1756425718986,
      "tn" : 1756425718986393478,
      "q" : "548",
      "p" : "0.07306",
      "s" : "buy",
      "i" : "WOO_USDT",
      "m" : "4611686018430221881"
    }, {
      "d" : "1756425697070617771",
      "t" : 1756425697070,
      "tn" : 1756425697070617770,
      "q" : "1204",
      "p" : "0.07293",
      "s" : "buy",
      "i" : "WOO_USDT",
      "m" : "4611686018430221880"
    }, {
      "d" : "1756425697070617770",
      "t" : 1756425697070,
      "tn" : 1756425697070617770,
      "q" : "31",
      "p" : "0.07293",
      "s" : "buy",
      "i" : "WOO_USDT",
      "m" : "4611686018430221880"
    }, {
      "d" : "1756425686619643929",
      "t" : 1756425686619,
      "tn" : 1756425686619643929,
      "q" : "1239",
      "p" : "0.07295",
      "s" : "buy",
      "i" : "WOO_USDT",
      "m" : "4611686018430221879"
    }, {
      "d" : "1756425672137656301",
      "t" : 1756425672137,
      "tn" : 1756425672137656301,
      "q" : "550",
      "p" : "0.07278",
      "s" : "buy",
      "i" : "WOO_USDT",
      "m" : "4611686018430221878"
    }, {
      "d" : "1756424788129897655",
      "t" : 1756424788129,
      "tn" : 1756424788129897655,
      "q" : "135",
      "p" : "0.07164",
      "s" : "sell",
      "i" : "WOO_USDT",
      "m" : "4611686018430221877"
    }, {
      "d" : "1756424788129895497",
      "t" : 1756424788129,
      "tn" : 1756424788129895497,
      "q" : "429",
      "p" : "0.07165",
      "s" : "sell",
      "i" : "WOO_USDT",
      "m" : "4611686018430221876"
    }, {
      "d" : "1756423580140917072",
      "t" : 1756423580140,
      "tn" : 1756423580140917072,
      "q" : "564",
      "p" : "0.07160",
      "s" : "sell",
      "i" : "WOO_USDT",
      "m" : "4611686018430221875"
    }, {
      "d" : "1756423281459212241",
      "t" : 1756423281459,
      "tn" : 1756423281459212241,
      "q" : "563",
      "p" : "0.07156",
      "s" : "sell",
      "i" : "WOO_USDT",
      "m" : "4611686018430221874"
    }, {
      "d" : "1756423221732883919",
      "t" : 1756423221732,
      "tn" : 1756423221732883919,
      "q" : "558",
      "p" : "0.07178",
      "s" : "sell",
      "i" : "WOO_USDT",
      "m" : "4611686018430221873"
    }, {
      "d" : "1756422868108207515",
      "t" : 1756422868108,
      "tn" : 1756422868108207515,
      "q" : "563",
      "p" : "0.07170",
      "s" : "sell",
      "i" : "WOO_USDT",
      "m" : "4611686018430221872"
    }, {
      "d" : "1756422609236732719",
      "t" : 1756422609236,
      "tn" : 1756422609236732719,
      "q" : "552",
      "p" : "0.07266",
      "s" : "buy",
      "i" : "WOO_USDT",
      "m" : "4611686018430221871"
    }, {
      "d" : "1756422577802471564",
      "t" : 1756422577802,
      "tn" : 1756422577802471564,
      "q" : "552",
      "p" : "0.07266",
      "s" : "buy",
      "i" : "WOO_USDT",
      "m" : "4611686018430221870"
    }, {
      "d" : "1756422321523765807",
      "t" : 1756422321523,
      "tn" : 1756422321523765807,
      "q" : "551",
      "p" : "0.07276",
      "s" : "buy",
      "i" : "WOO_USDT",
      "m" : "4611686018430221869"
    }, {
      "d" : "1756422289208571419",
      "t" : 1756422289208,
      "tn" : 1756422289208571419,
      "q" : "1234",
      "p" : "0.07276",
      "s" : "buy",
      "i" : "WOO_USDT",
      "m" : "4611686018430221868"
    }, {
      "d" : "1756422272466477827",
      "t" : 1756422272466,
      "tn" : 1756422272466477827,
      "q" : "550",
      "p" : "0.07276",
      "s" : "buy",
      "i" : "WOO_USDT",
      "m" : "4611686018430221867"
    }, {
      "d" : "1756422244135292843",
      "t" : 1756422244135,
      "tn" : 1756422244135292843,
      "q" : "551",
      "p" : "0.07276",
      "s" : "buy",
      "i" : "WOO_USDT",
      "m" : "4611686018430221866"
    }, {
      "d" : "1756422151774170817",
      "t" : 1756422151774,
      "tn" : 1756422151774170817,
      "q" : "666",
      "p" : "0.07262",
      "s" : "buy",
      "i" : "WOO_USDT",
      "m" : "4611686018430221865"
    }, {
      "d" : "1756422151774169023",
      "t" : 1756422151774,
      "tn" : 1756422151774169023,
      "q" : "577",
      "p" : "0.07261",
      "s" : "buy",
      "i" : "WOO_USDT",
      "m" : "4611686018430221864"
    }, {
      "d" : "1756422113485410000",
      "t" : 1756422113485,
      "tn" : 1756422113485410000,
      "q" : "552",
      "p" : "0.07267",
      "s" : "buy",
      "i" : "WOO_USDT",
      "m" : "4611686018430221863"
    }, {
      "d" : "1756421990906541401",
      "t" : 1756421990906,
      "tn" : 1756421990906541401,
      "q" : "211",
      "p" : "0.07250",
      "s" : "buy",
      "i" : "WOO_USDT",
      "m" : "4611686018430221862"
    }, {
      "d" : "1756421708872054427",
      "t" : 1756421708872,
      "tn" : 1756421708872054427,
      "q" : "264",
      "p" : "0.07267",
      "s" : "buy",
      "i" : "WOO_USDT",
      "m" : "4611686018430221861"
    }, {
      "d" : "1756421708872052173",
      "t" : 1756421708872,
      "tn" : 1756421708872052173,
      "q" : "288",
      "p" : "0.07266",
      "s" : "buy",
      "i" : "WOO_USDT",
      "m" : "4611686018430221860"
    }, {
      "d" : "1756421594189579736",
      "t" : 1756421594189,
      "tn" : 1756421594189579736,
      "q" : "552",
      "p" : "0.07235",
      "s" : "buy",
      "i" : "WOO_USDT",
      "m" : "4611686018430221859"
    }, {
      "d" : "1756421554848387705",
      "t" : 1756421554848,
      "tn" : 1756421554848387705,
      "q" : "552",
      "p" : "0.07247",
      "s" : "buy",
      "i" : "WOO_USDT",
      "m" : "4611686018430221858"
    }, {
      "d" : "1756421493017916573",
      "t" : 1756421493017,
      "tn" : 1756421493017916573,
      "q" : "553",
      "p" : "0.07238",
      "s" : "buy",
      "i" : "WOO_USDT",
      "m" : "4611686018430221857"
    }, {
      "d" : "1756420081356761129",
      "t" : 1756420081356,
      "tn" : 1756420081356761129,
      "q" : "965",
      "p" : "0.07160",
      "s" : "sell",
      "i" : "WOO_USDT",
      "m" : "4611686018430221856"
    }, {
      "d" : "1756420081356759189",
      "t" : 1756420081356,
      "tn" : 1756420081356759189,
      "q" : "302",
      "p" : "0.07161",
      "s" : "sell",
      "i" : "WOO_USDT",
      "m" : "4611686018430221855"
    }, {
      "d" : "1756420072519857642",
      "t" : 1756420072519,
      "tn" : 1756420072519857642,
      "q" : "564",
      "p" : "0.07166",
      "s" : "sell",
      "i" : "WOO_USDT",
      "m" : "4611686018430221854"
    }, {
      "d" : "1756420015492746378",
      "t" : 1756420015492,
      "tn" : 1756420015492746378,
      "q" : "151",
      "p" : "0.07170",
      "s" : "sell",
      "i" : "WOO_USDT",
      "m" : "4611686018430221853"
    }, {
      "d" : "1756420015492744250",
      "t" : 1756420015492,
      "tn" : 1756420015492744250,
      "q" : "412",
      "p" : "0.07171",
      "s" : "sell",
      "i" : "WOO_USDT",
      "m" : "4611686018430221852"
    }, {
      "d" : "1756419748432320615",
      "t" : 1756419748432,
      "tn" : 1756419748432320615,
      "q" : "1",
      "p" : "0.07163",
      "s" : "sell",
      "i" : "WOO_USDT",
      "m" : "4611686018430221851"
    }, {
      "d" : "1756419748432318452",
      "t" : 1756419748432,
      "tn" : 1756419748432318452,
      "q" : "562",
      "p" : "0.07164",
      "s" : "sell",
      "i" : "WOO_USDT",
      "m" : "4611686018430221850"
    }, {
      "d" : "1756418835530660818",
      "t" : 1756418835530,
      "tn" : 1756418835530660818,
      "q" : "556",
      "p" : "0.07225",
      "s" : "buy",
      "i" : "WOO_USDT",
      "m" : "4611686018430221849"
    }, {
      "d" : "1756418823076470178",
      "t" : 1756418823076,
      "tn" : 1756418823076470178,
      "q" : "556",
      "p" : "0.07225",
      "s" : "buy",
      "i" : "WOO_USDT",
      "m" : "4611686018430221848"
    }, {
      "d" : "1756418758347991182",
      "t" : 1756418758347,
      "tn" : 1756418758347991182,
      "q" : "556",
      "p" : "0.07215",
      "s" : "buy",
      "i" : "WOO_USDT",
      "m" : "4611686018430221847"
    }, {
      "d" : "1756418744473388615",
      "t" : 1756418744473,
      "tn" : 1756418744473388615,
      "q" : "557",
      "p" : "0.07215",
      "s" : "buy",
      "i" : "WOO_USDT",
      "m" : "4611686018430221846"
    }, {
      "d" : "1756418717130028534",
      "t" : 1756418717130,
      "tn" : 1756418717130028534,
      "q" : "556",
      "p" : "0.07215",
      "s" : "buy",
      "i" : "WOO_USDT",
      "m" : "4611686018430221845"
    }, {
      "d" : "1756418683976956024",
      "t" : 1756418683976,
      "tn" : 1756418683976956024,
      "q" : "555",
      "p" : "0.07215",
      "s" : "buy",
      "i" : "WOO_USDT",
      "m" : "4611686018430221844"
    }, {
      "d" : "1756418668599162935",
      "t" : 1756418668599,
      "tn" : 1756418668599162935,
      "q" : "310",
      "p" : "0.07202",
      "s" : "buy",
      "i" : "WOO_USDT",
      "m" : "4611686018430221843"
    }, {
      "d" : "1756418668599160622",
      "t" : 1756418668599,
      "tn" : 1756418668599160622,
      "q" : "245",
      "p" : "0.07201",
      "s" : "buy",
      "i" : "WOO_USDT",
      "m" : "4611686018430221842"
    }, {
      "d" : "1756418658457224244",
      "t" : 1756418658457,
      "tn" : 1756418658457224244,
      "q" : "555",
      "p" : "0.07203",
      "s" : "buy",
      "i" : "WOO_USDT",
      "m" : "4611686018430221841"
    }, {
      "d" : "1756417562225519414",
      "t" : 1756417562225,
      "tn" : 1756417562225519414,
      "q" : "556",
      "p" : "0.07172",
      "s" : "buy",
      "i" : "WOO_USDT",
      "m" : "4611686018430221840"
    }, {
      "d" : "1756417541605584429",
      "t" : 1756417541605,
      "tn" : 1756417541605584429,
      "q" : "557",
      "p" : "0.07177",
      "s" : "buy",
      "i" : "WOO_USDT",
      "m" : "4611686018430221839"
    }, {
      "d" : "1756417518053514745",
      "t" : 1756417518053,
      "tn" : 1756417518053514745,
      "q" : "557",
      "p" : "0.07181",
      "s" : "buy",
      "i" : "WOO_USDT",
      "m" : "4611686018430221838"
    }, {
      "d" : "1756417475930605210",
      "t" : 1756417475930,
      "tn" : 1756417475930605210,
      "q" : "556",
      "p" : "0.07189",
      "s" : "buy",
      "i" : "WOO_USDT",
      "m" : "4611686018430221837"
    }, {
      "d" : "1756417463110098258",
      "t" : 1756417463110,
      "tn" : 1756417463110098258,
      "q" : "558",
      "p" : "0.07189",
      "s" : "buy",
      "i" : "WOO_USDT",
      "m" : "4611686018430221836"
    }, {
      "d" : "1756417404937100449",
      "t" : 1756417404937,
      "tn" : 1756417404937100449,
      "q" : "839",
      "p" : "0.07177",
      "s" : "buy",
      "i" : "WOO_USDT",
      "m" : "4611686018430221835"
    }, {
      "d" : "1756417301952856396",
      "t" : 1756417301952,
      "tn" : 1756417301952856396,
      "q" : "1253",
      "p" : "0.07169",
      "s" : "buy",
      "i" : "WOO_USDT",
      "m" : "4611686018430221834"
    }, {
      "d" : "1756417292691737845",
      "t" : 1756417292691,
      "tn" : 1756417292691737845,
      "q" : "557",
      "p" : "0.07169",
      "s" : "buy",
      "i" : "WOO_USDT",
      "m" : "4611686018430221833"
    }, {
      "d" : "1756417260328211239",
      "t" : 1756417260328,
      "tn" : 1756417260328211239,
      "q" : "557",
      "p" : "0.07171",
      "s" : "buy",
      "i" : "WOO_USDT",
      "m" : "4611686018430221832"
    }, {
      "d" : "1756413568035009605",
      "t" : 1756413568035,
      "tn" : 1756413568035009605,
      "q" : "563",
      "p" : "0.07095",
      "s" : "buy",
      "i" : "WOO_USDT",
      "m" : "4611686018430221831"
    }, {
      "d" : "1756413446430222248",
      "t" : 1756413446430,
      "tn" : 1756413446430222248,
      "q" : "563",
      "p" : "0.07103",
      "s" : "buy",
      "i" : "WOO_USDT",
      "m" : "4611686018430221830"
    }, {
      "d" : "1756413082161160394",
      "t" : 1756413082161,
      "tn" : 1756413082161160394,
      "q" : "563",
      "p" : "0.07103",
      "s" : "buy",
      "i" : "WOO_USDT",
      "m" : "4611686018430221829"
    }, {
      "d" : "1756412341103166279",
      "t" : 1756412341103,
      "tn" : 1756412341103166279,
      "q" : "564",
      "p" : "0.07091",
      "s" : "buy",
      "i" : "WOO_USDT",
      "m" : "4611686018430221828"
    }, {
      "d" : "1756411897102403643",
      "t" : 1756411897102,
      "tn" : 1756411897102403643,
      "q" : "559",
      "p" : "0.07059",
      "s" : "buy",
      "i" : "WOO_USDT",
      "m" : "4611686018430221827"
    }, {
      "d" : "1756411897102401482",
      "t" : 1756411897102,
      "tn" : 1756411897102401482,
      "q" : "7",
      "p" : "0.07058",
      "s" : "buy",
      "i" : "WOO_USDT",
      "m" : "4611686018430221826"
    }, {
      "d" : "1756411884127698888",
      "t" : 1756411884127,
      "tn" : 1756411884127698888,
      "q" : "566",
      "p" : "0.07058",
      "s" : "buy",
      "i" : "WOO_USDT",
      "m" : "4611686018430221825"
    }, {
      "d" : "1756410491923255509",
      "t" : 1756410491923,
      "tn" : 1756410491923255509,
      "q" : "574",
      "p" : "0.07043",
      "s" : "sell",
      "i" : "WOO_USDT",
      "m" : "4611686018430221824"
    }, {
      "d" : "1756410352616273350",
      "t" : 1756410352616,
      "tn" : 1756410352616273350,
      "q" : "573",
      "p" : "0.07045",
      "s" : "sell",
      "i" : "WOO_USDT",
      "m" : "4611686018430221823"
    }, {
      "d" : "1756410111045225835",
      "t" : 1756410111045,
      "tn" : 1756410111045225835,
      "q" : "573",
      "p" : "0.07042",
      "s" : "sell",
      "i" : "WOO_USDT",
      "m" : "4611686018430221822"
    }, {
      "d" : "1756410073019702604",
      "t" : 1756410073019,
      "tn" : 1756410073019702604,
      "q" : "573",
      "p" : "0.07045",
      "s" : "sell",
      "i" : "WOO_USDT",
      "m" : "4611686018430221821"
    }, {
      "d" : "1756410051342787962",
      "t" : 1756410051342,
      "tn" : 1756410051342787962,
      "q" : "572",
      "p" : "0.07044",
      "s" : "sell",
      "i" : "WOO_USDT",
      "m" : "4611686018430221820"
    }, {
      "d" : "1756408977570415966",
      "t" : 1756408977570,
      "tn" : 1756408977570415966,
      "q" : "566",
      "p" : "0.07102",
      "s" : "sell",
      "i" : "WOO_USDT",
      "m" : "4611686018430221819"
    }, {
      "d" : "1756407748163663195",
      "t" : 1756407748163,
      "tn" : 1756407748163663195,
      "q" : "567",
      "p" : "0.07118",
      "s" : "sell",
      "i" : "WOO_USDT",
      "m" : "4611686018430221818"
    }, {
      "d" : "1756406912017828072",
      "t" : 1756406912017,
      "tn" : 1756406912017828071,
      "q" : "246",
      "p" : "0.07194",
      "s" : "buy",
      "i" : "WOO_USDT",
      "m" : "4611686018430221817"
    }, {
      "d" : "1756406912017828071",
      "t" : 1756406912017,
      "tn" : 1756406912017828071,
      "q" : "310",
      "p" : "0.07194",
      "s" : "buy",
      "i" : "WOO_USDT",
      "m" : "4611686018430221817"
    }, {
      "d" : "1756406834861395919",
      "t" : 1756406834861,
      "tn" : 1756406834861395919,
      "q" : "556",
      "p" : "0.07195",
      "s" : "buy",
      "i" : "WOO_USDT",
      "m" : "4611686018430221816"
    }, {
      "d" : "1756406350260707931",
      "t" : 1756406350260,
      "tn" : 1756406350260707931,
      "q" : "555",
      "p" : "0.07210",
      "s" : "buy",
      "i" : "WOO_USDT",
      "m" : "4611686018430221815"
    }, {
      "d" : "1756406100024975640",
      "t" : 1756406100024,
      "tn" : 1756406100024975640,
      "q" : "555",
      "p" : "0.07199",
      "s" : "buy",
      "i" : "WOO_USDT",
      "m" : "4611686018430221814"
    }, {
      "d" : "1756404548765874655",
      "t" : 1756404548765,
      "tn" : 1756404548765874655,
      "q" : "560",
      "p" : "0.07142",
      "s" : "buy",
      "i" : "WOO_USDT",
      "m" : "4611686018430221813"
    }, {
      "d" : "1756404509341473773",
      "t" : 1756404509341,
      "tn" : 1756404509341473773,
      "q" : "839",
      "p" : "0.07150",
      "s" : "buy",
      "i" : "WOO_USDT",
      "m" : "4611686018430221812"
    }, {
      "d" : "1756402815296207076",
      "t" : 1756402815296,
      "tn" : 1756402815296207076,
      "q" : "557",
      "p" : "0.07188",
      "s" : "buy",
      "i" : "WOO_USDT",
      "m" : "4611686018430221811"
    }, {
      "d" : "1756402740502846127",
      "t" : 1756402740502,
      "tn" : 1756402740502846127,
      "q" : "557",
      "p" : "0.07165",
      "s" : "buy",
      "i" : "WOO_USDT",
      "m" : "4611686018430221810"
    }, {
      "d" : "1756402729440641878",
      "t" : 1756402729440,
      "tn" : 1756402729440641878,
      "q" : "1254",
      "p" : "0.07167",
      "s" : "buy",
      "i" : "WOO_USDT",
      "m" : "4611686018430221809"
    }, {
      "d" : "1756402721505225004",
      "t" : 1756402721505,
      "tn" : 1756402721505225004,
      "q" : "558",
      "p" : "0.07164",
      "s" : "buy",
      "i" : "WOO_USDT",
      "m" : "4611686018430221808"
    }, {
      "d" : "1756402514844609330",
      "t" : 1756402514844,
      "tn" : 1756402514844609330,
      "q" : "558",
      "p" : "0.07156",
      "s" : "buy",
      "i" : "WOO_USDT",
      "m" : "4611686018430221807"
    }, {
      "d" : "1756402440961008073",
      "t" : 1756402440961,
      "tn" : 1756402440961008073,
      "q" : "558",
      "p" : "0.07153",
      "s" : "buy",
      "i" : "WOO_USDT",
      "m" : "4611686018430221806"
    }, {
      "d" : "1756402188371764805",
      "t" : 1756402188371,
      "tn" : 1756402188371764805,
      "q" : "557",
      "p" : "0.07174",
      "s" : "buy",
      "i" : "WOO_USDT",
      "m" : "4611686018430221805"
    }, {
      "d" : "1756401405789244969",
      "t" : 1756401405789,
      "tn" : 1756401405789244969,
      "q" : "561",
      "p" : "0.07123",
      "s" : "buy",
      "i" : "WOO_USDT",
      "m" : "4611686018430221804"
    } ]
  }
}