{
  "id" : -1,
  "method" : "public/get-trades",
  "code" : 0,
  "result" : {
    "data" : [ {
      "d" : "1756462507939353312",
      "t" : 1756462507939,
      "tn" : 1756462507939353312,
      "q" : "500",
      "p" : "0.06875",
      "s" : "buy",
      "i" : "WOO_USD",
      "m" : "4611686018430038187"
    }, {
      "d" : "1756441206483002618",
      "t" : 1756441206483,
      "tn" : 1756441206483002618,
      "q" : "477",
      "p" : "0.07092",
      "s" : "sell",
      "i" : "WOO_USD",
      "m" : "4611686018430038186"
    }, {
      "d" : "1756440907801164570",
      "t" : 1756440907801,
      "tn" : 1756440907801164570,
      "q" : "477",
      "p" : "0.07072",
      "s" : "sell",
      "i" : "WOO_USD",
      "m" : "4611686018430038185"
    }, {
      "d" : "1756440608882815813",
      "t" : 1756440608882,
      "tn" : 1756440608882815813,
      "q" : "477",
      "p" : "0.07073",
      "s" : "sell",
      "i" : "WOO_USD",
      "m" : "4611686018430038184"
    }, {
      "d" : "1756440308757828721",
      "t" : 1756440308757,
      "tn" : 1756440308757828721,
      "q" : "477",
      "p" : "0.07104",
      "s" : "sell",
      "i" : "WOO_USD",
      "m" : "4611686018430038183"
    }, {
      "d" : "1756440007460300224",
      "t" : 1756440007460,
      "tn" : 1756440007460300224,
      "q" : "477",
      "p" : "0.07106",
      "s" : "sell",
      "i" : "WOO_USD",
      "m" : "4611686018430038182"
    }, {
      "d" : "1756439706638526088",
      "t" : 1756439706638,
      "tn" : 1756439706638526088,
      "q" : "477",
      "p" : "0.07121",
      "s" : "sell",
      "i" : "WOO_USD",
      "m" : "4611686018430038181"
    }, {
      "d" : "1756439406589368711",
      "t" : 1756439406589,
      "tn" : 1756439406589368711,
      "q" : "477",
      "p" : "0.07104",
      "s" : "sell",
      "i" : "WOO_USD",
      "m" : "4611686018430038180"
    }, {
      "d" : "1756439104618452524",
      "t" : 1756439104618,
      "tn" : 1756439104618452524,
      "q" : "477",
      "p" : "0.07104",
      "s" : "sell",
      "i" : "WOO_USD",
      "m" : "4611686018430038179"
    }, {
      "d" : "1756438938535299547",
      "t" : 1756438938535,
      "tn" : 1756438938535299547,
      "q" : "1000",
      "p" : "0.07113",
      "s" : "sell",
      "i" : "WOO_USD",
      "m" : "4611686018430038178"
    }, {
      "d" : "1756438805183254592",
      "t" : 1756438805183,
      "tn" : 1756438805183254592,
      "q" : "477",
      "p" : "0.07106",
      "s" : "sell",
      "i" : "WOO_USD",
      "m" : "4611686018430038177"
    }, {
      "d" : "1756438504559643286",
      "t" : 1756438504559,
      "tn" : 1756438504559643286,
      "q" : "477",
      "p" : "0.07072",
      "s" : "sell",
      "i" : "WOO_USD",
      "m" : "4611686018430038176"
    }, {
      "d" : "1756438204567016013",
      "t" : 1756438204567,
      "tn" : 1756438204567016013,
      "q" : "477",
      "p" : "0.07082",
      "s" : "sell",
      "i" : "WOO_USD",
      "m" : "4611686018430038175"
    }, {
      "d" : "1756437920644773167",
      "t" : 1756437920644,
      "tn" : 1756437920644773167,
      "q" : "477",
      "p" : "0.07084",
      "s" : "sell",
      "i" : "WOO_USD",
      "m" : "4611686018430038174"
    }, {
      "d" : "1756422164789390155",
      "t" : 1756422164789,
      "tn" : 1756422164789390155,
      "q" : "4542",
      "p" : "0.07279",
      "s" : "buy",
      "i" : "WOO_USD",
      "m" : "4611686018430038173"
    }, {
      "d" : "1756421990905504511",
      "t" : 1756421990905,
      "tn" : 1756421990905504511,
      "q" : "211",
      "p" : "0.07268",
      "s" : "sell",
      "i" : "WOO_USD",
      "m" : "4611686018430038172"
    }, {
      "d" : "1756421990902539640",
      "t" : 1756421990902,
      "tn" : 1756421990902539640,
      "q" : "1127",
      "p" : "0.07268",
      "s" : "buy",
      "i" : "WOO_USD",
      "m" : "4611686018430038171"
    }, {
      "d" : "1756399936335998037",
      "t" : 1756399936335,
      "tn" : 1756399936335998037,
      "q" : "563",
      "p" : "0.07145",
      "s" : "sell",
      "i" : "WOO_USD",
      "m" : "4611686018430038170"
    }, {
      "d" : "1756399921309690132",
      "t" : 1756399921309,
      "tn" : 1756399921309690132,
      "q" : "564",
      "p" : "0.07145",
      "s" : "sell",
      "i" : "WOO_USD",
      "m" : "4611686018430038169"
    }, {
      "d" : "1756392383713652227",
      "t" : 1756392383713,
      "tn" : 1756392383713652227,
      "q" : "1300",
      "p" : "0.07339",
      "s" : "buy",
      "i" : "WOO_USD",
      "m" : "4611686018430038168"
    }, {
      "d" : "1756389511167541568",
      "t" : 1756389511167,
      "tn" : 1756389511167541568,
      "q" : "424",
      "p" : "0.07271",
      "s" : "sell",
      "i" : "WOO_USD",
      "m" : "4611686018430038167"
    }, {
      "d" : "1756389511165931127",
      "t" : 1756389511165,
      "tn" : 1756389511165931127,
      "q" : "550",
      "p" : "0.07271",
      "s" : "sell",
      "i" : "WOO_USD",
      "m" : "4611686018430038166"
    }, {
      "d" : "1756389511161122769",
      "t" : 1756389511161,
      "tn" : 1756389511161122769,
      "q" : "771",
      "p" : "0.07271",
      "s" : "buy",
      "i" : "WOO_USD",
      "m" : "4611686018430038165"
    }, {
      "d" : "1756386075188475380",
      "t" : 1756386075188,
      "tn" : 1756386075188475380,
      "q" : "771",
      "p" : "0.07152",
      "s" : "sell",
      "i" : "WOO_USD",
      "m" : "4611686018430038164"
    }, {
      "d" : "1756385623630520846",
      "t" : 1756385623630,
      "tn" : 1756385623630520846,
      "q" : "486",
      "p" : "0.07249",
      "s" : "buy",
      "i" : "WOO_USD",
      "m" : "4611686018430038163"
    }, {
      "d" : "1756385623630518773",
      "t" : 1756385623630,
      "tn" : 1756385623630518773,
      "q" : "644",
      "p" : "0.07248",
      "s" : "buy",
      "i" : "WOO_USD",
      "m" : "4611686018430038162"
    }, {
      "d" : "1756383322072642843",
      "t" : 1756383322072,
      "tn" : 1756383322072642843,
      "q" : "398",
      "p" : "0.07150",
      "s" : "sell",
      "i" : "WOO_USD",
      "m" : "4611686018430038161"
    }, {
      "d" : "1756382914297244144",
      "t" : 1756382914297,
      "tn" : 1756382914297244144,
      "q" : "1130",
      "p" : "0.07259",
      "s" : "buy",
      "i" : "WOO_USD",
      "m" : "4611686018430038160"
    }, {
      "d" : "1756382712782296910",
      "t" : 1756382712782,
      "tn" : 1756382712782296910,
      "q" : "1130",
      "p" : "0.07249",
      "s" : "buy",
      "i" : "WOO_USD",
      "m" : "4611686018430038159"
    }, {
      "d" : "1756382510321101096",
      "t" : 1756382510321,
      "tn" : 1756382510321101096,
      "q" : "1130",
      "p" : "0.07239",
      "s" : "buy",
      "i" : "WOO_USD",
      "m" : "4611686018430038158"
    }, {
      "d" : "1756381455985069312",
      "t" : 1756381455985,
      "tn" : 1756381455985069312,
      "q" : "5397",
      "p" : "0.07239",
      "s" : "buy",
      "i" : "WOO_USD",
      "m" : "4611686018430038157"
    }, {
      "d" : "1756377684870880419",
      "t" : 1756377684870,
      "tn" : 1756377684870880419,
      "q" : "54",
      "p" : "0.07229",
      "s" : "sell",
      "i" : "WOO_USD",
      "m" : "4611686018430038156"
    }, {
      "d" : "1756377684864256155",
      "t" : 1756377684864,
      "tn" : 1756377684864256155,
      "q" : "240",
      "p" : "0.07229",
      "s" : "sell",
      "i" : "WOO_USD",
      "m" : "4611686018430038155"
    }, {
      "d" : "1756377684854502345",
      "t" : 1756377684854,
      "tn" : 1756377684854502345,
      "q" : "240",
      "p" : "0.07229",
      "s" : "sell",
      "i" : "WOO_USD",
      "m" : "4611686018430038154"
    }, {
      "d" : "1756377684832028394",
      "t" : 1756377684832,
      "tn" : 1756377684832028394,
      "q" : "9802",
      "p" : "0.07229",
      "s" : "buy",
      "i" : "WOO_USD",
      "m" : "4611686018430038153"
    } ]
  }
}