{
  "id" : -1,
  "method" : "public/get-trades",
  "code" : 0,
  "result" : {
    "data" : [ {
      "d" : "1756462982978568254",
      "t" : 1756462982978,
      "tn" : 1756462982978568254,
      "q" : "1",
      "p" : "0.091009",
      "s" : "buy",
      "i" : "WUSD-PERP",
      "m" : "4611686018428336325"
    }, {
      "d" : "1756462937738610018",
      "t" : 1756462937738,
      "tn" : 1756462937738610018,
      "q" : "1",
      "p" : "0.090898",
      "s" : "buy",
      "i" : "WUSD-PERP",
      "m" : "4611686018428336324"
    }, {
      "d" : "1756462915758685711",
      "t" : 1756462915758,
      "tn" : 1756462915758685711,
      "q" : "1",
      "p" : "0.091279",
      "s" : "buy",
      "i" : "WUSD-PERP",
      "m" : "4611686018428336323"
    }, {
      "d" : "1756462864738741516",
      "t" : 1756462864738,
      "tn" : 1756462864738741516,
      "q" : "1",
      "p" : "0.091765",
      "s" : "buy",
      "i" : "WUSD-PERP",
      "m" : "4611686018428336322"
    }, {
      "d" : "1756461382698083090",
      "t" : 1756461382698,
      "tn" : 1756461382698083090,
      "q" : "1",
      "p" : "0.089101",
      "s" : "buy",
      "i" : "WUSD-PERP",
      "m" : "4611686018428336321"
    }, {
      "d" : "1756458721766059271",
      "t" : 1756458721766,
      "tn" : 1756458721766059271,
      "q" : "1",
      "p" : "0.087490",
      "s" : "buy",
      "i" : "WUSD-PERP",
      "m" : "4611686018428336320"
    }, {
      "d" : "1756457766249505927",
      "t" : 1756457766249,
      "tn" : 1756457766249505927,
      "q" : "1",
      "p" : "0.087555",
      "s" : "buy",
      "i" : "WUSD-PERP",
      "m" : "4611686018428336319"
    }, {
      "d" : "1756457686202947650",
      "t" : 1756457686202,
      "tn" : 1756457686202947650,
      "q" : "10321",
      "p" : "0.088452",
      "s" : "buy",
      "i" : "WUSD-PERP",
      "m" : "4611686018428336318"
    }, {
      "d" : "1756457686202945822",
      "t" : 1756457686202,
      "tn" : 1756457686202945822,
      "q" : "8783",
      "p" : "0.088450",
      "s" : "buy",
      "i" : "WUSD-PERP",
      "m" : "4611686018428336317"
    }, {
      "d" : "1756457686202942572",
      "t" : 1756457686202,
      "tn" : 1756457686202942572,
      "q" : "1",
      "p" : "0.088245",
      "s" : "buy",
      "i" : "WUSD-PERP",
      "m" : "4611686018428336316"
    }, {
      "d" : "1756457686202940112",
      "t" : 1756457686202,
      "tn" : 1756457686202940112,
      "q" : "1",
      "p" : "0.088201",
      "s" : "buy",
      "i" : "WUSD-PERP",
      "m" : "4611686018428336315"
    }, {
      "d" : "1756457668553947969",
      "t" : 1756457668553,
      "tn" : 1756457668553947969,
      "q" : "1",
      "p" : "0.088136",
      "s" : "buy",
      "i" : "WUSD-PERP",
      "m" : "4611686018428336314"
    }, {
      "d" : "1756457310562521806",
      "t" : 1756457310562,
      "tn" : 1756457310562521806,
      "q" : "1",
      "p" : "0.088480",
      "s" : "buy",
      "i" : "WUSD-PERP",
      "m" : "4611686018428336313"
    }, {
      "d" : "1756457052624501662",
      "t" : 1756457052624,
      "tn" : 1756457052624501662,
      "q" : "1",
      "p" : "0.088201",
      "s" : "buy",
      "i" : "WUSD-PERP",
      "m" : "4611686018428336312"
    }, {
      "d" : "1756456955217255101",
      "t" : 1756456955217,
      "tn" : 1756456955217255101,
      "q" : "1",
      "p" : "0.088309",
      "s" : "buy",
      "i" : "WUSD-PERP",
      "m" : "4611686018428336311"
    }, {
      "d" : "1756456947947165353",
      "t" : 1756456947947,
      "tn" : 1756456947947165353,
      "q" : "2256",
      "p" : "0.088650",
      "s" : "sell",
      "i" : "WUSD-PERP",
      "m" : "4611686018428336310"
    }, {
      "d" : "1756456947947163426",
      "t" : 1756456947947,
      "tn" : 1756456947947163426,
      "q" : "2255",
      "p" : "0.088668",
      "s" : "sell",
      "i" : "WUSD-PERP",
      "m" : "4611686018428336309"
    }, {
      "d" : "1756456947947161392",
      "t" : 1756456947947,
      "tn" : 1756456947947161392,
      "q" : "1",
      "p" : "0.088819",
      "s" : "sell",
      "i" : "WUSD-PERP",
      "m" : "4611686018428336308"
    }, {
      "d" : "1756456947947159256",
      "t" : 1756456947947,
      "tn" : 1756456947947159256,
      "q" : "1",
      "p" : "0.088821",
      "s" : "sell",
      "i" : "WUSD-PERP",
      "m" : "4611686018428336307"
    }, {
      "d" : "1756456013914010636",
      "t" : 1756456013914,
      "tn" : 1756456013914010636,
      "q" : "2252",
      "p" : "0.088794",
      "s" : "sell",
      "i" : "WUSD-PERP",
      "m" : "4611686018428336306"
    }, {
      "d" : "1756456013914009118",
      "t" : 1756456013914,
      "tn" : 1756456013914009118,
      "q" : "2251",
      "p" : "0.088812",
      "s" : "sell",
      "i" : "WUSD-PERP",
      "m" : "4611686018428336305"
    }, {
      "d" : "1756456013911708863",
      "t" : 1756456013911,
      "tn" : 1756456013911708863,
      "q" : "1",
      "p" : "0.088870",
      "s" : "sell",
      "i" : "WUSD-PERP",
      "m" : "4611686018428336304"
    }, {
      "d" : "1756456013911706572",
      "t" : 1756456013911,
      "tn" : 1756456013911706572,
      "q" : "1",
      "p" : "0.088884",
      "s" : "sell",
      "i" : "WUSD-PERP",
      "m" : "4611686018428336303"
    }, {
      "d" : "1756455865701534966",
      "t" : 1756455865701,
      "tn" : 1756455865701534966,
      "q" : "1",
      "p" : "0.088217",
      "s" : "buy",
      "i" : "WUSD-PERP",
      "m" : "4611686018428336302"
    }, {
      "d" : "1756455512485945882",
      "t" : 1756455512485,
      "tn" : 1756455512485945882,
      "q" : "1",
      "p" : "0.088939",
      "s" : "buy",
      "i" : "WUSD-PERP",
      "m" : "4611686018428336301"
    }, {
      "d" : "1756454761823416065",
      "t" : 1756454761823,
      "tn" : 1756454761823416065,
      "q" : "1",
      "p" : "0.089002",
      "s" : "buy",
      "i" : "WUSD-PERP",
      "m" : "4611686018428336300"
    }, {
      "d" : "1756454660196503960",
      "t" : 1756454660196,
      "tn" : 1756454660196503960,
      "q" : "1",
      "p" : "0.089524",
      "s" : "buy",
      "i" : "WUSD-PERP",
      "m" : "4611686018428336299"
    }, {
      "d" : "1756454607463613579",
      "t" : 1756454607463,
      "tn" : 1756454607463613579,
      "q" : "1",
      "p" : "0.089478",
      "s" : "buy",
      "i" : "WUSD-PERP",
      "m" : "4611686018428336298"
    }, {
      "d" : "1756454607079374779",
      "t" : 1756454607079,
      "tn" : 1756454607079374779,
      "q" : "1",
      "p" : "0.089497",
      "s" : "buy",
      "i" : "WUSD-PERP",
      "m" : "4611686018428336297"
    }, {
      "d" : "1756454606593526950",
      "t" : 1756454606593,
      "tn" : 1756454606593526950,
      "q" : "1",
      "p" : "0.089488",
      "s" : "buy",
      "i" : "WUSD-PERP",
      "m" : "4611686018428336296"
    }, {
      "d" : "1756454599639861766",
      "t" : 1756454599639,
      "tn" : 1756454599639861766,
      "q" : "1",
      "p" : "0.089524",
      "s" : "buy",
      "i" : "WUSD-PERP",
      "m" : "4611686018428336295"
    }, {
      "d" : "1756454599093489334",
      "t" : 1756454599093,
      "tn" : 1756454599093489334,
      "q" : "1",
      "p" : "0.089614",
      "s" : "buy",
      "i" : "WUSD-PERP",
      "m" : "4611686018428336294"
    }, {
      "d" : "1756454598429220236",
      "t" : 1756454598429,
      "tn" : 1756454598429220236,
      "q" : "1",
      "p" : "0.089623",
      "s" : "buy",
      "i" : "WUSD-PERP",
      "m" : "4611686018428336293"
    }, {
      "d" : "1756454597483900332",
      "t" : 1756454597483,
      "tn" : 1756454597483900332,
      "q" : "1",
      "p" : "0.089623",
      "s" : "buy",
      "i" : "WUSD-PERP",
      "m" : "4611686018428336292"
    }, {
      "d" : "1756454596624725211",
      "t" : 1756454596624,
      "tn" : 1756454596624725211,
      "q" : "1",
      "p" : "0.089623",
      "s" : "buy",
      "i" : "WUSD-PERP",
      "m" : "4611686018428336291"
    }, {
      "d" : "1756454596113323704",
      "t" : 1756454596113,
      "tn" : 1756454596113323704,
      "q" : "1",
      "p" : "0.089623",
      "s" : "buy",
      "i" : "WUSD-PERP",
      "m" : "4611686018428336290"
    }, {
      "d" : "1756454579755771283",
      "t" : 1756454579755,
      "tn" : 1756454579755771283,
      "q" : "1",
      "p" : "0.089569",
      "s" : "buy",
      "i" : "WUSD-PERP",
      "m" : "4611686018428336289"
    }, {
      "d" : "1756454577576946580",
      "t" : 1756454577576,
      "tn" : 1756454577576946580,
      "q" : "1",
      "p" : "0.089587",
      "s" : "buy",
      "i" : "WUSD-PERP",
      "m" : "4611686018428336288"
    }, {
      "d" : "1756454484765954669",
      "t" : 1756454484765,
      "tn" : 1756454484765954669,
      "q" : "1",
      "p" : "0.089047",
      "s" : "buy",
      "i" : "WUSD-PERP",
      "m" : "4611686018428336287"
    }, {
      "d" : "1756454484368324081",
      "t" : 1756454484368,
      "tn" : 1756454484368324081,
      "q" : "1",
      "p" : "0.089056",
      "s" : "buy",
      "i" : "WUSD-PERP",
      "m" : "4611686018428336286"
    }, {
      "d" : "1756454465237623379",
      "t" : 1756454465237,
      "tn" : 1756454465237623379,
      "q" : "1",
      "p" : "0.088876",
      "s" : "buy",
      "i" : "WUSD-PERP",
      "m" : "4611686018428336285"
    }, {
      "d" : "1756454463847562301",
      "t" : 1756454463847,
      "tn" : 1756454463847562301,
      "q" : "1",
      "p" : "0.088885",
      "s" : "buy",
      "i" : "WUSD-PERP",
      "m" : "4611686018428336284"
    }, {
      "d" : "1756454450964098300",
      "t" : 1756454450964,
      "tn" : 1756454450964098300,
      "q" : "1",
      "p" : "0.088744",
      "s" : "buy",
      "i" : "WUSD-PERP",
      "m" : "4611686018428336283"
    }, {
      "d" : "1756453180857224321",
      "t" : 1756453180857,
      "tn" : 1756453180857224321,
      "q" : "560",
      "p" : "0.089190",
      "s" : "buy",
      "i" : "WUSD-PERP",
      "m" : "4611686018428336282"
    }, {
      "d" : "1756452736727866668",
      "t" : 1756452736727,
      "tn" : 1756452736727866668,
      "q" : "1",
      "p" : "0.090144",
      "s" : "sell",
      "i" : "WUSD-PERP",
      "m" : "4611686018428336281"
    }, {
      "d" : "1756452715774942785",
      "t" : 1756452715774,
      "tn" : 1756452715774942785,
      "q" : "1",
      "p" : "0.090099",
      "s" : "sell",
      "i" : "WUSD-PERP",
      "m" : "4611686018428336280"
    }, {
      "d" : "1756452703994210752",
      "t" : 1756452703994,
      "tn" : 1756452703994210752,
      "q" : "1",
      "p" : "0.089774",
      "s" : "sell",
      "i" : "WUSD-PERP",
      "m" : "4611686018428336279"
    }, {
      "d" : "1756452696944684472",
      "t" : 1756452696944,
      "tn" : 1756452696944684472,
      "q" : "1",
      "p" : "0.089793",
      "s" : "sell",
      "i" : "WUSD-PERP",
      "m" : "4611686018428336278"
    }, {
      "d" : "1756452678300891893",
      "t" : 1756452678300,
      "tn" : 1756452678300891893,
      "q" : "1",
      "p" : "0.089676",
      "s" : "sell",
      "i" : "WUSD-PERP",
      "m" : "4611686018428336277"
    }, {
      "d" : "1756452669284142500",
      "t" : 1756452669284,
      "tn" : 1756452669284142499,
      "q" : "1",
      "p" : "0.089604",
      "s" : "sell",
      "i" : "WUSD-PERP",
      "m" : "4611686018428336276"
    }, {
      "d" : "1756452645778905690",
      "t" : 1756452645778,
      "tn" : 1756452645778905690,
      "q" : "1",
      "p" : "0.089820",
      "s" : "sell",
      "i" : "WUSD-PERP",
      "m" : "4611686018428336275"
    }, {
      "d" : "1756452641995311243",
      "t" : 1756452641995,
      "tn" : 1756452641995311243,
      "q" : "1",
      "p" : "0.089648",
      "s" : "sell",
      "i" : "WUSD-PERP",
      "m" : "4611686018428336274"
    }, {
      "d" : "1756452641995309049",
      "t" : 1756452641995,
      "tn" : 1756452641995309049,
      "q" : "1",
      "p" : "0.089649",
      "s" : "sell",
      "i" : "WUSD-PERP",
      "m" : "4611686018428336273"
    }, {
      "d" : "1756452639237060633",
      "t" : 1756452639237,
      "tn" : 1756452639237060633,
      "q" : "1",
      "p" : "0.089622",
      "s" : "sell",
      "i" : "WUSD-PERP",
      "m" : "4611686018428336272"
    }, {
      "d" : "1756452637269965798",
      "t" : 1756452637269,
      "tn" : 1756452637269965798,
      "q" : "1",
      "p" : "0.089334",
      "s" : "sell",
      "i" : "WUSD-PERP",
      "m" : "4611686018428336271"
    }, {
      "d" : "1756452625562752250",
      "t" : 1756452625562,
      "tn" : 1756452625562752250,
      "q" : "1",
      "p" : "0.089343",
      "s" : "sell",
      "i" : "WUSD-PERP",
      "m" : "4611686018428336270"
    }, {
      "d" : "1756452617987172578",
      "t" : 1756452617987,
      "tn" : 1756452617987172578,
      "q" : "1",
      "p" : "0.089457",
      "s" : "sell",
      "i" : "WUSD-PERP",
      "m" : "4611686018428336269"
    }, {
      "d" : "1756452617987169800",
      "t" : 1756452617987,
      "tn" : 1756452617987169800,
      "q" : "1",
      "p" : "0.089477",
      "s" : "sell",
      "i" : "WUSD-PERP",
      "m" : "4611686018428336268"
    }, {
      "d" : "1756452602630180094",
      "t" : 1756452602630,
      "tn" : 1756452602630180094,
      "q" : "1",
      "p" : "0.089316",
      "s" : "sell",
      "i" : "WUSD-PERP",
      "m" : "4611686018428336267"
    }, {
      "d" : "1756452596739258722",
      "t" : 1756452596739,
      "tn" : 1756452596739258722,
      "q" : "1",
      "p" : "0.089253",
      "s" : "sell",
      "i" : "WUSD-PERP",
      "m" : "4611686018428336266"
    }, {
      "d" : "1756452588740883663",
      "t" : 1756452588740,
      "tn" : 1756452588740883663,
      "q" : "1",
      "p" : "0.089271",
      "s" : "sell",
      "i" : "WUSD-PERP",
      "m" : "4611686018428336265"
    }, {
      "d" : "1756452584368637381",
      "t" : 1756452584368,
      "tn" : 1756452584368637381,
      "q" : "1",
      "p" : "0.089298",
      "s" : "sell",
      "i" : "WUSD-PERP",
      "m" : "4611686018428336264"
    }, {
      "d" : "1756452578570994812",
      "t" : 1756452578570,
      "tn" : 1756452578570994812,
      "q" : "1",
      "p" : "0.089298",
      "s" : "sell",
      "i" : "WUSD-PERP",
      "m" : "4611686018428336263"
    }, {
      "d" : "1756452578068786215",
      "t" : 1756452578068,
      "tn" : 1756452578068786215,
      "q" : "1",
      "p" : "0.089352",
      "s" : "sell",
      "i" : "WUSD-PERP",
      "m" : "4611686018428336262"
    }, {
      "d" : "1756452576485819338",
      "t" : 1756452576485,
      "tn" : 1756452576485819338,
      "q" : "1",
      "p" : "0.089379",
      "s" : "sell",
      "i" : "WUSD-PERP",
      "m" : "4611686018428336261"
    }, {
      "d" : "1756452572548592214",
      "t" : 1756452572548,
      "tn" : 1756452572548592214,
      "q" : "1",
      "p" : "0.089433",
      "s" : "sell",
      "i" : "WUSD-PERP",
      "m" : "4611686018428336260"
    }, {
      "d" : "1756452571624730182",
      "t" : 1756452571624,
      "tn" : 1756452571624730182,
      "q" : "1",
      "p" : "0.089437",
      "s" : "sell",
      "i" : "WUSD-PERP",
      "m" : "4611686018428336259"
    }, {
      "d" : "1756452571624727155",
      "t" : 1756452571624,
      "tn" : 1756452571624727155,
      "q" : "1",
      "p" : "0.089451",
      "s" : "sell",
      "i" : "WUSD-PERP",
      "m" : "4611686018428336258"
    }, {
      "d" : "1756452557400224156",
      "t" : 1756452557400,
      "tn" : 1756452557400224156,
      "q" : "1",
      "p" : "0.089388",
      "s" : "sell",
      "i" : "WUSD-PERP",
      "m" : "4611686018428336257"
    }, {
      "d" : "1756452544505768132",
      "t" : 1756452544505,
      "tn" : 1756452544505768132,
      "q" : "1",
      "p" : "0.089415",
      "s" : "sell",
      "i" : "WUSD-PERP",
      "m" : "4611686018428336256"
    }, {
      "d" : "1756452542666743618",
      "t" : 1756452542666,
      "tn" : 1756452542666743618,
      "q" : "1",
      "p" : "0.089468",
      "s" : "sell",
      "i" : "WUSD-PERP",
      "m" : "4611686018428336255"
    }, {
      "d" : "1756452542666741145",
      "t" : 1756452542666,
      "tn" : 1756452542666741145,
      "q" : "1",
      "p" : "0.089487",
      "s" : "sell",
      "i" : "WUSD-PERP",
      "m" : "4611686018428336254"
    }, {
      "d" : "1756452541855712520",
      "t" : 1756452541855,
      "tn" : 1756452541855712520,
      "q" : "1",
      "p" : "0.089598",
      "s" : "sell",
      "i" : "WUSD-PERP",
      "m" : "4611686018428336253"
    }, {
      "d" : "1756452541855710546",
      "t" : 1756452541855,
      "tn" : 1756452541855710546,
      "q" : "1",
      "p" : "0.089613",
      "s" : "sell",
      "i" : "WUSD-PERP",
      "m" : "4611686018428336252"
    }, {
      "d" : "1756452535614569255",
      "t" : 1756452535614,
      "tn" : 1756452535614569255,
      "q" : "1",
      "p" : "0.089588",
      "s" : "sell",
      "i" : "WUSD-PERP",
      "m" : "4611686018428336251"
    }, {
      "d" : "1756452535614566588",
      "t" : 1756452535614,
      "tn" : 1756452535614566588,
      "q" : "1",
      "p" : "0.089604",
      "s" : "sell",
      "i" : "WUSD-PERP",
      "m" : "4611686018428336250"
    }, {
      "d" : "1756452534057390859",
      "t" : 1756452534057,
      "tn" : 1756452534057390859,
      "q" : "1",
      "p" : "0.089667",
      "s" : "sell",
      "i" : "WUSD-PERP",
      "m" : "4611686018428336249"
    }, {
      "d" : "1756452528473319107",
      "t" : 1756452528473,
      "tn" : 1756452528473319107,
      "q" : "1",
      "p" : "0.089658",
      "s" : "sell",
      "i" : "WUSD-PERP",
      "m" : "4611686018428336248"
    }, {
      "d" : "1756452525640776750",
      "t" : 1756452525640,
      "tn" : 1756452525640776750,
      "q" : "1",
      "p" : "0.089658",
      "s" : "sell",
      "i" : "WUSD-PERP",
      "m" : "4611686018428336247"
    }, {
      "d" : "1756452508030756819",
      "t" : 1756452508030,
      "tn" : 1756452508030756819,
      "q" : "1",
      "p" : "0.089658",
      "s" : "sell",
      "i" : "WUSD-PERP",
      "m" : "4611686018428336246"
    }, {
      "d" : "1756452498498134708",
      "t" : 1756452498498,
      "tn" : 1756452498498134708,
      "q" : "1",
      "p" : "0.089676",
      "s" : "sell",
      "i" : "WUSD-PERP",
      "m" : "4611686018428336245"
    }, {
      "d" : "1756452496276844120",
      "t" : 1756452496276,
      "tn" : 1756452496276844120,
      "q" : "1",
      "p" : "0.089699",
      "s" : "sell",
      "i" : "WUSD-PERP",
      "m" : "4611686018428336244"
    }, {
      "d" : "1756452496276841312",
      "t" : 1756452496276,
      "tn" : 1756452496276841312,
      "q" : "1",
      "p" : "0.089712",
      "s" : "sell",
      "i" : "WUSD-PERP",
      "m" : "4611686018428336243"
    }, {
      "d" : "1756452491435207343",
      "t" : 1756452491435,
      "tn" : 1756452491435207343,
      "q" : "1",
      "p" : "0.089658",
      "s" : "sell",
      "i" : "WUSD-PERP",
      "m" : "4611686018428336242"
    }, {
      "d" : "1756452486853101802",
      "t" : 1756452486853,
      "tn" : 1756452486853101802,
      "q" : "1",
      "p" : "0.089730",
      "s" : "sell",
      "i" : "WUSD-PERP",
      "m" : "4611686018428336241"
    }, {
      "d" : "1756452482843051232",
      "t" : 1756452482843,
      "tn" : 1756452482843051232,
      "q" : "1",
      "p" : "0.089685",
      "s" : "sell",
      "i" : "WUSD-PERP",
      "m" : "4611686018428336240"
    }, {
      "d" : "1756452458967938459",
      "t" : 1756452458967,
      "tn" : 1756452458967938459,
      "q" : "1",
      "p" : "0.089559",
      "s" : "sell",
      "i" : "WUSD-PERP",
      "m" : "4611686018428336239"
    }, {
      "d" : "1756452457705838957",
      "t" : 1756452457705,
      "tn" : 1756452457705838957,
      "q" : "1",
      "p" : "0.089626",
      "s" : "sell",
      "i" : "WUSD-PERP",
      "m" : "4611686018428336238"
    }, {
      "d" : "1756452457705836624",
      "t" : 1756452457705,
      "tn" : 1756452457705836624,
      "q" : "1",
      "p" : "0.089640",
      "s" : "sell",
      "i" : "WUSD-PERP",
      "m" : "4611686018428336237"
    }, {
      "d" : "1756452454428691948",
      "t" : 1756452454428,
      "tn" : 1756452454428691948,
      "q" : "1",
      "p" : "0.089640",
      "s" : "sell",
      "i" : "WUSD-PERP",
      "m" : "4611686018428336236"
    }, {
      "d" : "1756452452195791297",
      "t" : 1756452452195,
      "tn" : 1756452452195791297,
      "q" : "1",
      "p" : "0.089649",
      "s" : "sell",
      "i" : "WUSD-PERP",
      "m" : "4611686018428336235"
    }, {
      "d" : "1756452452195788469",
      "t" : 1756452452195,
      "tn" : 1756452452195788469,
      "q" : "1",
      "p" : "0.089658",
      "s" : "sell",
      "i" : "WUSD-PERP",
      "m" : "4611686018428336234"
    }, {
      "d" : "1756452445070631081",
      "t" : 1756452445070,
      "tn" : 1756452445070631081,
      "q" : "1",
      "p" : "0.089586",
      "s" : "sell",
      "i" : "WUSD-PERP",
      "m" : "4611686018428336233"
    }, {
      "d" : "1756452444225768520",
      "t" : 1756452444225,
      "tn" : 1756452444225768520,
      "q" : "1",
      "p" : "0.089604",
      "s" : "sell",
      "i" : "WUSD-PERP",
      "m" : "4611686018428336232"
    }, {
      "d" : "1756452443721757792",
      "t" : 1756452443721,
      "tn" : 1756452443721757792,
      "q" : "1",
      "p" : "0.089676",
      "s" : "sell",
      "i" : "WUSD-PERP",
      "m" : "4611686018428336231"
    }, {
      "d" : "1756452442923265331",
      "t" : 1756452442923,
      "tn" : 1756452442923265331,
      "q" : "1",
      "p" : "0.089709",
      "s" : "sell",
      "i" : "WUSD-PERP",
      "m" : "4611686018428336230"
    }, {
      "d" : "1756452442923262512",
      "t" : 1756452442923,
      "tn" : 1756452442923262512,
      "q" : "1",
      "p" : "0.089730",
      "s" : "sell",
      "i" : "WUSD-PERP",
      "m" : "4611686018428336229"
    }, {
      "d" : "1756452442439823828",
      "t" : 1756452442439,
      "tn" : 1756452442439823828,
      "q" : "1",
      "p" : "0.089802",
      "s" : "sell",
      "i" : "WUSD-PERP",
      "m" : "4611686018428336228"
    }, {
      "d" : "1756452433177776055",
      "t" : 1756452433177,
      "tn" : 1756452433177776055,
      "q" : "1",
      "p" : "0.089766",
      "s" : "sell",
      "i" : "WUSD-PERP",
      "m" : "4611686018428336227"
    }, {
      "d" : "1756452424094380464",
      "t" : 1756452424094,
      "tn" : 1756452424094380464,
      "q" : "1",
      "p" : "0.089685",
      "s" : "sell",
      "i" : "WUSD-PERP",
      "m" : "4611686018428336226"
    }, {
      "d" : "1756452421904968727",
      "t" : 1756452421904,
      "tn" : 1756452421904968727,
      "q" : "1",
      "p" : "0.089649",
      "s" : "sell",
      "i" : "WUSD-PERP",
      "m" : "4611686018428336225"
    }, {
      "d" : "1756452420815717123",
      "t" : 1756452420815,
      "tn" : 1756452420815717123,
      "q" : "1",
      "p" : "0.089429",
      "s" : "sell",
      "i" : "WUSD-PERP",
      "m" : "4611686018428336224"
    }, {
      "d" : "1756452420797000718",
      "t" : 1756452420797,
      "tn" : 1756452420797000718,
      "q" : "1",
      "p" : "0.089532",
      "s" : "sell",
      "i" : "WUSD-PERP",
      "m" : "4611686018428336223"
    }, {
      "d" : "1756452413539059187",
      "t" : 1756452413539,
      "tn" : 1756452413539059187,
      "q" : "1",
      "p" : "0.089568",
      "s" : "sell",
      "i" : "WUSD-PERP",
      "m" : "4611686018428336222"
    }, {
      "d" : "1756452411248934134",
      "t" : 1756452411248,
      "tn" : 1756452411248934134,
      "q" : "1",
      "p" : "0.089649",
      "s" : "sell",
      "i" : "WUSD-PERP",
      "m" : "4611686018428336221"
    }, {
      "d" : "1756452410737101011",
      "t" : 1756452410737,
      "tn" : 1756452410737101011,
      "q" : "1",
      "p" : "0.089685",
      "s" : "sell",
      "i" : "WUSD-PERP",
      "m" : "4611686018428336220"
    }, {
      "d" : "1756452410167075171",
      "t" : 1756452410167,
      "tn" : 1756452410167075171,
      "q" : "1",
      "p" : "0.089757",
      "s" : "sell",
      "i" : "WUSD-PERP",
      "m" : "4611686018428336219"
    }, {
      "d" : "1756452405499062789",
      "t" : 1756452405499,
      "tn" : 1756452405499062789,
      "q" : "1",
      "p" : "0.089730",
      "s" : "sell",
      "i" : "WUSD-PERP",
      "m" : "4611686018428336218"
    }, {
      "d" : "1756452405499060014",
      "t" : 1756452405499,
      "tn" : 1756452405499060014,
      "q" : "1",
      "p" : "0.089748",
      "s" : "sell",
      "i" : "WUSD-PERP",
      "m" : "4611686018428336217"
    }, {
      "d" : "1756452397883325544",
      "t" : 1756452397883,
      "tn" : 1756452397883325544,
      "q" : "1",
      "p" : "0.089747",
      "s" : "sell",
      "i" : "WUSD-PERP",
      "m" : "4611686018428336216"
    }, {
      "d" : "1756452386294805191",
      "t" : 1756452386294,
      "tn" : 1756452386294805191,
      "q" : "1",
      "p" : "0.089694",
      "s" : "sell",
      "i" : "WUSD-PERP",
      "m" : "4611686018428336215"
    }, {
      "d" : "1756452384273922771",
      "t" : 1756452384273,
      "tn" : 1756452384273922771,
      "q" : "1",
      "p" : "0.089757",
      "s" : "sell",
      "i" : "WUSD-PERP",
      "m" : "4611686018428336214"
    }, {
      "d" : "1756452360124021890",
      "t" : 1756452360124,
      "tn" : 1756452360124021890,
      "q" : "1",
      "p" : "0.089667",
      "s" : "sell",
      "i" : "WUSD-PERP",
      "m" : "4611686018428336213"
    }, {
      "d" : "1756452357488136382",
      "t" : 1756452357488,
      "tn" : 1756452357488136382,
      "q" : "1",
      "p" : "0.089649",
      "s" : "sell",
      "i" : "WUSD-PERP",
      "m" : "4611686018428336212"
    }, {
      "d" : "1756452354599784601",
      "t" : 1756452354599,
      "tn" : 1756452354599784601,
      "q" : "1",
      "p" : "0.089686",
      "s" : "sell",
      "i" : "WUSD-PERP",
      "m" : "4611686018428336211"
    }, {
      "d" : "1756452352538638839",
      "t" : 1756452352538,
      "tn" : 1756452352538638839,
      "q" : "1",
      "p" : "0.089739",
      "s" : "sell",
      "i" : "WUSD-PERP",
      "m" : "4611686018428336210"
    }, {
      "d" : "1756452349516907539",
      "t" : 1756452349516,
      "tn" : 1756452349516907539,
      "q" : "1",
      "p" : "0.089784",
      "s" : "sell",
      "i" : "WUSD-PERP",
      "m" : "4611686018428336209"
    }, {
      "d" : "1756452348034924421",
      "t" : 1756452348034,
      "tn" : 1756452348034924421,
      "q" : "1",
      "p" : "0.089820",
      "s" : "sell",
      "i" : "WUSD-PERP",
      "m" : "4611686018428336208"
    }, {
      "d" : "1756452347398752174",
      "t" : 1756452347398,
      "tn" : 1756452347398752174,
      "q" : "1",
      "p" : "0.089847",
      "s" : "sell",
      "i" : "WUSD-PERP",
      "m" : "4611686018428336207"
    }, {
      "d" : "1756452346487612929",
      "t" : 1756452346487,
      "tn" : 1756452346487612929,
      "q" : "1",
      "p" : "0.089937",
      "s" : "sell",
      "i" : "WUSD-PERP",
      "m" : "4611686018428336206"
    }, {
      "d" : "1756452344527011185",
      "t" : 1756452344527,
      "tn" : 1756452344527011185,
      "q" : "1",
      "p" : "0.089973",
      "s" : "sell",
      "i" : "WUSD-PERP",
      "m" : "4611686018428336205"
    }, {
      "d" : "1756452337593475812",
      "t" : 1756452337593,
      "tn" : 1756452337593475812,
      "q" : "1",
      "p" : "0.089766",
      "s" : "sell",
      "i" : "WUSD-PERP",
      "m" : "4611686018428336204"
    }, {
      "d" : "1756452332929929307",
      "t" : 1756452332929,
      "tn" : 1756452332929929307,
      "q" : "1",
      "p" : "0.089631",
      "s" : "sell",
      "i" : "WUSD-PERP",
      "m" : "4611686018428336203"
    }, {
      "d" : "1756452330212122474",
      "t" : 1756452330212,
      "tn" : 1756452330212122474,
      "q" : "1",
      "p" : "0.089721",
      "s" : "sell",
      "i" : "WUSD-PERP",
      "m" : "4611686018428336202"
    }, {
      "d" : "1756452326045903712",
      "t" : 1756452326045,
      "tn" : 1756452326045903712,
      "q" : "1",
      "p" : "0.089710",
      "s" : "sell",
      "i" : "WUSD-PERP",
      "m" : "4611686018428336201"
    }, {
      "d" : "1756452326045900682",
      "t" : 1756452326045,
      "tn" : 1756452326045900682,
      "q" : "1",
      "p" : "0.089721",
      "s" : "sell",
      "i" : "WUSD-PERP",
      "m" : "4611686018428336200"
    }, {
      "d" : "1756452320680918288",
      "t" : 1756452320680,
      "tn" : 1756452320680918288,
      "q" : "1",
      "p" : "0.089676",
      "s" : "sell",
      "i" : "WUSD-PERP",
      "m" : "4611686018428336199"
    }, {
      "d" : "1756452314969216845",
      "t" : 1756452314969,
      "tn" : 1756452314969216845,
      "q" : "1",
      "p" : "0.089748",
      "s" : "sell",
      "i" : "WUSD-PERP",
      "m" : "4611686018428336198"
    }, {
      "d" : "1756452310320521949",
      "t" : 1756452310320,
      "tn" : 1756452310320521949,
      "q" : "1",
      "p" : "0.089670",
      "s" : "sell",
      "i" : "WUSD-PERP",
      "m" : "4611686018428336197"
    }, {
      "d" : "1756452310320519466",
      "t" : 1756452310320,
      "tn" : 1756452310320519466,
      "q" : "1",
      "p" : "0.089685",
      "s" : "sell",
      "i" : "WUSD-PERP",
      "m" : "4611686018428336196"
    }, {
      "d" : "1756452308208104196",
      "t" : 1756452308208,
      "tn" : 1756452308208104196,
      "q" : "1",
      "p" : "0.089568",
      "s" : "sell",
      "i" : "WUSD-PERP",
      "m" : "4611686018428336195"
    }, {
      "d" : "1756452307105019002",
      "t" : 1756452307105,
      "tn" : 1756452307105019002,
      "q" : "1",
      "p" : "0.089631",
      "s" : "sell",
      "i" : "WUSD-PERP",
      "m" : "4611686018428336194"
    }, {
      "d" : "1756452306340081274",
      "t" : 1756452306340,
      "tn" : 1756452306340081274,
      "q" : "1",
      "p" : "0.089658",
      "s" : "sell",
      "i" : "WUSD-PERP",
      "m" : "4611686018428336193"
    }, {
      "d" : "1756452305510991561",
      "t" : 1756452305510,
      "tn" : 1756452305510991561,
      "q" : "1",
      "p" : "0.089694",
      "s" : "sell",
      "i" : "WUSD-PERP",
      "m" : "4611686018428336192"
    }, {
      "d" : "1756452304473708282",
      "t" : 1756452304473,
      "tn" : 1756452304473708282,
      "q" : "1",
      "p" : "0.089757",
      "s" : "sell",
      "i" : "WUSD-PERP",
      "m" : "4611686018428336191"
    }, {
      "d" : "1756452303108117376",
      "t" : 1756452303108,
      "tn" : 1756452303108117376,
      "q" : "1",
      "p" : "0.089811",
      "s" : "sell",
      "i" : "WUSD-PERP",
      "m" : "4611686018428336190"
    }, {
      "d" : "1756452298410609714",
      "t" : 1756452298410,
      "tn" : 1756452298410609714,
      "q" : "1",
      "p" : "0.089766",
      "s" : "sell",
      "i" : "WUSD-PERP",
      "m" : "4611686018428336189"
    }, {
      "d" : "1756452294855667199",
      "t" : 1756452294855,
      "tn" : 1756452294855667199,
      "q" : "1",
      "p" : "0.089784",
      "s" : "sell",
      "i" : "WUSD-PERP",
      "m" : "4611686018428336188"
    }, {
      "d" : "1756452293089313900",
      "t" : 1756452293089,
      "tn" : 1756452293089313900,
      "q" : "1",
      "p" : "0.089797",
      "s" : "sell",
      "i" : "WUSD-PERP",
      "m" : "4611686018428336187"
    }, {
      "d" : "1756452287951011690",
      "t" : 1756452287951,
      "tn" : 1756452287951011690,
      "q" : "1",
      "p" : "0.089897",
      "s" : "sell",
      "i" : "WUSD-PERP",
      "m" : "4611686018428336186"
    }, {
      "d" : "1756452287300216729",
      "t" : 1756452287300,
      "tn" : 1756452287300216729,
      "q" : "1",
      "p" : "0.089982",
      "s" : "sell",
      "i" : "WUSD-PERP",
      "m" : "4611686018428336185"
    }, {
      "d" : "1756452285353857336",
      "t" : 1756452285353,
      "tn" : 1756452285353857336,
      "q" : "1",
      "p" : "0.090087",
      "s" : "sell",
      "i" : "WUSD-PERP",
      "m" : "4611686018428336184"
    }, {
      "d" : "1756452274698158552",
      "t" : 1756452274698,
      "tn" : 1756452274698158552,
      "q" : "1",
      "p" : "0.090018",
      "s" : "sell",
      "i" : "WUSD-PERP",
      "m" : "4611686018428336183"
    }, {
      "d" : "1756452248986889606",
      "t" : 1756452248986,
      "tn" : 1756452248986889606,
      "q" : "1",
      "p" : "0.089811",
      "s" : "sell",
      "i" : "WUSD-PERP",
      "m" : "4611686018428336182"
    }, {
      "d" : "1756452233256430109",
      "t" : 1756452233256,
      "tn" : 1756452233256430109,
      "q" : "1",
      "p" : "0.089964",
      "s" : "sell",
      "i" : "WUSD-PERP",
      "m" : "4611686018428336181"
    }, {
      "d" : "1756452232425730279",
      "t" : 1756452232425,
      "tn" : 1756452232425730279,
      "q" : "1",
      "p" : "0.090000",
      "s" : "sell",
      "i" : "WUSD-PERP",
      "m" : "4611686018428336180"
    }, {
      "d" : "1756452231848346231",
      "t" : 1756452231848,
      "tn" : 1756452231848346231,
      "q" : "1",
      "p" : "0.090072",
      "s" : "sell",
      "i" : "WUSD-PERP",
      "m" : "4611686018428336179"
    }, {
      "d" : "1756452227397132130",
      "t" : 1756452227397,
      "tn" : 1756452227397132130,
      "q" : "1",
      "p" : "0.090054",
      "s" : "sell",
      "i" : "WUSD-PERP",
      "m" : "4611686018428336178"
    }, {
      "d" : "1756452218199885889",
      "t" : 1756452218199,
      "tn" : 1756452218199885889,
      "q" : "1",
      "p" : "0.089946",
      "s" : "sell",
      "i" : "WUSD-PERP",
      "m" : "4611686018428336177"
    }, {
      "d" : "1756452216159757688",
      "t" : 1756452216159,
      "tn" : 1756452216159757688,
      "q" : "1",
      "p" : "0.089870",
      "s" : "sell",
      "i" : "WUSD-PERP",
      "m" : "4611686018428336176"
    } ]
  }
}