{
  "id" : -1,
  "method" : "public/get-trades",
  "code" : 0,
  "result" : {
    "data" : [ {
      "d" : "1756454530095630610",
      "t" : 1756454530095,
      "tn" : 1756454530095630610,
      "q" : "634.1",
      "p" : "0.04739",
      "s" : "sell",
      "i" : "XAI_USD",
      "m" : "4611686018428499256"
    }, {
      "d" : "1756454530095628582",
      "t" : 1756454530095,
      "tn" : 1756454530095628582,
      "q" : "715.9",
      "p" : "0.04768",
      "s" : "sell",
      "i" : "XAI_USD",
      "m" : "4611686018428499255"
    }, {
      "d" : "1756433661316169299",
      "t" : 1756433661316,
      "tn" : 1756433661316169299,
      "q" : "38.7",
      "p" : "0.05116",
      "s" : "buy",
      "i" : "XAI_USD",
      "m" : "4611686018428499254"
    }, {
      "d" : "1756433654361484918",
      "t" : 1756433654361,
      "tn" : 1756433654361484918,
      "q" : "155.2",
      "p" : "0.05107",
      "s" : "buy",
      "i" : "XAI_USD",
      "m" : "4611686018428499253"
    }, {
      "d" : "1756433646296819606",
      "t" : 1756433646296,
      "tn" : 1756433646296819606,
      "q" : "298.1",
      "p" : "0.05114",
      "s" : "buy",
      "i" : "XAI_USD",
      "m" : "4611686018428499252"
    }, {
      "d" : "1756433646296817353",
      "t" : 1756433646296,
      "tn" : 1756433646296817353,
      "q" : "322.2",
      "p" : "0.05107",
      "s" : "buy",
      "i" : "XAI_USD",
      "m" : "4611686018428499251"
    }, {
      "d" : "1756433618474833495",
      "t" : 1756433618474,
      "tn" : 1756433618474833495,
      "q" : "2482.7",
      "p" : "0.05107",
      "s" : "buy",
      "i" : "XAI_USD",
      "m" : "4611686018428499250"
    }, {
      "d" : "1756429559505484274",
      "t" : 1756429559505,
      "tn" : 1756429559505484274,
      "q" : "194.1",
      "p" : "0.05136",
      "s" : "buy",
      "i" : "XAI_USD",
      "m" : "4611686018428499249"
    }, {
      "d" : "1756428452063092760",
      "t" : 1756428452063,
      "tn" : 1756428452063092760,
      "q" : "193.9",
      "p" : "0.05156",
      "s" : "buy",
      "i" : "XAI_USD",
      "m" : "4611686018428499248"
    }, {
      "d" : "1756415272071806158",
      "t" : 1756415272071,
      "tn" : 1756415272071806158,
      "q" : "2000.0",
      "p" : "0.05035",
      "s" : "buy",
      "i" : "XAI_USD",
      "m" : "4611686018428499247"
    }, {
      "d" : "1756390052823028596",
      "t" : 1756390052823,
      "tn" : 1756390052823028596,
      "q" : "26.0",
      "p" : "0.05167",
      "s" : "buy",
      "i" : "XAI_USD",
      "m" : "4611686018428499246"
    }, {
      "d" : "1756390028188599828",
      "t" : 1756390028188,
      "tn" : 1756390028188599828,
      "q" : "540.0",
      "p" : "0.05178",
      "s" : "buy",
      "i" : "XAI_USD",
      "m" : "4611686018428499245"
    }, {
      "d" : "1756379191907702391",
      "t" : 1756379191907,
      "tn" : 1756379191907702391,
      "q" : "197.0",
      "p" : "0.05076",
      "s" : "buy",
      "i" : "XAI_USD",
      "m" : "4611686018428499244"
    } ]
  }
}