{
  "id" : -1,
  "method" : "public/get-trades",
  "code" : 0,
  "result" : {
    "data" : [ {
      "d" : "1756462951036718257",
      "t" : 1756462951036,
      "tn" : 1756462951036718257,
      "q" : "131",
      "p" : "0.36567",
      "s" : "sell",
      "i" : "XLM_USD",
      "m" : "4611686018436514544"
    }, {
      "d" : "1756462951036716615",
      "t" : 1756462951036,
      "tn" : 1756462951036716615,
      "q" : "4",
      "p" : "0.36570",
      "s" : "sell",
      "i" : "XLM_USD",
      "m" : "4611686018436514543"
    }, {
      "d" : "1756462950862900572",
      "t" : 1756462950862,
      "tn" : 1756462950862900572,
      "q" : "98",
      "p" : "0.36580",
      "s" : "sell",
      "i" : "XLM_USD",
      "m" : "4611686018436514542"
    }, {
      "d" : "1756462950862629599",
      "t" : 1756462950862,
      "tn" : 1756462950862629599,
      "q" : "383",
      "p" : "0.36580",
      "s" : "sell",
      "i" : "XLM_USD",
      "m" : "4611686018436514541"
    }, {
      "d" : "1756462950861998465",
      "t" : 1756462950861,
      "tn" : 1756462950861998465,
      "q" : "98",
      "p" : "0.36581",
      "s" : "sell",
      "i" : "XLM_USD",
      "m" : "4611686018436514540"
    }, {
      "d" : "1756462937119590441",
      "t" : 1756462937119,
      "tn" : 1756462937119590441,
      "q" : "3143",
      "p" : "0.36601",
      "s" : "sell",
      "i" : "XLM_USD",
      "m" : "4611686018436514539"
    }, {
      "d" : "1756462936725880509",
      "t" : 1756462936725,
      "tn" : 1756462936725880508,
      "q" : "2473",
      "p" : "0.36602",
      "s" : "sell",
      "i" : "XLM_USD",
      "m" : "4611686018436514538"
    }, {
      "d" : "1756462936725880508",
      "t" : 1756462936725,
      "tn" : 1756462936725880508,
      "q" : "1626",
      "p" : "0.36602",
      "s" : "sell",
      "i" : "XLM_USD",
      "m" : "4611686018436514538"
    }, {
      "d" : "1756462930777581463",
      "t" : 1756462930777,
      "tn" : 1756462930777581463,
      "q" : "93",
      "p" : "0.36605",
      "s" : "buy",
      "i" : "XLM_USD",
      "m" : "4611686018436514537"
    }, {
      "d" : "1756462930777580112",
      "t" : 1756462930777,
      "tn" : 1756462930777580112,
      "q" : "40",
      "p" : "0.36604",
      "s" : "buy",
      "i" : "XLM_USD",
      "m" : "4611686018436514536"
    }, {
      "d" : "1756462930777577812",
      "t" : 1756462930777,
      "tn" : 1756462930777577812,
      "q" : "4",
      "p" : "0.36591",
      "s" : "buy",
      "i" : "XLM_USD",
      "m" : "4611686018436514535"
    }, {
      "d" : "1756462929958367107",
      "t" : 1756462929958,
      "tn" : 1756462929958367107,
      "q" : "4",
      "p" : "0.36591",
      "s" : "buy",
      "i" : "XLM_USD",
      "m" : "4611686018436514534"
    }, {
      "d" : "1756462929945588703",
      "t" : 1756462929945,
      "tn" : 1756462929945588703,
      "q" : "4",
      "p" : "0.36591",
      "s" : "buy",
      "i" : "XLM_USD",
      "m" : "4611686018436514533"
    }, {
      "d" : "1756462929876489999",
      "t" : 1756462929876,
      "tn" : 1756462929876489999,
      "q" : "4",
      "p" : "0.36591",
      "s" : "buy",
      "i" : "XLM_USD",
      "m" : "4611686018436514532"
    }, {
      "d" : "1756462929807157551",
      "t" : 1756462929807,
      "tn" : 1756462929807157551,
      "q" : "96",
      "p" : "0.36594",
      "s" : "buy",
      "i" : "XLM_USD",
      "m" : "4611686018436514531"
    }, {
      "d" : "1756462929807156015",
      "t" : 1756462929807,
      "tn" : 1756462929807156015,
      "q" : "40",
      "p" : "0.36593",
      "s" : "buy",
      "i" : "XLM_USD",
      "m" : "4611686018436514530"
    }, {
      "d" : "1756462929803292755",
      "t" : 1756462929803,
      "tn" : 1756462929803292755,
      "q" : "4",
      "p" : "0.36583",
      "s" : "buy",
      "i" : "XLM_USD",
      "m" : "4611686018436514529"
    }, {
      "d" : "1756462870038982637",
      "t" : 1756462870038,
      "tn" : 1756462870038982637,
      "q" : "45",
      "p" : "0.36621",
      "s" : "sell",
      "i" : "XLM_USD",
      "m" : "4611686018436514528"
    }, {
      "d" : "1756462844838418952",
      "t" : 1756462844838,
      "tn" : 1756462844838418952,
      "q" : "680",
      "p" : "0.36652",
      "s" : "sell",
      "i" : "XLM_USD",
      "m" : "4611686018436514527"
    }, {
      "d" : "1756462844837744657",
      "t" : 1756462844837,
      "tn" : 1756462844837744657,
      "q" : "481",
      "p" : "0.36652",
      "s" : "sell",
      "i" : "XLM_USD",
      "m" : "4611686018436514526"
    }, {
      "d" : "1756462844617350465",
      "t" : 1756462844617,
      "tn" : 1756462844617350465,
      "q" : "480",
      "p" : "0.36652",
      "s" : "sell",
      "i" : "XLM_USD",
      "m" : "4611686018436514525"
    }, {
      "d" : "1756462826506201366",
      "t" : 1756462826506,
      "tn" : 1756462826506201366,
      "q" : "96",
      "p" : "0.36652",
      "s" : "buy",
      "i" : "XLM_USD",
      "m" : "4611686018436514524"
    }, {
      "d" : "1756462826506199101",
      "t" : 1756462826506,
      "tn" : 1756462826506199101,
      "q" : "40",
      "p" : "0.36651",
      "s" : "buy",
      "i" : "XLM_USD",
      "m" : "4611686018436514523"
    }, {
      "d" : "1756462826490820781",
      "t" : 1756462826490,
      "tn" : 1756462826490820781,
      "q" : "4",
      "p" : "0.36641",
      "s" : "buy",
      "i" : "XLM_USD",
      "m" : "4611686018436514522"
    }, {
      "d" : "1756462824190808517",
      "t" : 1756462824190,
      "tn" : 1756462824190808517,
      "q" : "4",
      "p" : "0.36635",
      "s" : "buy",
      "i" : "XLM_USD",
      "m" : "4611686018436514521"
    }, {
      "d" : "1756462790414146777",
      "t" : 1756462790414,
      "tn" : 1756462790414146777,
      "q" : "4",
      "p" : "0.36623",
      "s" : "buy",
      "i" : "XLM_USD",
      "m" : "4611686018436514520"
    }, {
      "d" : "1756462769385294211",
      "t" : 1756462769385,
      "tn" : 1756462769385294211,
      "q" : "27",
      "p" : "0.36624",
      "s" : "buy",
      "i" : "XLM_USD",
      "m" : "4611686018436514519"
    }, {
      "d" : "1756462769385292791",
      "t" : 1756462769385,
      "tn" : 1756462769385292791,
      "q" : "65",
      "p" : "0.36623",
      "s" : "buy",
      "i" : "XLM_USD",
      "m" : "4611686018436514518"
    }, {
      "d" : "1756462769385291066",
      "t" : 1756462769385,
      "tn" : 1756462769385291066,
      "q" : "40",
      "p" : "0.36622",
      "s" : "buy",
      "i" : "XLM_USD",
      "m" : "4611686018436514517"
    }, {
      "d" : "1756462769385289542",
      "t" : 1756462769385,
      "tn" : 1756462769385289542,
      "q" : "4",
      "p" : "0.36614",
      "s" : "buy",
      "i" : "XLM_USD",
      "m" : "4611686018436514516"
    }, {
      "d" : "1756462769083814590",
      "t" : 1756462769083,
      "tn" : 1756462769083814589,
      "q" : "81",
      "p" : "0.36611",
      "s" : "buy",
      "i" : "XLM_USD",
      "m" : "4611686018436514515"
    }, {
      "d" : "1756462769083814589",
      "t" : 1756462769083,
      "tn" : 1756462769083814589,
      "q" : "4",
      "p" : "0.36611",
      "s" : "buy",
      "i" : "XLM_USD",
      "m" : "4611686018436514515"
    }, {
      "d" : "1756462764947814301",
      "t" : 1756462764947,
      "tn" : 1756462764947814301,
      "q" : "91",
      "p" : "0.36608",
      "s" : "buy",
      "i" : "XLM_USD",
      "m" : "4611686018436514514"
    }, {
      "d" : "1756462764947812585",
      "t" : 1756462764947,
      "tn" : 1756462764947812585,
      "q" : "40",
      "p" : "0.36607",
      "s" : "buy",
      "i" : "XLM_USD",
      "m" : "4611686018436514513"
    }, {
      "d" : "1756462764947809599",
      "t" : 1756462764947,
      "tn" : 1756462764947809599,
      "q" : "4",
      "p" : "0.36601",
      "s" : "buy",
      "i" : "XLM_USD",
      "m" : "4611686018436514512"
    }, {
      "d" : "1756462746813114328",
      "t" : 1756462746813,
      "tn" : 1756462746813114328,
      "q" : "4",
      "p" : "0.36584",
      "s" : "buy",
      "i" : "XLM_USD",
      "m" : "4611686018436514511"
    }, {
      "d" : "1756462746544119653",
      "t" : 1756462746544,
      "tn" : 1756462746544119653,
      "q" : "40",
      "p" : "0.36583",
      "s" : "buy",
      "i" : "XLM_USD",
      "m" : "4611686018436514510"
    }, {
      "d" : "1756462746543367414",
      "t" : 1756462746543,
      "tn" : 1756462746543367414,
      "q" : "1000",
      "p" : "0.36583",
      "s" : "buy",
      "i" : "XLM_USD",
      "m" : "4611686018436514509"
    }, {
      "d" : "1756462746542922296",
      "t" : 1756462746542,
      "tn" : 1756462746542922296,
      "q" : "259",
      "p" : "0.36583",
      "s" : "buy",
      "i" : "XLM_USD",
      "m" : "4611686018436514508"
    }, {
      "d" : "1756462746542741074",
      "t" : 1756462746542,
      "tn" : 1756462746542741074,
      "q" : "481",
      "p" : "0.36583",
      "s" : "buy",
      "i" : "XLM_USD",
      "m" : "4611686018436514507"
    }, {
      "d" : "1756462746542124330",
      "t" : 1756462746542,
      "tn" : 1756462746542124330,
      "q" : "222",
      "p" : "0.36582",
      "s" : "buy",
      "i" : "XLM_USD",
      "m" : "4611686018436514506"
    }, {
      "d" : "1756462746542106997",
      "t" : 1756462746542,
      "tn" : 1756462746542106997,
      "q" : "283",
      "p" : "0.36582",
      "s" : "buy",
      "i" : "XLM_USD",
      "m" : "4611686018436514505"
    }, {
      "d" : "1756462746542031835",
      "t" : 1756462746542,
      "tn" : 1756462746542031835,
      "q" : "440",
      "p" : "0.36582",
      "s" : "buy",
      "i" : "XLM_USD",
      "m" : "4611686018436514504"
    }, {
      "d" : "1756462746542003201",
      "t" : 1756462746542,
      "tn" : 1756462746542003201,
      "q" : "40",
      "p" : "0.36581",
      "s" : "buy",
      "i" : "XLM_USD",
      "m" : "4611686018436514503"
    }, {
      "d" : "1756462746540621534",
      "t" : 1756462746540,
      "tn" : 1756462746540621534,
      "q" : "4",
      "p" : "0.36578",
      "s" : "buy",
      "i" : "XLM_USD",
      "m" : "4611686018436514502"
    }, {
      "d" : "1756462738916507329",
      "t" : 1756462738916,
      "tn" : 1756462738916507329,
      "q" : "4",
      "p" : "0.36568",
      "s" : "buy",
      "i" : "XLM_USD",
      "m" : "4611686018436514501"
    }, {
      "d" : "1756462703989893757",
      "t" : 1756462703989,
      "tn" : 1756462703989893757,
      "q" : "480",
      "p" : "0.36570",
      "s" : "buy",
      "i" : "XLM_USD",
      "m" : "4611686018436514500"
    }, {
      "d" : "1756462683255068293",
      "t" : 1756462683255,
      "tn" : 1756462683255068293,
      "q" : "136",
      "p" : "0.36572",
      "s" : "sell",
      "i" : "XLM_USD",
      "m" : "4611686018436514499"
    }, {
      "d" : "1756462678253492377",
      "t" : 1756462678253,
      "tn" : 1756462678253492377,
      "q" : "4",
      "p" : "0.36564",
      "s" : "buy",
      "i" : "XLM_USD",
      "m" : "4611686018436514498"
    }, {
      "d" : "1756462651227490045",
      "t" : 1756462651227,
      "tn" : 1756462651227490045,
      "q" : "136",
      "p" : "0.36557",
      "s" : "sell",
      "i" : "XLM_USD",
      "m" : "4611686018436514497"
    }, {
      "d" : "1756462651226795350",
      "t" : 1756462651226,
      "tn" : 1756462651226795350,
      "q" : "283",
      "p" : "0.36560",
      "s" : "sell",
      "i" : "XLM_USD",
      "m" : "4611686018436514496"
    }, {
      "d" : "1756462616360614957",
      "t" : 1756462616360,
      "tn" : 1756462616360614957,
      "q" : "559",
      "p" : "0.36538",
      "s" : "buy",
      "i" : "XLM_USD",
      "m" : "4611686018436514495"
    }, {
      "d" : "1756462616360613305",
      "t" : 1756462616360,
      "tn" : 1756462616360613305,
      "q" : "4",
      "p" : "0.36536",
      "s" : "buy",
      "i" : "XLM_USD",
      "m" : "4611686018436514494"
    }, {
      "d" : "1756462616243288091",
      "t" : 1756462616243,
      "tn" : 1756462616243288091,
      "q" : "4",
      "p" : "0.36533",
      "s" : "buy",
      "i" : "XLM_USD",
      "m" : "4611686018436514493"
    }, {
      "d" : "1756462583863987460",
      "t" : 1756462583863,
      "tn" : 1756462583863987460,
      "q" : "86",
      "p" : "0.36545",
      "s" : "sell",
      "i" : "XLM_USD",
      "m" : "4611686018436514492"
    }, {
      "d" : "1756462582911228669",
      "t" : 1756462582911,
      "tn" : 1756462582911228669,
      "q" : "477",
      "p" : "0.36551",
      "s" : "sell",
      "i" : "XLM_USD",
      "m" : "4611686018436514491"
    }, {
      "d" : "1756462582911038185",
      "t" : 1756462582911,
      "tn" : 1756462582911038185,
      "q" : "481",
      "p" : "0.36551",
      "s" : "sell",
      "i" : "XLM_USD",
      "m" : "4611686018436514490"
    }, {
      "d" : "1756462582802893399",
      "t" : 1756462582802,
      "tn" : 1756462582802893399,
      "q" : "481",
      "p" : "0.36551",
      "s" : "sell",
      "i" : "XLM_USD",
      "m" : "4611686018436514489"
    }, {
      "d" : "1756462580530144018",
      "t" : 1756462580530,
      "tn" : 1756462580530144018,
      "q" : "480",
      "p" : "0.36557",
      "s" : "sell",
      "i" : "XLM_USD",
      "m" : "4611686018436514488"
    }, {
      "d" : "1756462579873009519",
      "t" : 1756462579873,
      "tn" : 1756462579873009519,
      "q" : "1000",
      "p" : "0.36563",
      "s" : "sell",
      "i" : "XLM_USD",
      "m" : "4611686018436514487"
    }, {
      "d" : "1756462579872802068",
      "t" : 1756462579872,
      "tn" : 1756462579872802068,
      "q" : "480",
      "p" : "0.36563",
      "s" : "sell",
      "i" : "XLM_USD",
      "m" : "4611686018436514486"
    }, {
      "d" : "1756462579872717691",
      "t" : 1756462579872,
      "tn" : 1756462579872717691,
      "q" : "136",
      "p" : "0.36563",
      "s" : "sell",
      "i" : "XLM_USD",
      "m" : "4611686018436514485"
    }, {
      "d" : "1756462579872055140",
      "t" : 1756462579872,
      "tn" : 1756462579872055140,
      "q" : "593",
      "p" : "0.36563",
      "s" : "sell",
      "i" : "XLM_USD",
      "m" : "4611686018436514484"
    }, {
      "d" : "1756462571409950980",
      "t" : 1756462571409,
      "tn" : 1756462571409950980,
      "q" : "4",
      "p" : "0.36561",
      "s" : "buy",
      "i" : "XLM_USD",
      "m" : "4611686018436514483"
    }, {
      "d" : "1756462559514332279",
      "t" : 1756462559514,
      "tn" : 1756462559514332279,
      "q" : "485",
      "p" : "0.36552",
      "s" : "buy",
      "i" : "XLM_USD",
      "m" : "4611686018436514482"
    }, {
      "d" : "1756462559514328904",
      "t" : 1756462559514,
      "tn" : 1756462559514328904,
      "q" : "480",
      "p" : "0.36552",
      "s" : "buy",
      "i" : "XLM_USD",
      "m" : "4611686018436514481"
    }, {
      "d" : "1756462559495102700",
      "t" : 1756462559495,
      "tn" : 1756462559495102700,
      "q" : "481",
      "p" : "0.36552",
      "s" : "buy",
      "i" : "XLM_USD",
      "m" : "4611686018436514480"
    }, {
      "d" : "1756462559491368302",
      "t" : 1756462559491,
      "tn" : 1756462559491368302,
      "q" : "481",
      "p" : "0.36552",
      "s" : "buy",
      "i" : "XLM_USD",
      "m" : "4611686018436514479"
    }, {
      "d" : "1756462559490904170",
      "t" : 1756462559490,
      "tn" : 1756462559490904170,
      "q" : "1000",
      "p" : "0.36552",
      "s" : "buy",
      "i" : "XLM_USD",
      "m" : "4611686018436514478"
    }, {
      "d" : "1756462559490800357",
      "t" : 1756462559490,
      "tn" : 1756462559490800357,
      "q" : "164",
      "p" : "0.36552",
      "s" : "buy",
      "i" : "XLM_USD",
      "m" : "4611686018436514477"
    }, {
      "d" : "1756462559438621907",
      "t" : 1756462559438,
      "tn" : 1756462559438621907,
      "q" : "1291",
      "p" : "0.36552",
      "s" : "buy",
      "i" : "XLM_USD",
      "m" : "4611686018436514476"
    }, {
      "d" : "1756462509362044156",
      "t" : 1756462509362,
      "tn" : 1756462509362044156,
      "q" : "136",
      "p" : "0.36555",
      "s" : "sell",
      "i" : "XLM_USD",
      "m" : "4611686018436514475"
    }, {
      "d" : "1756462503857008454",
      "t" : 1756462503857,
      "tn" : 1756462503857008454,
      "q" : "131",
      "p" : "0.36556",
      "s" : "sell",
      "i" : "XLM_USD",
      "m" : "4611686018436514474"
    }, {
      "d" : "1756462500338234159",
      "t" : 1756462500338,
      "tn" : 1756462500338234159,
      "q" : "4",
      "p" : "0.36551",
      "s" : "buy",
      "i" : "XLM_USD",
      "m" : "4611686018436514473"
    }, {
      "d" : "1756462500305591932",
      "t" : 1756462500305,
      "tn" : 1756462500305591932,
      "q" : "4",
      "p" : "0.36551",
      "s" : "buy",
      "i" : "XLM_USD",
      "m" : "4611686018436514472"
    }, {
      "d" : "1756462470318888080",
      "t" : 1756462470318,
      "tn" : 1756462470318888079,
      "q" : "4",
      "p" : "0.36531",
      "s" : "buy",
      "i" : "XLM_USD",
      "m" : "4611686018436514471"
    }, {
      "d" : "1756462470318888079",
      "t" : 1756462470318,
      "tn" : 1756462470318888079,
      "q" : "125",
      "p" : "0.36531",
      "s" : "buy",
      "i" : "XLM_USD",
      "m" : "4611686018436514471"
    }, {
      "d" : "1756462470206899044",
      "t" : 1756462470206,
      "tn" : 1756462470206899044,
      "q" : "4",
      "p" : "0.36523",
      "s" : "buy",
      "i" : "XLM_USD",
      "m" : "4611686018436514470"
    }, {
      "d" : "1756462469637591928",
      "t" : 1756462469637,
      "tn" : 1756462469637591928,
      "q" : "4",
      "p" : "0.36523",
      "s" : "buy",
      "i" : "XLM_USD",
      "m" : "4611686018436514469"
    }, {
      "d" : "1756462469564114780",
      "t" : 1756462469564,
      "tn" : 1756462469564114780,
      "q" : "4",
      "p" : "0.36523",
      "s" : "buy",
      "i" : "XLM_USD",
      "m" : "4611686018436514468"
    }, {
      "d" : "1756462452621679814",
      "t" : 1756462452621,
      "tn" : 1756462452621679814,
      "q" : "4",
      "p" : "0.36521",
      "s" : "buy",
      "i" : "XLM_USD",
      "m" : "4611686018436514467"
    }, {
      "d" : "1756462446458885910",
      "t" : 1756462446458,
      "tn" : 1756462446458885910,
      "q" : "4",
      "p" : "0.36516",
      "s" : "buy",
      "i" : "XLM_USD",
      "m" : "4611686018436514466"
    }, {
      "d" : "1756462443818570872",
      "t" : 1756462443818,
      "tn" : 1756462443818570872,
      "q" : "4",
      "p" : "0.36513",
      "s" : "buy",
      "i" : "XLM_USD",
      "m" : "4611686018436514465"
    }, {
      "d" : "1756462432020704268",
      "t" : 1756462432020,
      "tn" : 1756462432020704267,
      "q" : "133",
      "p" : "0.36520",
      "s" : "sell",
      "i" : "XLM_USD",
      "m" : "4611686018436514464"
    }, {
      "d" : "1756462432020704267",
      "t" : 1756462432020,
      "tn" : 1756462432020704267,
      "q" : "4",
      "p" : "0.36520",
      "s" : "sell",
      "i" : "XLM_USD",
      "m" : "4611686018436514464"
    }, {
      "d" : "1756462426087578000",
      "t" : 1756462426087,
      "tn" : 1756462426087577999,
      "q" : "133",
      "p" : "0.36530",
      "s" : "sell",
      "i" : "XLM_USD",
      "m" : "4611686018436514463"
    }, {
      "d" : "1756462426087577999",
      "t" : 1756462426087,
      "tn" : 1756462426087577999,
      "q" : "4",
      "p" : "0.36530",
      "s" : "sell",
      "i" : "XLM_USD",
      "m" : "4611686018436514463"
    }, {
      "d" : "1756462401612692273",
      "t" : 1756462401612,
      "tn" : 1756462401612692273,
      "q" : "1021",
      "p" : "0.36547",
      "s" : "sell",
      "i" : "XLM_USD",
      "m" : "4611686018436514462"
    }, {
      "d" : "1756462389804425237",
      "t" : 1756462389804,
      "tn" : 1756462389804425237,
      "q" : "136",
      "p" : "0.36556",
      "s" : "sell",
      "i" : "XLM_USD",
      "m" : "4611686018436514461"
    }, {
      "d" : "1756462368693420052",
      "t" : 1756462368693,
      "tn" : 1756462368693420052,
      "q" : "136",
      "p" : "0.36556",
      "s" : "sell",
      "i" : "XLM_USD",
      "m" : "4611686018436514460"
    }, {
      "d" : "1756462368691863909",
      "t" : 1756462368691,
      "tn" : 1756462368691863909,
      "q" : "1006",
      "p" : "0.36556",
      "s" : "sell",
      "i" : "XLM_USD",
      "m" : "4611686018436514459"
    }, {
      "d" : "1756462334925371056",
      "t" : 1756462334925,
      "tn" : 1756462334925371056,
      "q" : "40",
      "p" : "0.36560",
      "s" : "buy",
      "i" : "XLM_USD",
      "m" : "4611686018436514458"
    }, {
      "d" : "1756462334925369008",
      "t" : 1756462334925,
      "tn" : 1756462334925369008,
      "q" : "4",
      "p" : "0.36554",
      "s" : "buy",
      "i" : "XLM_USD",
      "m" : "4611686018436514457"
    }, {
      "d" : "1756462332300492967",
      "t" : 1756462332300,
      "tn" : 1756462332300492967,
      "q" : "4",
      "p" : "0.36544",
      "s" : "buy",
      "i" : "XLM_USD",
      "m" : "4611686018436514456"
    }, {
      "d" : "1756462332279472255",
      "t" : 1756462332279,
      "tn" : 1756462332279472254,
      "q" : "4",
      "p" : "0.36544",
      "s" : "buy",
      "i" : "XLM_USD",
      "m" : "4611686018436514455"
    }, {
      "d" : "1756462332279472254",
      "t" : 1756462332279,
      "tn" : 1756462332279472254,
      "q" : "222",
      "p" : "0.36544",
      "s" : "buy",
      "i" : "XLM_USD",
      "m" : "4611686018436514455"
    }, {
      "d" : "1756462327699695204",
      "t" : 1756462327699,
      "tn" : 1756462327699695203,
      "q" : "4",
      "p" : "0.36532",
      "s" : "buy",
      "i" : "XLM_USD",
      "m" : "4611686018436514454"
    }, {
      "d" : "1756462327699695203",
      "t" : 1756462327699,
      "tn" : 1756462327699695203,
      "q" : "127",
      "p" : "0.36532",
      "s" : "buy",
      "i" : "XLM_USD",
      "m" : "4611686018436514454"
    }, {
      "d" : "1756462316414658653",
      "t" : 1756462316414,
      "tn" : 1756462316414658653,
      "q" : "165",
      "p" : "0.36544",
      "s" : "sell",
      "i" : "XLM_USD",
      "m" : "4611686018436514453"
    }, {
      "d" : "1756462285037166795",
      "t" : 1756462285037,
      "tn" : 1756462285037166795,
      "q" : "4",
      "p" : "0.36522",
      "s" : "buy",
      "i" : "XLM_USD",
      "m" : "4611686018436514452"
    }, {
      "d" : "1756462265966799161",
      "t" : 1756462265966,
      "tn" : 1756462265966799158,
      "q" : "886",
      "p" : "0.36526",
      "s" : "sell",
      "i" : "XLM_USD",
      "m" : "4611686018436514451"
    }, {
      "d" : "1756462265966799160",
      "t" : 1756462265966,
      "tn" : 1756462265966799158,
      "q" : "53",
      "p" : "0.36526",
      "s" : "sell",
      "i" : "XLM_USD",
      "m" : "4611686018436514451"
    }, {
      "d" : "1756462265966799159",
      "t" : 1756462265966,
      "tn" : 1756462265966799158,
      "q" : "179",
      "p" : "0.36526",
      "s" : "sell",
      "i" : "XLM_USD",
      "m" : "4611686018436514451"
    }, {
      "d" : "1756462265966799158",
      "t" : 1756462265966,
      "tn" : 1756462265966799158,
      "q" : "170",
      "p" : "0.36526",
      "s" : "sell",
      "i" : "XLM_USD",
      "m" : "4611686018436514451"
    }, {
      "d" : "1756462265934762433",
      "t" : 1756462265934,
      "tn" : 1756462265934762433,
      "q" : "137",
      "p" : "0.36526",
      "s" : "sell",
      "i" : "XLM_USD",
      "m" : "4611686018436514450"
    }, {
      "d" : "1756462265899095486",
      "t" : 1756462265899,
      "tn" : 1756462265899095486,
      "q" : "137",
      "p" : "0.36526",
      "s" : "sell",
      "i" : "XLM_USD",
      "m" : "4611686018436514449"
    }, {
      "d" : "1756462226156635709",
      "t" : 1756462226156,
      "tn" : 1756462226156635709,
      "q" : "362",
      "p" : "0.36530",
      "s" : "sell",
      "i" : "XLM_USD",
      "m" : "4611686018436514448"
    }, {
      "d" : "1756462217282293782",
      "t" : 1756462217282,
      "tn" : 1756462217282293782,
      "q" : "46",
      "p" : "0.36532",
      "s" : "sell",
      "i" : "XLM_USD",
      "m" : "4611686018436514447"
    }, {
      "d" : "1756462168640036761",
      "t" : 1756462168640,
      "tn" : 1756462168640036761,
      "q" : "4",
      "p" : "0.36542",
      "s" : "buy",
      "i" : "XLM_USD",
      "m" : "4611686018436514446"
    }, {
      "d" : "1756462162594288973",
      "t" : 1756462162594,
      "tn" : 1756462162594288973,
      "q" : "4",
      "p" : "0.36545",
      "s" : "buy",
      "i" : "XLM_USD",
      "m" : "4611686018436514445"
    }, {
      "d" : "1756462160609145072",
      "t" : 1756462160609,
      "tn" : 1756462160609145072,
      "q" : "4",
      "p" : "0.36534",
      "s" : "buy",
      "i" : "XLM_USD",
      "m" : "4611686018436514444"
    }, {
      "d" : "1756462153159577183",
      "t" : 1756462153159,
      "tn" : 1756462153159577182,
      "q" : "246",
      "p" : "0.36548",
      "s" : "sell",
      "i" : "XLM_USD",
      "m" : "4611686018436514443"
    }, {
      "d" : "1756462153159577182",
      "t" : 1756462153159,
      "tn" : 1756462153159577182,
      "q" : "4",
      "p" : "0.36548",
      "s" : "sell",
      "i" : "XLM_USD",
      "m" : "4611686018436514443"
    }, {
      "d" : "1756462143481550049",
      "t" : 1756462143481,
      "tn" : 1756462143481550049,
      "q" : "136",
      "p" : "0.36558",
      "s" : "sell",
      "i" : "XLM_USD",
      "m" : "4611686018436514442"
    }, {
      "d" : "1756462140782879665",
      "t" : 1756462140782,
      "tn" : 1756462140782879665,
      "q" : "136",
      "p" : "0.36561",
      "s" : "sell",
      "i" : "XLM_USD",
      "m" : "4611686018436514441"
    }, {
      "d" : "1756462135820887292",
      "t" : 1756462135820,
      "tn" : 1756462135820887292,
      "q" : "4",
      "p" : "0.36555",
      "s" : "buy",
      "i" : "XLM_USD",
      "m" : "4611686018436514440"
    }, {
      "d" : "1756462135785431275",
      "t" : 1756462135785,
      "tn" : 1756462135785431275,
      "q" : "4",
      "p" : "0.36553",
      "s" : "buy",
      "i" : "XLM_USD",
      "m" : "4611686018436514439"
    }, {
      "d" : "1756462096759330212",
      "t" : 1756462096759,
      "tn" : 1756462096759330212,
      "q" : "4",
      "p" : "0.36560",
      "s" : "sell",
      "i" : "XLM_USD",
      "m" : "4611686018436514438"
    }, {
      "d" : "1756462051651264911",
      "t" : 1756462051651,
      "tn" : 1756462051651264911,
      "q" : "3194",
      "p" : "0.36565",
      "s" : "sell",
      "i" : "XLM_USD",
      "m" : "4611686018436514437"
    }, {
      "d" : "1756462036574865717",
      "t" : 1756462036574,
      "tn" : 1756462036574865717,
      "q" : "262",
      "p" : "0.36554",
      "s" : "buy",
      "i" : "XLM_USD",
      "m" : "4611686018436514436"
    }, {
      "d" : "1756462036258903540",
      "t" : 1756462036258,
      "tn" : 1756462036258903540,
      "q" : "4",
      "p" : "0.36542",
      "s" : "buy",
      "i" : "XLM_USD",
      "m" : "4611686018436514435"
    }, {
      "d" : "1756462032190154245",
      "t" : 1756462032190,
      "tn" : 1756462032190154244,
      "q" : "4",
      "p" : "0.36550",
      "s" : "sell",
      "i" : "XLM_USD",
      "m" : "4611686018436514434"
    }, {
      "d" : "1756462032190154244",
      "t" : 1756462032190,
      "tn" : 1756462032190154244,
      "q" : "316",
      "p" : "0.36550",
      "s" : "sell",
      "i" : "XLM_USD",
      "m" : "4611686018436514434"
    }, {
      "d" : "1756462032186144250",
      "t" : 1756462032186,
      "tn" : 1756462032186144250,
      "q" : "916",
      "p" : "0.36550",
      "s" : "sell",
      "i" : "XLM_USD",
      "m" : "4611686018436514433"
    }, {
      "d" : "1756462032177346243",
      "t" : 1756462032177,
      "tn" : 1756462032177346243,
      "q" : "135",
      "p" : "0.36550",
      "s" : "sell",
      "i" : "XLM_USD",
      "m" : "4611686018436514432"
    }, {
      "d" : "1756462027041401634",
      "t" : 1756462027041,
      "tn" : 1756462027041401633,
      "q" : "51",
      "p" : "0.36550",
      "s" : "buy",
      "i" : "XLM_USD",
      "m" : "4611686018436514431"
    }, {
      "d" : "1756462027041401633",
      "t" : 1756462027041,
      "tn" : 1756462027041401633,
      "q" : "185",
      "p" : "0.36550",
      "s" : "buy",
      "i" : "XLM_USD",
      "m" : "4611686018436514431"
    }, {
      "d" : "1756462012332597341",
      "t" : 1756462012332,
      "tn" : 1756462012332597341,
      "q" : "145",
      "p" : "0.36549",
      "s" : "buy",
      "i" : "XLM_USD",
      "m" : "4611686018436514430"
    }, {
      "d" : "1756462012332595887",
      "t" : 1756462012332,
      "tn" : 1756462012332595887,
      "q" : "4",
      "p" : "0.36544",
      "s" : "buy",
      "i" : "XLM_USD",
      "m" : "4611686018436514429"
    }, {
      "d" : "1756462009440084335",
      "t" : 1756462009440,
      "tn" : 1756462009440084335,
      "q" : "80",
      "p" : "0.36532",
      "s" : "buy",
      "i" : "XLM_USD",
      "m" : "4611686018436514428"
    }, {
      "d" : "1756462009440082459",
      "t" : 1756462009440,
      "tn" : 1756462009440082459,
      "q" : "40",
      "p" : "0.36531",
      "s" : "buy",
      "i" : "XLM_USD",
      "m" : "4611686018436514427"
    }, {
      "d" : "1756462009440080002",
      "t" : 1756462009440,
      "tn" : 1756462009440080002,
      "q" : "4",
      "p" : "0.36521",
      "s" : "buy",
      "i" : "XLM_USD",
      "m" : "4611686018436514426"
    }, {
      "d" : "1756462007237757995",
      "t" : 1756462007237,
      "tn" : 1756462007237757995,
      "q" : "133",
      "p" : "0.36525",
      "s" : "buy",
      "i" : "XLM_USD",
      "m" : "4611686018436514425"
    }, {
      "d" : "1756462007237756072",
      "t" : 1756462007237,
      "tn" : 1756462007237756072,
      "q" : "4",
      "p" : "0.36518",
      "s" : "buy",
      "i" : "XLM_USD",
      "m" : "4611686018436514424"
    }, {
      "d" : "1756462004242850545",
      "t" : 1756462004242,
      "tn" : 1756462004242850545,
      "q" : "132",
      "p" : "0.36524",
      "s" : "buy",
      "i" : "XLM_USD",
      "m" : "4611686018436514423"
    }, {
      "d" : "1756462004242849137",
      "t" : 1756462004242,
      "tn" : 1756462004242849137,
      "q" : "4",
      "p" : "0.36514",
      "s" : "buy",
      "i" : "XLM_USD",
      "m" : "4611686018436514422"
    }, {
      "d" : "1756462003897969493",
      "t" : 1756462003897,
      "tn" : 1756462003897969492,
      "q" : "4",
      "p" : "0.36511",
      "s" : "buy",
      "i" : "XLM_USD",
      "m" : "4611686018436514421"
    }, {
      "d" : "1756462003897969492",
      "t" : 1756462003897,
      "tn" : 1756462003897969492,
      "q" : "16",
      "p" : "0.36511",
      "s" : "buy",
      "i" : "XLM_USD",
      "m" : "4611686018436514421"
    }, {
      "d" : "1756461960158777387",
      "t" : 1756461960158,
      "tn" : 1756461960158777387,
      "q" : "137",
      "p" : "0.36491",
      "s" : "sell",
      "i" : "XLM_USD",
      "m" : "4611686018436514420"
    }, {
      "d" : "1756461959835135108",
      "t" : 1756461959835,
      "tn" : 1756461959835135108,
      "q" : "4",
      "p" : "0.36500",
      "s" : "sell",
      "i" : "XLM_USD",
      "m" : "4611686018436514419"
    }, {
      "d" : "1756461959827543614",
      "t" : 1756461959827,
      "tn" : 1756461959827543614,
      "q" : "137",
      "p" : "0.36501",
      "s" : "sell",
      "i" : "XLM_USD",
      "m" : "4611686018436514418"
    }, {
      "d" : "1756461959824439689",
      "t" : 1756461959824,
      "tn" : 1756461959824439689,
      "q" : "481",
      "p" : "0.36506",
      "s" : "sell",
      "i" : "XLM_USD",
      "m" : "4611686018436514417"
    }, {
      "d" : "1756461959824437305",
      "t" : 1756461959824,
      "tn" : 1756461959824437305,
      "q" : "1996",
      "p" : "0.36506",
      "s" : "sell",
      "i" : "XLM_USD",
      "m" : "4611686018436514416"
    }, {
      "d" : "1756461959824436127",
      "t" : 1756461959824,
      "tn" : 1756461959824436127,
      "q" : "4",
      "p" : "0.36507",
      "s" : "sell",
      "i" : "XLM_USD",
      "m" : "4611686018436514415"
    }, {
      "d" : "1756461956677303786",
      "t" : 1756461956677,
      "tn" : 1756461956677303786,
      "q" : "137",
      "p" : "0.36510",
      "s" : "sell",
      "i" : "XLM_USD",
      "m" : "4611686018436514414"
    }, {
      "d" : "1756461907670902797",
      "t" : 1756461907670,
      "tn" : 1756461907670902797,
      "q" : "136",
      "p" : "0.36493",
      "s" : "sell",
      "i" : "XLM_USD",
      "m" : "4611686018436514413"
    }, {
      "d" : "1756461907667927653",
      "t" : 1756461907667,
      "tn" : 1756461907667927653,
      "q" : "1050",
      "p" : "0.36499",
      "s" : "sell",
      "i" : "XLM_USD",
      "m" : "4611686018436514412"
    }, {
      "d" : "1756461888308705751",
      "t" : 1756461888308,
      "tn" : 1756461888308705751,
      "q" : "4",
      "p" : "0.36491",
      "s" : "buy",
      "i" : "XLM_USD",
      "m" : "4611686018436514411"
    }, {
      "d" : "1756461875064611888",
      "t" : 1756461875064,
      "tn" : 1756461875064611888,
      "q" : "93",
      "p" : "0.36494",
      "s" : "buy",
      "i" : "XLM_USD",
      "m" : "4611686018436514410"
    }, {
      "d" : "1756461875064610194",
      "t" : 1756461875064,
      "tn" : 1756461875064610194,
      "q" : "40",
      "p" : "0.36493",
      "s" : "buy",
      "i" : "XLM_USD",
      "m" : "4611686018436514409"
    } ]
  }
}