{
  "id" : -1,
  "method" : "public/get-trades",
  "code" : 0,
  "result" : {
    "data" : [ {
      "d" : "1756462995037007898",
      "t" : 1756462995037,
      "tn" : 1756462995037007898,
      "q" : "171",
      "p" : "0.36555",
      "s" : "buy",
      "i" : "XLM_USDT",
      "m" : "4611686018434794798"
    }, {
      "d" : "1756462976426037418",
      "t" : 1756462976426,
      "tn" : 1756462976426037418,
      "q" : "170",
      "p" : "0.36565",
      "s" : "buy",
      "i" : "XLM_USDT",
      "m" : "4611686018434794797"
    }, {
      "d" : "1756462962427952898",
      "t" : 1756462962427,
      "tn" : 1756462962427952898,
      "q" : "4",
      "p" : "0.36568",
      "s" : "buy",
      "i" : "XLM_USDT",
      "m" : "4611686018434794796"
    }, {
      "d" : "1756462937126215670",
      "t" : 1756462937126,
      "tn" : 1756462937126215669,
      "q" : "4",
      "p" : "0.36594",
      "s" : "sell",
      "i" : "XLM_USDT",
      "m" : "4611686018434794795"
    }, {
      "d" : "1756462937126215669",
      "t" : 1756462937126,
      "tn" : 1756462937126215669,
      "q" : "136",
      "p" : "0.36594",
      "s" : "sell",
      "i" : "XLM_USDT",
      "m" : "4611686018434794795"
    }, {
      "d" : "1756462936835457493",
      "t" : 1756462936835,
      "tn" : 1756462936835457492,
      "q" : "641",
      "p" : "0.36597",
      "s" : "sell",
      "i" : "XLM_USDT",
      "m" : "4611686018434794794"
    }, {
      "d" : "1756462936835457492",
      "t" : 1756462936835,
      "tn" : 1756462936835457492,
      "q" : "469",
      "p" : "0.36597",
      "s" : "sell",
      "i" : "XLM_USDT",
      "m" : "4611686018434794794"
    }, {
      "d" : "1756462936755116936",
      "t" : 1756462936755,
      "tn" : 1756462936755116936,
      "q" : "2732",
      "p" : "0.36597",
      "s" : "sell",
      "i" : "XLM_USDT",
      "m" : "4611686018434794793"
    }, {
      "d" : "1756462930777213816",
      "t" : 1756462930777,
      "tn" : 1756462930777213816,
      "q" : "4",
      "p" : "0.36589",
      "s" : "buy",
      "i" : "XLM_USDT",
      "m" : "4611686018434794792"
    }, {
      "d" : "1756462929945473694",
      "t" : 1756462929945,
      "tn" : 1756462929945473694,
      "q" : "4",
      "p" : "0.36589",
      "s" : "buy",
      "i" : "XLM_USDT",
      "m" : "4611686018434794791"
    }, {
      "d" : "1756462929876599706",
      "t" : 1756462929876,
      "tn" : 1756462929876599706,
      "q" : "4",
      "p" : "0.36586",
      "s" : "buy",
      "i" : "XLM_USDT",
      "m" : "4611686018434794790"
    }, {
      "d" : "1756462929803365684",
      "t" : 1756462929803,
      "tn" : 1756462929803365684,
      "q" : "170",
      "p" : "0.36582",
      "s" : "buy",
      "i" : "XLM_USDT",
      "m" : "4611686018434794789"
    }, {
      "d" : "1756462929803364295",
      "t" : 1756462929803,
      "tn" : 1756462929803364295,
      "q" : "4",
      "p" : "0.36581",
      "s" : "buy",
      "i" : "XLM_USDT",
      "m" : "4611686018434794788"
    }, {
      "d" : "1756462880947633847",
      "t" : 1756462880947,
      "tn" : 1756462880947633846,
      "q" : "4",
      "p" : "0.36599",
      "s" : "buy",
      "i" : "XLM_USDT",
      "m" : "4611686018434794787"
    }, {
      "d" : "1756462880947633846",
      "t" : 1756462880947,
      "tn" : 1756462880947633846,
      "q" : "170",
      "p" : "0.36599",
      "s" : "buy",
      "i" : "XLM_USDT",
      "m" : "4611686018434794787"
    }, {
      "d" : "1756462844617352753",
      "t" : 1756462844617,
      "tn" : 1756462844617352753,
      "q" : "239",
      "p" : "0.36647",
      "s" : "sell",
      "i" : "XLM_USDT",
      "m" : "4611686018434794786"
    }, {
      "d" : "1756462844615841131",
      "t" : 1756462844615,
      "tn" : 1756462844615841131,
      "q" : "2000",
      "p" : "0.36647",
      "s" : "sell",
      "i" : "XLM_USDT",
      "m" : "4611686018434794785"
    }, {
      "d" : "1756462824190804108",
      "t" : 1756462824190,
      "tn" : 1756462824190804108,
      "q" : "4",
      "p" : "0.36629",
      "s" : "buy",
      "i" : "XLM_USDT",
      "m" : "4611686018434794784"
    }, {
      "d" : "1756462817624182083",
      "t" : 1756462817624,
      "tn" : 1756462817624182082,
      "q" : "4",
      "p" : "0.36619",
      "s" : "buy",
      "i" : "XLM_USDT",
      "m" : "4611686018434794783"
    }, {
      "d" : "1756462817624182082",
      "t" : 1756462817624,
      "tn" : 1756462817624182082,
      "q" : "170",
      "p" : "0.36619",
      "s" : "buy",
      "i" : "XLM_USDT",
      "m" : "4611686018434794783"
    }, {
      "d" : "1756462790542468596",
      "t" : 1756462790542,
      "tn" : 1756462790542468596,
      "q" : "4",
      "p" : "0.36616",
      "s" : "buy",
      "i" : "XLM_USDT",
      "m" : "4611686018434794782"
    }, {
      "d" : "1756462790427615525",
      "t" : 1756462790427,
      "tn" : 1756462790427615525,
      "q" : "4",
      "p" : "0.36616",
      "s" : "buy",
      "i" : "XLM_USDT",
      "m" : "4611686018434794781"
    }, {
      "d" : "1756462790416566381",
      "t" : 1756462790416,
      "tn" : 1756462790416566381,
      "q" : "4",
      "p" : "0.36616",
      "s" : "buy",
      "i" : "XLM_USDT",
      "m" : "4611686018434794780"
    }, {
      "d" : "1756462769389017255",
      "t" : 1756462769389,
      "tn" : 1756462769389017255,
      "q" : "4",
      "p" : "0.36606",
      "s" : "buy",
      "i" : "XLM_USDT",
      "m" : "4611686018434794779"
    }, {
      "d" : "1756462757171684004",
      "t" : 1756462757171,
      "tn" : 1756462757171684004,
      "q" : "66",
      "p" : "0.36589",
      "s" : "buy",
      "i" : "XLM_USDT",
      "m" : "4611686018434794778"
    }, {
      "d" : "1756462757154925992",
      "t" : 1756462757154,
      "tn" : 1756462757154925992,
      "q" : "136",
      "p" : "0.36589",
      "s" : "buy",
      "i" : "XLM_USDT",
      "m" : "4611686018434794777"
    }, {
      "d" : "1756462757148808855",
      "t" : 1756462757148,
      "tn" : 1756462757148808855,
      "q" : "1147",
      "p" : "0.36589",
      "s" : "buy",
      "i" : "XLM_USDT",
      "m" : "4611686018434794776"
    }, {
      "d" : "1756462757148219523",
      "t" : 1756462757148,
      "tn" : 1756462757148219523,
      "q" : "202",
      "p" : "0.36589",
      "s" : "buy",
      "i" : "XLM_USDT",
      "m" : "4611686018434794775"
    }, {
      "d" : "1756462757147614424",
      "t" : 1756462757147,
      "tn" : 1756462757147614424,
      "q" : "434",
      "p" : "0.36588",
      "s" : "buy",
      "i" : "XLM_USDT",
      "m" : "4611686018434794774"
    }, {
      "d" : "1756462757147611617",
      "t" : 1756462757147,
      "tn" : 1756462757147611617,
      "q" : "4",
      "p" : "0.36587",
      "s" : "buy",
      "i" : "XLM_USDT",
      "m" : "4611686018434794773"
    }, {
      "d" : "1756462746664511998",
      "t" : 1756462746664,
      "tn" : 1756462746664511998,
      "q" : "4",
      "p" : "0.36576",
      "s" : "buy",
      "i" : "XLM_USDT",
      "m" : "4611686018434794772"
    }, {
      "d" : "1756462746542111644",
      "t" : 1756462746542,
      "tn" : 1756462746542111644,
      "q" : "4",
      "p" : "0.36574",
      "s" : "buy",
      "i" : "XLM_USDT",
      "m" : "4611686018434794771"
    }, {
      "d" : "1756462679673215894",
      "t" : 1756462679673,
      "tn" : 1756462679673215894,
      "q" : "4",
      "p" : "0.36561",
      "s" : "buy",
      "i" : "XLM_USDT",
      "m" : "4611686018434794770"
    }, {
      "d" : "1756462620179933385",
      "t" : 1756462620179,
      "tn" : 1756462620179933385,
      "q" : "4",
      "p" : "0.36530",
      "s" : "buy",
      "i" : "XLM_USDT",
      "m" : "4611686018434794769"
    }, {
      "d" : "1756462616411704985",
      "t" : 1756462616411,
      "tn" : 1756462616411704985,
      "q" : "4",
      "p" : "0.36528",
      "s" : "buy",
      "i" : "XLM_USDT",
      "m" : "4611686018434794768"
    }, {
      "d" : "1756462609878229795",
      "t" : 1756462609878,
      "tn" : 1756462609878229795,
      "q" : "1034",
      "p" : "0.36536",
      "s" : "sell",
      "i" : "XLM_USDT",
      "m" : "4611686018434794767"
    }, {
      "d" : "1756462582911687902",
      "t" : 1756462582911,
      "tn" : 1756462582911687902,
      "q" : "641",
      "p" : "0.36547",
      "s" : "sell",
      "i" : "XLM_USDT",
      "m" : "4611686018434794766"
    }, {
      "d" : "1756462582911108900",
      "t" : 1756462582911,
      "tn" : 1756462582911108900,
      "q" : "105",
      "p" : "0.36547",
      "s" : "sell",
      "i" : "XLM_USDT",
      "m" : "4611686018434794765"
    }, {
      "d" : "1756462478668975258",
      "t" : 1756462478668,
      "tn" : 1756462478668975258,
      "q" : "4",
      "p" : "0.36538",
      "s" : "buy",
      "i" : "XLM_USDT",
      "m" : "4611686018434794764"
    }, {
      "d" : "1756462478630070984",
      "t" : 1756462478630,
      "tn" : 1756462478630070984,
      "q" : "4",
      "p" : "0.36538",
      "s" : "buy",
      "i" : "XLM_USDT",
      "m" : "4611686018434794763"
    }, {
      "d" : "1756462471774429644",
      "t" : 1756462471774,
      "tn" : 1756462471774429643,
      "q" : "54",
      "p" : "0.36529",
      "s" : "buy",
      "i" : "XLM_USDT",
      "m" : "4611686018434794762"
    }, {
      "d" : "1756462471774429643",
      "t" : 1756462471774,
      "tn" : 1756462471774429643,
      "q" : "4",
      "p" : "0.36529",
      "s" : "buy",
      "i" : "XLM_USDT",
      "m" : "4611686018434794762"
    }, {
      "d" : "1756462470197346974",
      "t" : 1756462470197,
      "tn" : 1756462470197346974,
      "q" : "4",
      "p" : "0.36518",
      "s" : "buy",
      "i" : "XLM_USDT",
      "m" : "4611686018434794761"
    }, {
      "d" : "1756462469637502283",
      "t" : 1756462469637,
      "tn" : 1756462469637502283,
      "q" : "4",
      "p" : "0.36518",
      "s" : "buy",
      "i" : "XLM_USDT",
      "m" : "4611686018434794760"
    }, {
      "d" : "1756462469564042189",
      "t" : 1756462469564,
      "tn" : 1756462469564042189,
      "q" : "4",
      "p" : "0.36518",
      "s" : "buy",
      "i" : "XLM_USDT",
      "m" : "4611686018434794759"
    }, {
      "d" : "1756462469386745754",
      "t" : 1756462469386,
      "tn" : 1756462469386745753,
      "q" : "4",
      "p" : "0.36516",
      "s" : "buy",
      "i" : "XLM_USDT",
      "m" : "4611686018434794758"
    }, {
      "d" : "1756462469386745753",
      "t" : 1756462469386,
      "tn" : 1756462469386745753,
      "q" : "54",
      "p" : "0.36516",
      "s" : "buy",
      "i" : "XLM_USDT",
      "m" : "4611686018434794758"
    }, {
      "d" : "1756462452623173053",
      "t" : 1756462452623,
      "tn" : 1756462452623173053,
      "q" : "4",
      "p" : "0.36516",
      "s" : "buy",
      "i" : "XLM_USDT",
      "m" : "4611686018434794757"
    }, {
      "d" : "1756462452614238127",
      "t" : 1756462452614,
      "tn" : 1756462452614238127,
      "q" : "4",
      "p" : "0.36516",
      "s" : "buy",
      "i" : "XLM_USDT",
      "m" : "4611686018434794756"
    }, {
      "d" : "1756462452543927888",
      "t" : 1756462452543,
      "tn" : 1756462452543927886,
      "q" : "4",
      "p" : "0.36516",
      "s" : "buy",
      "i" : "XLM_USDT",
      "m" : "4611686018434794755"
    }, {
      "d" : "1756462446376649774",
      "t" : 1756462446376,
      "tn" : 1756462446376649773,
      "q" : "68",
      "p" : "0.36511",
      "s" : "buy",
      "i" : "XLM_USDT",
      "m" : "4611686018434794754"
    }, {
      "d" : "1756462446376649773",
      "t" : 1756462446376,
      "tn" : 1756462446376649773,
      "q" : "4",
      "p" : "0.36511",
      "s" : "buy",
      "i" : "XLM_USDT",
      "m" : "4611686018434794754"
    }, {
      "d" : "1756462431948014546",
      "t" : 1756462431948,
      "tn" : 1756462431948014546,
      "q" : "1016",
      "p" : "0.36526",
      "s" : "sell",
      "i" : "XLM_USDT",
      "m" : "4611686018434794753"
    }, {
      "d" : "1756462431925505450",
      "t" : 1756462431925,
      "tn" : 1756462431925505450,
      "q" : "1004",
      "p" : "0.36526",
      "s" : "sell",
      "i" : "XLM_USDT",
      "m" : "4611686018434794752"
    }, {
      "d" : "1756462424525610102",
      "t" : 1756462424525,
      "tn" : 1756462424525610102,
      "q" : "66",
      "p" : "0.36537",
      "s" : "sell",
      "i" : "XLM_USDT",
      "m" : "4611686018434794751"
    }, {
      "d" : "1756462424265940354",
      "t" : 1756462424265,
      "tn" : 1756462424265940354,
      "q" : "97",
      "p" : "0.36537",
      "s" : "sell",
      "i" : "XLM_USDT",
      "m" : "4611686018434794750"
    }, {
      "d" : "1756462424243357587",
      "t" : 1756462424243,
      "tn" : 1756462424243357587,
      "q" : "97",
      "p" : "0.36537",
      "s" : "sell",
      "i" : "XLM_USDT",
      "m" : "4611686018434794749"
    }, {
      "d" : "1756462373267453573",
      "t" : 1756462373267,
      "tn" : 1756462373267453572,
      "q" : "4",
      "p" : "0.36550",
      "s" : "buy",
      "i" : "XLM_USDT",
      "m" : "4611686018434794748"
    }, {
      "d" : "1756462373267453572",
      "t" : 1756462373267,
      "tn" : 1756462373267453572,
      "q" : "68",
      "p" : "0.36550",
      "s" : "buy",
      "i" : "XLM_USDT",
      "m" : "4611686018434794748"
    }, {
      "d" : "1756462334925478337",
      "t" : 1756462334925,
      "tn" : 1756462334925478337,
      "q" : "4",
      "p" : "0.36553",
      "s" : "buy",
      "i" : "XLM_USDT",
      "m" : "4611686018434794747"
    }, {
      "d" : "1756462332359231543",
      "t" : 1756462332359,
      "tn" : 1756462332359231543,
      "q" : "4",
      "p" : "0.36543",
      "s" : "buy",
      "i" : "XLM_USDT",
      "m" : "4611686018434794746"
    }, {
      "d" : "1756462332304566669",
      "t" : 1756462332304,
      "tn" : 1756462332304566669,
      "q" : "4",
      "p" : "0.36543",
      "s" : "buy",
      "i" : "XLM_USDT",
      "m" : "4611686018434794745"
    }, {
      "d" : "1756462328392841190",
      "t" : 1756462328392,
      "tn" : 1756462328392841190,
      "q" : "4",
      "p" : "0.36536",
      "s" : "buy",
      "i" : "XLM_USDT",
      "m" : "4611686018434794744"
    }, {
      "d" : "1756462308118203434",
      "t" : 1756462308118,
      "tn" : 1756462308118203434,
      "q" : "4",
      "p" : "0.36536",
      "s" : "buy",
      "i" : "XLM_USDT",
      "m" : "4611686018434794743"
    }, {
      "d" : "1756462260429244417",
      "t" : 1756462260429,
      "tn" : 1756462260429244415,
      "q" : "4",
      "p" : "0.36521",
      "s" : "buy",
      "i" : "XLM_USDT",
      "m" : "4611686018434794742"
    }, {
      "d" : "1756462260429244416",
      "t" : 1756462260429,
      "tn" : 1756462260429244415,
      "q" : "82",
      "p" : "0.36521",
      "s" : "buy",
      "i" : "XLM_USDT",
      "m" : "4611686018434794742"
    }, {
      "d" : "1756462260429244415",
      "t" : 1756462260429,
      "tn" : 1756462260429244415,
      "q" : "171",
      "p" : "0.36521",
      "s" : "buy",
      "i" : "XLM_USDT",
      "m" : "4611686018434794742"
    }, {
      "d" : "1756462185203133623",
      "t" : 1756462185203,
      "tn" : 1756462185203133623,
      "q" : "985",
      "p" : "0.36538",
      "s" : "sell",
      "i" : "XLM_USDT",
      "m" : "4611686018434794741"
    }, {
      "d" : "1756462160736227540",
      "t" : 1756462160736,
      "tn" : 1756462160736227540,
      "q" : "4",
      "p" : "0.36536",
      "s" : "buy",
      "i" : "XLM_USDT",
      "m" : "4611686018434794740"
    }, {
      "d" : "1756462153159516389",
      "t" : 1756462153159,
      "tn" : 1756462153159516389,
      "q" : "4",
      "p" : "0.36544",
      "s" : "sell",
      "i" : "XLM_USDT",
      "m" : "4611686018434794739"
    }, {
      "d" : "1756462135803277862",
      "t" : 1756462135803,
      "tn" : 1756462135803277862,
      "q" : "4",
      "p" : "0.36552",
      "s" : "buy",
      "i" : "XLM_USDT",
      "m" : "4611686018434794738"
    }, {
      "d" : "1756462096759334394",
      "t" : 1756462096759,
      "tn" : 1756462096759334394,
      "q" : "1000",
      "p" : "0.36555",
      "s" : "sell",
      "i" : "XLM_USDT",
      "m" : "4611686018434794737"
    }, {
      "d" : "1756462051651164049",
      "t" : 1756462051651,
      "tn" : 1756462051651164049,
      "q" : "2735",
      "p" : "0.36558",
      "s" : "sell",
      "i" : "XLM_USDT",
      "m" : "4611686018434794736"
    }, {
      "d" : "1756462037113517304",
      "t" : 1756462037113,
      "tn" : 1756462037113517304,
      "q" : "180",
      "p" : "0.36545",
      "s" : "sell",
      "i" : "XLM_USDT",
      "m" : "4611686018434794735"
    }, {
      "d" : "1756462036427762416",
      "t" : 1756462036427,
      "tn" : 1756462036427762416,
      "q" : "4",
      "p" : "0.36538",
      "s" : "buy",
      "i" : "XLM_USDT",
      "m" : "4611686018434794734"
    }, {
      "d" : "1756462003898021204",
      "t" : 1756462003898,
      "tn" : 1756462003898021204,
      "q" : "4",
      "p" : "0.36509",
      "s" : "buy",
      "i" : "XLM_USDT",
      "m" : "4611686018434794733"
    }, {
      "d" : "1756461998731733741",
      "t" : 1756461998731,
      "tn" : 1756461998731733741,
      "q" : "4",
      "p" : "0.36498",
      "s" : "buy",
      "i" : "XLM_USDT",
      "m" : "4611686018434794732"
    }, {
      "d" : "1756461959825787270",
      "t" : 1756461959825,
      "tn" : 1756461959825787270,
      "q" : "641",
      "p" : "0.36502",
      "s" : "sell",
      "i" : "XLM_USDT",
      "m" : "4611686018434794731"
    }, {
      "d" : "1756461959825077250",
      "t" : 1756461959825,
      "tn" : 1756461959825077250,
      "q" : "641",
      "p" : "0.36502",
      "s" : "sell",
      "i" : "XLM_USDT",
      "m" : "4611686018434794730"
    }, {
      "d" : "1756461959825075135",
      "t" : 1756461959825,
      "tn" : 1756461959825075135,
      "q" : "642",
      "p" : "0.36502",
      "s" : "sell",
      "i" : "XLM_USDT",
      "m" : "4611686018434794729"
    }, {
      "d" : "1756461959824554394",
      "t" : 1756461959824,
      "tn" : 1756461959824554394,
      "q" : "1191",
      "p" : "0.36502",
      "s" : "sell",
      "i" : "XLM_USDT",
      "m" : "4611686018434794728"
    }, {
      "d" : "1756461959824429299",
      "t" : 1756461959824,
      "tn" : 1756461959824429299,
      "q" : "450",
      "p" : "0.36502",
      "s" : "sell",
      "i" : "XLM_USDT",
      "m" : "4611686018434794727"
    }, {
      "d" : "1756461959824427330",
      "t" : 1756461959824,
      "tn" : 1756461959824427330,
      "q" : "4",
      "p" : "0.36504",
      "s" : "sell",
      "i" : "XLM_USDT",
      "m" : "4611686018434794726"
    }, {
      "d" : "1756461907674691755",
      "t" : 1756461907674,
      "tn" : 1756461907674691755,
      "q" : "1255",
      "p" : "0.36493",
      "s" : "sell",
      "i" : "XLM_USDT",
      "m" : "4611686018434794725"
    }, {
      "d" : "1756461875063205529",
      "t" : 1756461875063,
      "tn" : 1756461875063205529,
      "q" : "4",
      "p" : "0.36476",
      "s" : "buy",
      "i" : "XLM_USDT",
      "m" : "4611686018434794724"
    }, {
      "d" : "1756461869663134676",
      "t" : 1756461869663,
      "tn" : 1756461869663134676,
      "q" : "4",
      "p" : "0.36477",
      "s" : "buy",
      "i" : "XLM_USDT",
      "m" : "4611686018434794723"
    }, {
      "d" : "1756461869356288277",
      "t" : 1756461869356,
      "tn" : 1756461869356288277,
      "q" : "4",
      "p" : "0.36470",
      "s" : "buy",
      "i" : "XLM_USDT",
      "m" : "4611686018434794722"
    }, {
      "d" : "1756461866549649340",
      "t" : 1756461866549,
      "tn" : 1756461866549649340,
      "q" : "4",
      "p" : "0.36467",
      "s" : "buy",
      "i" : "XLM_USDT",
      "m" : "4611686018434794721"
    }, {
      "d" : "1756461866539112791",
      "t" : 1756461866539,
      "tn" : 1756461866539112791,
      "q" : "4",
      "p" : "0.36467",
      "s" : "buy",
      "i" : "XLM_USDT",
      "m" : "4611686018434794720"
    }, {
      "d" : "1756461866159138472",
      "t" : 1756461866159,
      "tn" : 1756461866159138472,
      "q" : "4",
      "p" : "0.36466",
      "s" : "buy",
      "i" : "XLM_USDT",
      "m" : "4611686018434794719"
    }, {
      "d" : "1756461866120278247",
      "t" : 1756461866120,
      "tn" : 1756461866120278247,
      "q" : "4",
      "p" : "0.36466",
      "s" : "buy",
      "i" : "XLM_USDT",
      "m" : "4611686018434794718"
    }, {
      "d" : "1756461866073432151",
      "t" : 1756461866073,
      "tn" : 1756461866073432151,
      "q" : "4",
      "p" : "0.36465",
      "s" : "buy",
      "i" : "XLM_USDT",
      "m" : "4611686018434794717"
    }, {
      "d" : "1756461840335533244",
      "t" : 1756461840335,
      "tn" : 1756461840335533244,
      "q" : "4",
      "p" : "0.36477",
      "s" : "buy",
      "i" : "XLM_USDT",
      "m" : "4611686018434794716"
    }, {
      "d" : "1756461809653111004",
      "t" : 1756461809653,
      "tn" : 1756461809653111004,
      "q" : "447",
      "p" : "0.36484",
      "s" : "sell",
      "i" : "XLM_USDT",
      "m" : "4611686018434794715"
    }, {
      "d" : "1756461809632547699",
      "t" : 1756461809632,
      "tn" : 1756461809632547699,
      "q" : "435",
      "p" : "0.36485",
      "s" : "sell",
      "i" : "XLM_USDT",
      "m" : "4611686018434794714"
    }, {
      "d" : "1756461809628780787",
      "t" : 1756461809628,
      "tn" : 1756461809628780787,
      "q" : "435",
      "p" : "0.36485",
      "s" : "sell",
      "i" : "XLM_USDT",
      "m" : "4611686018434794713"
    }, {
      "d" : "1756461797010401190",
      "t" : 1756461797010,
      "tn" : 1756461797010401190,
      "q" : "2741",
      "p" : "0.36488",
      "s" : "sell",
      "i" : "XLM_USDT",
      "m" : "4611686018434794712"
    }, {
      "d" : "1756461751104908594",
      "t" : 1756461751104,
      "tn" : 1756461751104908594,
      "q" : "455",
      "p" : "0.36460",
      "s" : "buy",
      "i" : "XLM_USDT",
      "m" : "4611686018434794711"
    }, {
      "d" : "1756461751104442634",
      "t" : 1756461751104,
      "tn" : 1756461751104442634,
      "q" : "641",
      "p" : "0.36460",
      "s" : "buy",
      "i" : "XLM_USDT",
      "m" : "4611686018434794710"
    }, {
      "d" : "1756461751103652727",
      "t" : 1756461751103,
      "tn" : 1756461751103652727,
      "q" : "1000",
      "p" : "0.36460",
      "s" : "buy",
      "i" : "XLM_USDT",
      "m" : "4611686018434794709"
    }, {
      "d" : "1756461751102203869",
      "t" : 1756461751102,
      "tn" : 1756461751102203869,
      "q" : "1000",
      "p" : "0.36460",
      "s" : "buy",
      "i" : "XLM_USDT",
      "m" : "4611686018434794708"
    }, {
      "d" : "1756461751046928866",
      "t" : 1756461751046,
      "tn" : 1756461751046928866,
      "q" : "435",
      "p" : "0.36459",
      "s" : "buy",
      "i" : "XLM_USDT",
      "m" : "4611686018434794707"
    }, {
      "d" : "1756461750972801838",
      "t" : 1756461750972,
      "tn" : 1756461750972801838,
      "q" : "1000",
      "p" : "0.36458",
      "s" : "buy",
      "i" : "XLM_USDT",
      "m" : "4611686018434794706"
    }, {
      "d" : "1756461750972506797",
      "t" : 1756461750972,
      "tn" : 1756461750972506797,
      "q" : "996",
      "p" : "0.36458",
      "s" : "buy",
      "i" : "XLM_USDT",
      "m" : "4611686018434794705"
    }, {
      "d" : "1756461750972505596",
      "t" : 1756461750972,
      "tn" : 1756461750972505596,
      "q" : "4",
      "p" : "0.36456",
      "s" : "buy",
      "i" : "XLM_USDT",
      "m" : "4611686018434794704"
    }, {
      "d" : "1756461723491725389",
      "t" : 1756461723491,
      "tn" : 1756461723491725389,
      "q" : "4",
      "p" : "0.36432",
      "s" : "buy",
      "i" : "XLM_USDT",
      "m" : "4611686018434794703"
    }, {
      "d" : "1756461721569506313",
      "t" : 1756461721569,
      "tn" : 1756461721569506313,
      "q" : "4",
      "p" : "0.36422",
      "s" : "buy",
      "i" : "XLM_USDT",
      "m" : "4611686018434794702"
    }, {
      "d" : "1756461721555123847",
      "t" : 1756461721555,
      "tn" : 1756461721555123847,
      "q" : "4",
      "p" : "0.36422",
      "s" : "buy",
      "i" : "XLM_USDT",
      "m" : "4611686018434794701"
    }, {
      "d" : "1756461721477897680",
      "t" : 1756461721477,
      "tn" : 1756461721477897680,
      "q" : "4",
      "p" : "0.36422",
      "s" : "buy",
      "i" : "XLM_USDT",
      "m" : "4611686018434794700"
    }, {
      "d" : "1756461682704943007",
      "t" : 1756461682704,
      "tn" : 1756461682704943007,
      "q" : "171",
      "p" : "0.36395",
      "s" : "buy",
      "i" : "XLM_USDT",
      "m" : "4611686018434794699"
    }, {
      "d" : "1756461669188923026",
      "t" : 1756461669188,
      "tn" : 1756461669188923026,
      "q" : "4",
      "p" : "0.36400",
      "s" : "buy",
      "i" : "XLM_USDT",
      "m" : "4611686018434794698"
    }, {
      "d" : "1756461669094162953",
      "t" : 1756461669094,
      "tn" : 1756461669094162953,
      "q" : "4",
      "p" : "0.36396",
      "s" : "buy",
      "i" : "XLM_USDT",
      "m" : "4611686018434794697"
    }, {
      "d" : "1756461636989674427",
      "t" : 1756461636989,
      "tn" : 1756461636989674426,
      "q" : "96",
      "p" : "0.36379",
      "s" : "buy",
      "i" : "XLM_USDT",
      "m" : "4611686018434794696"
    }, {
      "d" : "1756461636989674426",
      "t" : 1756461636989,
      "tn" : 1756461636989674426,
      "q" : "4",
      "p" : "0.36379",
      "s" : "buy",
      "i" : "XLM_USDT",
      "m" : "4611686018434794696"
    }, {
      "d" : "1756461609848316722",
      "t" : 1756461609848,
      "tn" : 1756461609848316722,
      "q" : "4",
      "p" : "0.36370",
      "s" : "buy",
      "i" : "XLM_USDT",
      "m" : "4611686018434794695"
    }, {
      "d" : "1756461609579151447",
      "t" : 1756461609579,
      "tn" : 1756461609579151447,
      "q" : "4",
      "p" : "0.36366",
      "s" : "buy",
      "i" : "XLM_USDT",
      "m" : "4611686018434794694"
    }, {
      "d" : "1756461609014262696",
      "t" : 1756461609014,
      "tn" : 1756461609014262696,
      "q" : "4",
      "p" : "0.36367",
      "s" : "buy",
      "i" : "XLM_USDT",
      "m" : "4611686018434794693"
    }, {
      "d" : "1756461609000784867",
      "t" : 1756461609000,
      "tn" : 1756461609000784867,
      "q" : "4",
      "p" : "0.36366",
      "s" : "buy",
      "i" : "XLM_USDT",
      "m" : "4611686018434794692"
    }, {
      "d" : "1756461551098904038",
      "t" : 1756461551098,
      "tn" : 1756461551098904038,
      "q" : "4",
      "p" : "0.36380",
      "s" : "buy",
      "i" : "XLM_USDT",
      "m" : "4611686018434794691"
    }, {
      "d" : "1756461549489668347",
      "t" : 1756461549489,
      "tn" : 1756461549489668347,
      "q" : "4",
      "p" : "0.36376",
      "s" : "buy",
      "i" : "XLM_USDT",
      "m" : "4611686018434794690"
    }, {
      "d" : "1756461532638700284",
      "t" : 1756461532638,
      "tn" : 1756461532638700284,
      "q" : "4",
      "p" : "0.36361",
      "s" : "buy",
      "i" : "XLM_USDT",
      "m" : "4611686018434794689"
    }, {
      "d" : "1756461532629702495",
      "t" : 1756461532629,
      "tn" : 1756461532629702495,
      "q" : "4",
      "p" : "0.36361",
      "s" : "buy",
      "i" : "XLM_USDT",
      "m" : "4611686018434794688"
    }, {
      "d" : "1756461532614598677",
      "t" : 1756461532614,
      "tn" : 1756461532614598677,
      "q" : "4",
      "p" : "0.36361",
      "s" : "buy",
      "i" : "XLM_USDT",
      "m" : "4611686018434794687"
    }, {
      "d" : "1756461532594444124",
      "t" : 1756461532594,
      "tn" : 1756461532594444124,
      "q" : "4",
      "p" : "0.36361",
      "s" : "buy",
      "i" : "XLM_USDT",
      "m" : "4611686018434794686"
    }, {
      "d" : "1756461532575558763",
      "t" : 1756461532575,
      "tn" : 1756461532575558763,
      "q" : "4",
      "p" : "0.36361",
      "s" : "buy",
      "i" : "XLM_USDT",
      "m" : "4611686018434794685"
    }, {
      "d" : "1756461532564289462",
      "t" : 1756461532564,
      "tn" : 1756461532564289462,
      "q" : "4",
      "p" : "0.36361",
      "s" : "buy",
      "i" : "XLM_USDT",
      "m" : "4611686018434794684"
    }, {
      "d" : "1756461532554251182",
      "t" : 1756461532554,
      "tn" : 1756461532554251182,
      "q" : "4",
      "p" : "0.36361",
      "s" : "buy",
      "i" : "XLM_USDT",
      "m" : "4611686018434794683"
    }, {
      "d" : "1756461532544120155",
      "t" : 1756461532544,
      "tn" : 1756461532544120155,
      "q" : "4",
      "p" : "0.36361",
      "s" : "buy",
      "i" : "XLM_USDT",
      "m" : "4611686018434794682"
    }, {
      "d" : "1756461532536684700",
      "t" : 1756461532536,
      "tn" : 1756461532536684700,
      "q" : "4",
      "p" : "0.36361",
      "s" : "buy",
      "i" : "XLM_USDT",
      "m" : "4611686018434794681"
    }, {
      "d" : "1756461440964512457",
      "t" : 1756461440964,
      "tn" : 1756461440964512457,
      "q" : "4",
      "p" : "0.36403",
      "s" : "buy",
      "i" : "XLM_USDT",
      "m" : "4611686018434794680"
    }, {
      "d" : "1756461403152934981",
      "t" : 1756461403152,
      "tn" : 1756461403152934981,
      "q" : "4",
      "p" : "0.36396",
      "s" : "buy",
      "i" : "XLM_USDT",
      "m" : "4611686018434794679"
    }, {
      "d" : "1756461402994741972",
      "t" : 1756461402994,
      "tn" : 1756461402994741971,
      "q" : "4",
      "p" : "0.36392",
      "s" : "buy",
      "i" : "XLM_USDT",
      "m" : "4611686018434794678"
    }, {
      "d" : "1756461402994741971",
      "t" : 1756461402994,
      "tn" : 1756461402994741971,
      "q" : "68",
      "p" : "0.36392",
      "s" : "buy",
      "i" : "XLM_USDT",
      "m" : "4611686018434794678"
    }, {
      "d" : "1756461386071456620",
      "t" : 1756461386071,
      "tn" : 1756461386071456620,
      "q" : "642",
      "p" : "0.36398",
      "s" : "sell",
      "i" : "XLM_USDT",
      "m" : "4611686018434794677"
    }, {
      "d" : "1756461386070824783",
      "t" : 1756461386070,
      "tn" : 1756461386070824783,
      "q" : "846",
      "p" : "0.36398",
      "s" : "sell",
      "i" : "XLM_USDT",
      "m" : "4611686018434794676"
    }, {
      "d" : "1756461382468551697",
      "t" : 1756461382468,
      "tn" : 1756461382468551697,
      "q" : "436",
      "p" : "0.36408",
      "s" : "sell",
      "i" : "XLM_USDT",
      "m" : "4611686018434794675"
    }, {
      "d" : "1756461382461236698",
      "t" : 1756461382461,
      "tn" : 1756461382461236698,
      "q" : "34",
      "p" : "0.36407",
      "s" : "sell",
      "i" : "XLM_USDT",
      "m" : "4611686018434794674"
    }, {
      "d" : "1756461382460675940",
      "t" : 1756461382460,
      "tn" : 1756461382460675940,
      "q" : "436",
      "p" : "0.36408",
      "s" : "sell",
      "i" : "XLM_USDT",
      "m" : "4611686018434794673"
    }, {
      "d" : "1756461339879248214",
      "t" : 1756461339879,
      "tn" : 1756461339879248214,
      "q" : "4",
      "p" : "0.36403",
      "s" : "buy",
      "i" : "XLM_USDT",
      "m" : "4611686018434794672"
    }, {
      "d" : "1756461339744069658",
      "t" : 1756461339744,
      "tn" : 1756461339744069657,
      "q" : "4",
      "p" : "0.36403",
      "s" : "buy",
      "i" : "XLM_USDT",
      "m" : "4611686018434794671"
    }, {
      "d" : "1756461339744069657",
      "t" : 1756461339744,
      "tn" : 1756461339744069657,
      "q" : "68",
      "p" : "0.36403",
      "s" : "buy",
      "i" : "XLM_USDT",
      "m" : "4611686018434794671"
    }, {
      "d" : "1756461291112893903",
      "t" : 1756461291112,
      "tn" : 1756461291112893903,
      "q" : "4",
      "p" : "0.36401",
      "s" : "buy",
      "i" : "XLM_USDT",
      "m" : "4611686018434794670"
    }, {
      "d" : "1756461290922489816",
      "t" : 1756461290922,
      "tn" : 1756461290922489816,
      "q" : "4",
      "p" : "0.36400",
      "s" : "buy",
      "i" : "XLM_USDT",
      "m" : "4611686018434794669"
    }, {
      "d" : "1756461290903499968",
      "t" : 1756461290903,
      "tn" : 1756461290903499968,
      "q" : "4",
      "p" : "0.36400",
      "s" : "buy",
      "i" : "XLM_USDT",
      "m" : "4611686018434794668"
    }, {
      "d" : "1756461290768226566",
      "t" : 1756461290768,
      "tn" : 1756461290768226566,
      "q" : "4",
      "p" : "0.36400",
      "s" : "buy",
      "i" : "XLM_USDT",
      "m" : "4611686018434794667"
    }, {
      "d" : "1756461284467921364",
      "t" : 1756461284467,
      "tn" : 1756461284467921364,
      "q" : "4",
      "p" : "0.36402",
      "s" : "buy",
      "i" : "XLM_USDT",
      "m" : "4611686018434794666"
    }, {
      "d" : "1756461241285556959",
      "t" : 1756461241285,
      "tn" : 1756461241285556959,
      "q" : "4",
      "p" : "0.36399",
      "s" : "buy",
      "i" : "XLM_USDT",
      "m" : "4611686018434794665"
    }, {
      "d" : "1756461190070103736",
      "t" : 1756461190070,
      "tn" : 1756461190070103736,
      "q" : "4",
      "p" : "0.36394",
      "s" : "sell",
      "i" : "XLM_USDT",
      "m" : "4611686018434794664"
    }, {
      "d" : "1756461187326769374",
      "t" : 1756461187326,
      "tn" : 1756461187326769374,
      "q" : "4",
      "p" : "0.36390",
      "s" : "buy",
      "i" : "XLM_USDT",
      "m" : "4611686018434794663"
    }, {
      "d" : "1756461119889163191",
      "t" : 1756461119889,
      "tn" : 1756461119889163191,
      "q" : "4",
      "p" : "0.36399",
      "s" : "buy",
      "i" : "XLM_USDT",
      "m" : "4611686018434794662"
    } ]
  }
}