{
  "id" : -1,
  "method" : "public/get-trades",
  "code" : 0,
  "result" : {
    "data" : [ {
      "d" : "1756462994914340149",
      "t" : 1756462994914,
      "tn" : 1756462994914340149,
      "q" : "10",
      "p" : "0.36550",
      "s" : "buy",
      "i" : "XLMUSD-PERP",
      "m" : "4611686018432434983"
    }, {
      "d" : "1756462988025728318",
      "t" : 1756462988025,
      "tn" : 1756462988025728318,
      "q" : "10",
      "p" : "0.36548",
      "s" : "buy",
      "i" : "XLMUSD-PERP",
      "m" : "4611686018432434982"
    }, {
      "d" : "1756462985005670823",
      "t" : 1756462985005,
      "tn" : 1756462985005670823,
      "q" : "10",
      "p" : "0.36554",
      "s" : "sell",
      "i" : "XLMUSD-PERP",
      "m" : "4611686018432434981"
    }, {
      "d" : "1756462981639229756",
      "t" : 1756462981639,
      "tn" : 1756462981639229756,
      "q" : "10",
      "p" : "0.36561",
      "s" : "sell",
      "i" : "XLMUSD-PERP",
      "m" : "4611686018432434980"
    }, {
      "d" : "1756462980075073384",
      "t" : 1756462980075,
      "tn" : 1756462980075073384,
      "q" : "10",
      "p" : "0.36565",
      "s" : "sell",
      "i" : "XLMUSD-PERP",
      "m" : "4611686018432434979"
    }, {
      "d" : "1756462976431257848",
      "t" : 1756462976431,
      "tn" : 1756462976431257848,
      "q" : "10",
      "p" : "0.36563",
      "s" : "buy",
      "i" : "XLMUSD-PERP",
      "m" : "4611686018432434978"
    }, {
      "d" : "1756462965796360047",
      "t" : 1756462965796,
      "tn" : 1756462965796360047,
      "q" : "10",
      "p" : "0.36561",
      "s" : "buy",
      "i" : "XLMUSD-PERP",
      "m" : "4611686018432434977"
    }, {
      "d" : "1756462964597520654",
      "t" : 1756462964597,
      "tn" : 1756462964597520654,
      "q" : "10",
      "p" : "0.36569",
      "s" : "sell",
      "i" : "XLMUSD-PERP",
      "m" : "4611686018432434976"
    }, {
      "d" : "1756462957813220457",
      "t" : 1756462957813,
      "tn" : 1756462957813220457,
      "q" : "10",
      "p" : "0.36565",
      "s" : "buy",
      "i" : "XLMUSD-PERP",
      "m" : "4611686018432434975"
    }, {
      "d" : "1756462952526193825",
      "t" : 1756462952526,
      "tn" : 1756462952526193825,
      "q" : "330",
      "p" : "0.36568",
      "s" : "sell",
      "i" : "XLMUSD-PERP",
      "m" : "4611686018432434974"
    }, {
      "d" : "1756462952526192019",
      "t" : 1756462952526,
      "tn" : 1756462952526192019,
      "q" : "10",
      "p" : "0.36569",
      "s" : "sell",
      "i" : "XLMUSD-PERP",
      "m" : "4611686018432434973"
    }, {
      "d" : "1756462951660089620",
      "t" : 1756462951660,
      "tn" : 1756462951660089620,
      "q" : "10",
      "p" : "0.36564",
      "s" : "buy",
      "i" : "XLMUSD-PERP",
      "m" : "4611686018432434972"
    }, {
      "d" : "1756462951458773670",
      "t" : 1756462951458,
      "tn" : 1756462951458773670,
      "q" : "10",
      "p" : "0.36560",
      "s" : "buy",
      "i" : "XLMUSD-PERP",
      "m" : "4611686018432434971"
    }, {
      "d" : "1756462951344329188",
      "t" : 1756462951344,
      "tn" : 1756462951344329188,
      "q" : "10",
      "p" : "0.36557",
      "s" : "buy",
      "i" : "XLMUSD-PERP",
      "m" : "4611686018432434970"
    }, {
      "d" : "1756462951038562930",
      "t" : 1756462951038,
      "tn" : 1756462951038562930,
      "q" : "10",
      "p" : "0.36565",
      "s" : "sell",
      "i" : "XLMUSD-PERP",
      "m" : "4611686018432434969"
    }, {
      "d" : "1756462950859478404",
      "t" : 1756462950859,
      "tn" : 1756462950859478404,
      "q" : "10",
      "p" : "0.36573",
      "s" : "sell",
      "i" : "XLMUSD-PERP",
      "m" : "4611686018432434968"
    }, {
      "d" : "1756462947762499512",
      "t" : 1756462947762,
      "tn" : 1756462947762499512,
      "q" : "10",
      "p" : "0.36584",
      "s" : "sell",
      "i" : "XLMUSD-PERP",
      "m" : "4611686018432434967"
    }, {
      "d" : "1756462936896486466",
      "t" : 1756462936896,
      "tn" : 1756462936896486466,
      "q" : "10",
      "p" : "0.36601",
      "s" : "sell",
      "i" : "XLMUSD-PERP",
      "m" : "4611686018432434966"
    }, {
      "d" : "1756462935512502312",
      "t" : 1756462935512,
      "tn" : 1756462935512502312,
      "q" : "10",
      "p" : "0.36606",
      "s" : "sell",
      "i" : "XLMUSD-PERP",
      "m" : "4611686018432434965"
    }, {
      "d" : "1756462930779232632",
      "t" : 1756462930779,
      "tn" : 1756462930779232632,
      "q" : "10",
      "p" : "0.36594",
      "s" : "buy",
      "i" : "XLMUSD-PERP",
      "m" : "4611686018432434964"
    }, {
      "d" : "1756462929958189098",
      "t" : 1756462929958,
      "tn" : 1756462929958189098,
      "q" : "10",
      "p" : "0.36589",
      "s" : "buy",
      "i" : "XLMUSD-PERP",
      "m" : "4611686018432434963"
    }, {
      "d" : "1756462929801935689",
      "t" : 1756462929801,
      "tn" : 1756462929801935689,
      "q" : "10",
      "p" : "0.36578",
      "s" : "buy",
      "i" : "XLMUSD-PERP",
      "m" : "4611686018432434962"
    }, {
      "d" : "1756462920934773397",
      "t" : 1756462920934,
      "tn" : 1756462920934773397,
      "q" : "10",
      "p" : "0.36571",
      "s" : "buy",
      "i" : "XLMUSD-PERP",
      "m" : "4611686018432434961"
    }, {
      "d" : "1756462909112612804",
      "t" : 1756462909112,
      "tn" : 1756462909112612804,
      "q" : "10",
      "p" : "0.36586",
      "s" : "sell",
      "i" : "XLMUSD-PERP",
      "m" : "4611686018432434960"
    }, {
      "d" : "1756462903908981029",
      "t" : 1756462903908,
      "tn" : 1756462903908981029,
      "q" : "10",
      "p" : "0.36581",
      "s" : "buy",
      "i" : "XLMUSD-PERP",
      "m" : "4611686018432434959"
    }, {
      "d" : "1756462902619189480",
      "t" : 1756462902619,
      "tn" : 1756462902619189480,
      "q" : "10",
      "p" : "0.36579",
      "s" : "buy",
      "i" : "XLMUSD-PERP",
      "m" : "4611686018432434958"
    }, {
      "d" : "1756462901844576810",
      "t" : 1756462901844,
      "tn" : 1756462901844576809,
      "q" : "100",
      "p" : "0.36584",
      "s" : "sell",
      "i" : "XLMUSD-PERP",
      "m" : "4611686018432434957"
    }, {
      "d" : "1756462901844576809",
      "t" : 1756462901844,
      "tn" : 1756462901844576809,
      "q" : "10",
      "p" : "0.36584",
      "s" : "sell",
      "i" : "XLMUSD-PERP",
      "m" : "4611686018432434957"
    }, {
      "d" : "1756462896212226727",
      "t" : 1756462896212,
      "tn" : 1756462896212226727,
      "q" : "10",
      "p" : "0.36591",
      "s" : "sell",
      "i" : "XLMUSD-PERP",
      "m" : "4611686018432434956"
    }, {
      "d" : "1756462876370725669",
      "t" : 1756462876370,
      "tn" : 1756462876370725669,
      "q" : "10",
      "p" : "0.36594",
      "s" : "buy",
      "i" : "XLMUSD-PERP",
      "m" : "4611686018432434955"
    }, {
      "d" : "1756462874264706804",
      "t" : 1756462874264,
      "tn" : 1756462874264706804,
      "q" : "10",
      "p" : "0.36593",
      "s" : "buy",
      "i" : "XLMUSD-PERP",
      "m" : "4611686018432434954"
    }, {
      "d" : "1756462869592587930",
      "t" : 1756462869592,
      "tn" : 1756462869592587929,
      "q" : "100",
      "p" : "0.36612",
      "s" : "sell",
      "i" : "XLMUSD-PERP",
      "m" : "4611686018432434953"
    }, {
      "d" : "1756462869592587929",
      "t" : 1756462869592,
      "tn" : 1756462869592587929,
      "q" : "10",
      "p" : "0.36612",
      "s" : "sell",
      "i" : "XLMUSD-PERP",
      "m" : "4611686018432434953"
    }, {
      "d" : "1756462851746756691",
      "t" : 1756462851746,
      "tn" : 1756462851746756691,
      "q" : "10",
      "p" : "0.36616",
      "s" : "buy",
      "i" : "XLMUSD-PERP",
      "m" : "4611686018432434952"
    }, {
      "d" : "1756462850255965494",
      "t" : 1756462850255,
      "tn" : 1756462850255965494,
      "q" : "10",
      "p" : "0.36621",
      "s" : "sell",
      "i" : "XLMUSD-PERP",
      "m" : "4611686018432434951"
    }, {
      "d" : "1756462849507799818",
      "t" : 1756462849507,
      "tn" : 1756462849507799818,
      "q" : "10",
      "p" : "0.36625",
      "s" : "sell",
      "i" : "XLMUSD-PERP",
      "m" : "4611686018432434950"
    }, {
      "d" : "1756462845469408891",
      "t" : 1756462845469,
      "tn" : 1756462845469408891,
      "q" : "10",
      "p" : "0.36639",
      "s" : "sell",
      "i" : "XLMUSD-PERP",
      "m" : "4611686018432434949"
    }, {
      "d" : "1756462826737866459",
      "t" : 1756462826737,
      "tn" : 1756462826737866459,
      "q" : "10",
      "p" : "0.36649",
      "s" : "sell",
      "i" : "XLMUSD-PERP",
      "m" : "4611686018432434948"
    }, {
      "d" : "1756462780936228287",
      "t" : 1756462780936,
      "tn" : 1756462780936228287,
      "q" : "10",
      "p" : "0.36622",
      "s" : "sell",
      "i" : "XLMUSD-PERP",
      "m" : "4611686018432434947"
    }, {
      "d" : "1756462748507522744",
      "t" : 1756462748507,
      "tn" : 1756462748507522744,
      "q" : "10",
      "p" : "0.36593",
      "s" : "sell",
      "i" : "XLMUSD-PERP",
      "m" : "4611686018432434946"
    }, {
      "d" : "1756462746553271992",
      "t" : 1756462746553,
      "tn" : 1756462746553271992,
      "q" : "10",
      "p" : "0.36580",
      "s" : "buy",
      "i" : "XLMUSD-PERP",
      "m" : "4611686018432434945"
    }, {
      "d" : "1756462746553269898",
      "t" : 1756462746553,
      "tn" : 1756462746553269898,
      "q" : "10",
      "p" : "0.36577",
      "s" : "buy",
      "i" : "XLMUSD-PERP",
      "m" : "4611686018432434944"
    }, {
      "d" : "1756462746418242542",
      "t" : 1756462746418,
      "tn" : 1756462746418242542,
      "q" : "10",
      "p" : "0.36581",
      "s" : "sell",
      "i" : "XLMUSD-PERP",
      "m" : "4611686018432434943"
    }, {
      "d" : "1756462746102703564",
      "t" : 1756462746102,
      "tn" : 1756462746102703564,
      "q" : "10",
      "p" : "0.36583",
      "s" : "sell",
      "i" : "XLMUSD-PERP",
      "m" : "4611686018432434942"
    }, {
      "d" : "1756462741646282710",
      "t" : 1756462741646,
      "tn" : 1756462741646282710,
      "q" : "240",
      "p" : "0.36577",
      "s" : "buy",
      "i" : "XLMUSD-PERP",
      "m" : "4611686018432434941"
    }, {
      "d" : "1756462741635549571",
      "t" : 1756462741635,
      "tn" : 1756462741635549571,
      "q" : "10",
      "p" : "0.36575",
      "s" : "buy",
      "i" : "XLMUSD-PERP",
      "m" : "4611686018432434940"
    }, {
      "d" : "1756462736442387251",
      "t" : 1756462736442,
      "tn" : 1756462736442387251,
      "q" : "10",
      "p" : "0.36564",
      "s" : "buy",
      "i" : "XLMUSD-PERP",
      "m" : "4611686018432434939"
    }, {
      "d" : "1756462723774612980",
      "t" : 1756462723774,
      "tn" : 1756462723774612980,
      "q" : "10",
      "p" : "0.36557",
      "s" : "buy",
      "i" : "XLMUSD-PERP",
      "m" : "4611686018432434938"
    }, {
      "d" : "1756462715558561407",
      "t" : 1756462715558,
      "tn" : 1756462715558561407,
      "q" : "10",
      "p" : "0.36555",
      "s" : "buy",
      "i" : "XLMUSD-PERP",
      "m" : "4611686018432434937"
    }, {
      "d" : "1756462711820334860",
      "t" : 1756462711820,
      "tn" : 1756462711820334860,
      "q" : "10",
      "p" : "0.36560",
      "s" : "sell",
      "i" : "XLMUSD-PERP",
      "m" : "4611686018432434936"
    }, {
      "d" : "1756462711654006482",
      "t" : 1756462711654,
      "tn" : 1756462711654006482,
      "q" : "10",
      "p" : "0.36564",
      "s" : "sell",
      "i" : "XLMUSD-PERP",
      "m" : "4611686018432434935"
    }, {
      "d" : "1756462701058962331",
      "t" : 1756462701058,
      "tn" : 1756462701058962331,
      "q" : "10",
      "p" : "0.36573",
      "s" : "sell",
      "i" : "XLMUSD-PERP",
      "m" : "4611686018432434934"
    }, {
      "d" : "1756462697881348417",
      "t" : 1756462697881,
      "tn" : 1756462697881348417,
      "q" : "10",
      "p" : "0.36564",
      "s" : "buy",
      "i" : "XLMUSD-PERP",
      "m" : "4611686018432434933"
    }, {
      "d" : "1756462682832852907",
      "t" : 1756462682832,
      "tn" : 1756462682832852907,
      "q" : "10",
      "p" : "0.36569",
      "s" : "sell",
      "i" : "XLMUSD-PERP",
      "m" : "4611686018432434932"
    }, {
      "d" : "1756462682635269472",
      "t" : 1756462682635,
      "tn" : 1756462682635269472,
      "q" : "10",
      "p" : "0.36572",
      "s" : "sell",
      "i" : "XLMUSD-PERP",
      "m" : "4611686018432434931"
    }, {
      "d" : "1756462679683197212",
      "t" : 1756462679683,
      "tn" : 1756462679683197211,
      "q" : "10",
      "p" : "0.36568",
      "s" : "buy",
      "i" : "XLMUSD-PERP",
      "m" : "4611686018432434930"
    }, {
      "d" : "1756462679683197211",
      "t" : 1756462679683,
      "tn" : 1756462679683197211,
      "q" : "10",
      "p" : "0.36568",
      "s" : "buy",
      "i" : "XLMUSD-PERP",
      "m" : "4611686018432434930"
    }, {
      "d" : "1756462658402085995",
      "t" : 1756462658402,
      "tn" : 1756462658402085995,
      "q" : "10",
      "p" : "0.36552",
      "s" : "buy",
      "i" : "XLMUSD-PERP",
      "m" : "4611686018432434929"
    }, {
      "d" : "1756462657946719482",
      "t" : 1756462657946,
      "tn" : 1756462657946719482,
      "q" : "10",
      "p" : "0.36546",
      "s" : "buy",
      "i" : "XLMUSD-PERP",
      "m" : "4611686018432434928"
    }, {
      "d" : "1756462651226605159",
      "t" : 1756462651226,
      "tn" : 1756462651226605159,
      "q" : "10",
      "p" : "0.36552",
      "s" : "sell",
      "i" : "XLMUSD-PERP",
      "m" : "4611686018432434927"
    }, {
      "d" : "1756462630046494875",
      "t" : 1756462630046,
      "tn" : 1756462630046494875,
      "q" : "10",
      "p" : "0.36542",
      "s" : "buy",
      "i" : "XLMUSD-PERP",
      "m" : "4611686018432434926"
    }, {
      "d" : "1756462625368798251",
      "t" : 1756462625368,
      "tn" : 1756462625368798251,
      "q" : "10",
      "p" : "0.36543",
      "s" : "sell",
      "i" : "XLMUSD-PERP",
      "m" : "4611686018432434925"
    }, {
      "d" : "1756462620089042364",
      "t" : 1756462620089,
      "tn" : 1756462620089042364,
      "q" : "10",
      "p" : "0.36532",
      "s" : "buy",
      "i" : "XLMUSD-PERP",
      "m" : "4611686018432434924"
    }, {
      "d" : "1756462616027506757",
      "t" : 1756462616027,
      "tn" : 1756462616027506757,
      "q" : "10",
      "p" : "0.36526",
      "s" : "buy",
      "i" : "XLMUSD-PERP",
      "m" : "4611686018432434923"
    }, {
      "d" : "1756462582597771008",
      "t" : 1756462582597,
      "tn" : 1756462582597771008,
      "q" : "10",
      "p" : "0.36546",
      "s" : "sell",
      "i" : "XLMUSD-PERP",
      "m" : "4611686018432434922"
    }, {
      "d" : "1756462579767148732",
      "t" : 1756462579767,
      "tn" : 1756462579767148732,
      "q" : "10",
      "p" : "0.36560",
      "s" : "sell",
      "i" : "XLMUSD-PERP",
      "m" : "4611686018432434921"
    }, {
      "d" : "1756462577790601843",
      "t" : 1756462577790,
      "tn" : 1756462577790601843,
      "q" : "10",
      "p" : "0.36564",
      "s" : "sell",
      "i" : "XLMUSD-PERP",
      "m" : "4611686018432434920"
    }, {
      "d" : "1756462570313552654",
      "t" : 1756462570313,
      "tn" : 1756462570313552654,
      "q" : "10",
      "p" : "0.36555",
      "s" : "buy",
      "i" : "XLMUSD-PERP",
      "m" : "4611686018432434919"
    }, {
      "d" : "1756462559453137882",
      "t" : 1756462559453,
      "tn" : 1756462559453137882,
      "q" : "10",
      "p" : "0.36551",
      "s" : "buy",
      "i" : "XLMUSD-PERP",
      "m" : "4611686018432434918"
    }, {
      "d" : "1756462542982387798",
      "t" : 1756462542982,
      "tn" : 1756462542982387798,
      "q" : "10",
      "p" : "0.36553",
      "s" : "sell",
      "i" : "XLMUSD-PERP",
      "m" : "4611686018432434917"
    }, {
      "d" : "1756462537949579812",
      "t" : 1756462537949,
      "tn" : 1756462537949579812,
      "q" : "10",
      "p" : "0.36547",
      "s" : "buy",
      "i" : "XLMUSD-PERP",
      "m" : "4611686018432434916"
    }, {
      "d" : "1756462535877866390",
      "t" : 1756462535877,
      "tn" : 1756462535877866390,
      "q" : "10",
      "p" : "0.36552",
      "s" : "sell",
      "i" : "XLMUSD-PERP",
      "m" : "4611686018432434915"
    }, {
      "d" : "1756462528027767605",
      "t" : 1756462528027,
      "tn" : 1756462528027767605,
      "q" : "10",
      "p" : "0.36548",
      "s" : "buy",
      "i" : "XLMUSD-PERP",
      "m" : "4611686018432434914"
    }, {
      "d" : "1756462528014876266",
      "t" : 1756462528014,
      "tn" : 1756462528014876266,
      "q" : "10",
      "p" : "0.36543",
      "s" : "buy",
      "i" : "XLMUSD-PERP",
      "m" : "4611686018432434913"
    }, {
      "d" : "1756462526350264159",
      "t" : 1756462526350,
      "tn" : 1756462526350264159,
      "q" : "10",
      "p" : "0.36552",
      "s" : "sell",
      "i" : "XLMUSD-PERP",
      "m" : "4611686018432434912"
    }, {
      "d" : "1756462521280116197",
      "t" : 1756462521280,
      "tn" : 1756462521280116197,
      "q" : "10",
      "p" : "0.36556",
      "s" : "sell",
      "i" : "XLMUSD-PERP",
      "m" : "4611686018432434911"
    }, {
      "d" : "1756462507376122868",
      "t" : 1756462507376,
      "tn" : 1756462507376122868,
      "q" : "10",
      "p" : "0.36554",
      "s" : "sell",
      "i" : "XLMUSD-PERP",
      "m" : "4611686018432434910"
    }, {
      "d" : "1756462504434503110",
      "t" : 1756462504434,
      "tn" : 1756462504434503110,
      "q" : "30",
      "p" : "0.36554",
      "s" : "buy",
      "i" : "XLMUSD-PERP",
      "m" : "4611686018432434909"
    }, {
      "d" : "1756462500242800012",
      "t" : 1756462500242,
      "tn" : 1756462500242800012,
      "q" : "10",
      "p" : "0.36550",
      "s" : "buy",
      "i" : "XLMUSD-PERP",
      "m" : "4611686018432434908"
    }, {
      "d" : "1756462480426326700",
      "t" : 1756462480426,
      "tn" : 1756462480426326700,
      "q" : "10",
      "p" : "0.36550",
      "s" : "sell",
      "i" : "XLMUSD-PERP",
      "m" : "4611686018432434907"
    }, {
      "d" : "1756462470227534432",
      "t" : 1756462470227,
      "tn" : 1756462470227534432,
      "q" : "10",
      "p" : "0.36528",
      "s" : "buy",
      "i" : "XLMUSD-PERP",
      "m" : "4611686018432434906"
    }, {
      "d" : "1756462469562377550",
      "t" : 1756462469562,
      "tn" : 1756462469562377550,
      "q" : "10",
      "p" : "0.36522",
      "s" : "buy",
      "i" : "XLMUSD-PERP",
      "m" : "4611686018432434905"
    }, {
      "d" : "1756462469393729384",
      "t" : 1756462469393,
      "tn" : 1756462469393729384,
      "q" : "10",
      "p" : "0.36515",
      "s" : "buy",
      "i" : "XLMUSD-PERP",
      "m" : "4611686018432434904"
    }, {
      "d" : "1756462457004374420",
      "t" : 1756462457004,
      "tn" : 1756462457004374420,
      "q" : "10",
      "p" : "0.36516",
      "s" : "sell",
      "i" : "XLMUSD-PERP",
      "m" : "4611686018432434903"
    }, {
      "d" : "1756462452739325425",
      "t" : 1756462452739,
      "tn" : 1756462452739325425,
      "q" : "10",
      "p" : "0.36519",
      "s" : "buy",
      "i" : "XLMUSD-PERP",
      "m" : "4611686018432434902"
    }, {
      "d" : "1756462452615168997",
      "t" : 1756462452615,
      "tn" : 1756462452615168997,
      "q" : "10",
      "p" : "0.36513",
      "s" : "buy",
      "i" : "XLMUSD-PERP",
      "m" : "4611686018432434901"
    }, {
      "d" : "1756462446376461752",
      "t" : 1756462446376,
      "tn" : 1756462446376461752,
      "q" : "10",
      "p" : "0.36508",
      "s" : "buy",
      "i" : "XLMUSD-PERP",
      "m" : "4611686018432434900"
    }, {
      "d" : "1756462444522754050",
      "t" : 1756462444522,
      "tn" : 1756462444522754050,
      "q" : "10",
      "p" : "0.36506",
      "s" : "buy",
      "i" : "XLMUSD-PERP",
      "m" : "4611686018432434899"
    }, {
      "d" : "1756462441119946193",
      "t" : 1756462441119,
      "tn" : 1756462441119946192,
      "q" : "100",
      "p" : "0.36510",
      "s" : "sell",
      "i" : "XLMUSD-PERP",
      "m" : "4611686018432434898"
    }, {
      "d" : "1756462441119946192",
      "t" : 1756462441119,
      "tn" : 1756462441119946192,
      "q" : "10",
      "p" : "0.36510",
      "s" : "sell",
      "i" : "XLMUSD-PERP",
      "m" : "4611686018432434898"
    }, {
      "d" : "1756462431963374843",
      "t" : 1756462431963,
      "tn" : 1756462431963374843,
      "q" : "10",
      "p" : "0.36522",
      "s" : "sell",
      "i" : "XLMUSD-PERP",
      "m" : "4611686018432434897"
    }, {
      "d" : "1756462426086227461",
      "t" : 1756462426086,
      "tn" : 1756462426086227461,
      "q" : "10",
      "p" : "0.36530",
      "s" : "sell",
      "i" : "XLMUSD-PERP",
      "m" : "4611686018432434896"
    }, {
      "d" : "1756462425620635687",
      "t" : 1756462425620,
      "tn" : 1756462425620635687,
      "q" : "10",
      "p" : "0.36535",
      "s" : "sell",
      "i" : "XLMUSD-PERP",
      "m" : "4611686018432434895"
    }, {
      "d" : "1756462414978040283",
      "t" : 1756462414978,
      "tn" : 1756462414978040283,
      "q" : "10",
      "p" : "0.36533",
      "s" : "buy",
      "i" : "XLMUSD-PERP",
      "m" : "4611686018432434894"
    }, {
      "d" : "1756462407393947404",
      "t" : 1756462407393,
      "tn" : 1756462407393947404,
      "q" : "10",
      "p" : "0.36538",
      "s" : "sell",
      "i" : "XLMUSD-PERP",
      "m" : "4611686018432434893"
    }, {
      "d" : "1756462405935893337",
      "t" : 1756462405935,
      "tn" : 1756462405935893337,
      "q" : "10",
      "p" : "0.36535",
      "s" : "buy",
      "i" : "XLMUSD-PERP",
      "m" : "4611686018432434892"
    }, {
      "d" : "1756462405674234885",
      "t" : 1756462405674,
      "tn" : 1756462405674234885,
      "q" : "10",
      "p" : "0.36533",
      "s" : "buy",
      "i" : "XLMUSD-PERP",
      "m" : "4611686018432434891"
    }, {
      "d" : "1756462405361224535",
      "t" : 1756462405361,
      "tn" : 1756462405361224535,
      "q" : "10",
      "p" : "0.36531",
      "s" : "buy",
      "i" : "XLMUSD-PERP",
      "m" : "4611686018432434890"
    }, {
      "d" : "1756462402008996675",
      "t" : 1756462402008,
      "tn" : 1756462402008996675,
      "q" : "10",
      "p" : "0.36535",
      "s" : "sell",
      "i" : "XLMUSD-PERP",
      "m" : "4611686018432434889"
    }, {
      "d" : "1756462401599249227",
      "t" : 1756462401599,
      "tn" : 1756462401599249227,
      "q" : "10",
      "p" : "0.36541",
      "s" : "sell",
      "i" : "XLMUSD-PERP",
      "m" : "4611686018432434888"
    }, {
      "d" : "1756462395528268397",
      "t" : 1756462395528,
      "tn" : 1756462395528268397,
      "q" : "990",
      "p" : "0.36545",
      "s" : "sell",
      "i" : "XLMUSD-PERP",
      "m" : "4611686018432434887"
    }, {
      "d" : "1756462395527839641",
      "t" : 1756462395527,
      "tn" : 1756462395527839641,
      "q" : "10",
      "p" : "0.36546",
      "s" : "sell",
      "i" : "XLMUSD-PERP",
      "m" : "4611686018432434886"
    }, {
      "d" : "1756462391315980805",
      "t" : 1756462391315,
      "tn" : 1756462391315980805,
      "q" : "10",
      "p" : "0.36545",
      "s" : "buy",
      "i" : "XLMUSD-PERP",
      "m" : "4611686018432434885"
    }, {
      "d" : "1756462387820848638",
      "t" : 1756462387820,
      "tn" : 1756462387820848638,
      "q" : "10",
      "p" : "0.36546",
      "s" : "buy",
      "i" : "XLMUSD-PERP",
      "m" : "4611686018432434884"
    }, {
      "d" : "1756462375770841207",
      "t" : 1756462375770,
      "tn" : 1756462375770841207,
      "q" : "10",
      "p" : "0.36554",
      "s" : "sell",
      "i" : "XLMUSD-PERP",
      "m" : "4611686018432434883"
    }, {
      "d" : "1756462373733047240",
      "t" : 1756462373733,
      "tn" : 1756462373733047240,
      "q" : "10",
      "p" : "0.36557",
      "s" : "sell",
      "i" : "XLMUSD-PERP",
      "m" : "4611686018432434882"
    }, {
      "d" : "1756462373240212136",
      "t" : 1756462373240,
      "tn" : 1756462373240212136,
      "q" : "10",
      "p" : "0.36548",
      "s" : "buy",
      "i" : "XLMUSD-PERP",
      "m" : "4611686018432434881"
    }, {
      "d" : "1756462368801928788",
      "t" : 1756462368801,
      "tn" : 1756462368801928788,
      "q" : "10",
      "p" : "0.36544",
      "s" : "buy",
      "i" : "XLMUSD-PERP",
      "m" : "4611686018432434880"
    }, {
      "d" : "1756462366737558610",
      "t" : 1756462366737,
      "tn" : 1756462366737558610,
      "q" : "10",
      "p" : "0.36547",
      "s" : "buy",
      "i" : "XLMUSD-PERP",
      "m" : "4611686018432434879"
    }, {
      "d" : "1756462366603082099",
      "t" : 1756462366603,
      "tn" : 1756462366603082099,
      "q" : "10",
      "p" : "0.36553",
      "s" : "sell",
      "i" : "XLMUSD-PERP",
      "m" : "4611686018432434878"
    }, {
      "d" : "1756462366489205573",
      "t" : 1756462366489,
      "tn" : 1756462366489205573,
      "q" : "10",
      "p" : "0.36557",
      "s" : "sell",
      "i" : "XLMUSD-PERP",
      "m" : "4611686018432434877"
    }, {
      "d" : "1756462344098483974",
      "t" : 1756462344098,
      "tn" : 1756462344098483974,
      "q" : "10",
      "p" : "0.36553",
      "s" : "buy",
      "i" : "XLMUSD-PERP",
      "m" : "4611686018432434876"
    }, {
      "d" : "1756462338354935924",
      "t" : 1756462338354,
      "tn" : 1756462338354935924,
      "q" : "10",
      "p" : "0.36557",
      "s" : "sell",
      "i" : "XLMUSD-PERP",
      "m" : "4611686018432434875"
    }, {
      "d" : "1756462337143989574",
      "t" : 1756462337143,
      "tn" : 1756462337143989574,
      "q" : "10",
      "p" : "0.36559",
      "s" : "sell",
      "i" : "XLMUSD-PERP",
      "m" : "4611686018432434874"
    }, {
      "d" : "1756462337029829939",
      "t" : 1756462337029,
      "tn" : 1756462337029829939,
      "q" : "10",
      "p" : "0.36565",
      "s" : "sell",
      "i" : "XLMUSD-PERP",
      "m" : "4611686018432434873"
    }, {
      "d" : "1756462335306384340",
      "t" : 1756462335306,
      "tn" : 1756462335306384340,
      "q" : "10",
      "p" : "0.36567",
      "s" : "sell",
      "i" : "XLMUSD-PERP",
      "m" : "4611686018432434872"
    }, {
      "d" : "1756462334932606428",
      "t" : 1756462334932,
      "tn" : 1756462334932606428,
      "q" : "10",
      "p" : "0.36560",
      "s" : "buy",
      "i" : "XLMUSD-PERP",
      "m" : "4611686018432434871"
    }, {
      "d" : "1756462334921306396",
      "t" : 1756462334921,
      "tn" : 1756462334921306395,
      "q" : "50",
      "p" : "0.36558",
      "s" : "buy",
      "i" : "XLMUSD-PERP",
      "m" : "4611686018432434870"
    }, {
      "d" : "1756462334921306395",
      "t" : 1756462334921,
      "tn" : 1756462334921306395,
      "q" : "10",
      "p" : "0.36558",
      "s" : "buy",
      "i" : "XLMUSD-PERP",
      "m" : "4611686018432434870"
    }, {
      "d" : "1756462332285991285",
      "t" : 1756462332285,
      "tn" : 1756462332285991285,
      "q" : "10",
      "p" : "0.36545",
      "s" : "buy",
      "i" : "XLMUSD-PERP",
      "m" : "4611686018432434869"
    }, {
      "d" : "1756462328953044756",
      "t" : 1756462328953,
      "tn" : 1756462328953044756,
      "q" : "10",
      "p" : "0.36546",
      "s" : "sell",
      "i" : "XLMUSD-PERP",
      "m" : "4611686018432434868"
    }, {
      "d" : "1756462328180844511",
      "t" : 1756462328180,
      "tn" : 1756462328180844511,
      "q" : "10",
      "p" : "0.36541",
      "s" : "buy",
      "i" : "XLMUSD-PERP",
      "m" : "4611686018432434867"
    }, {
      "d" : "1756462327893779374",
      "t" : 1756462327893,
      "tn" : 1756462327893779374,
      "q" : "10",
      "p" : "0.36537",
      "s" : "buy",
      "i" : "XLMUSD-PERP",
      "m" : "4611686018432434866"
    }, {
      "d" : "1756462312586659025",
      "t" : 1756462312586,
      "tn" : 1756462312586659025,
      "q" : "10",
      "p" : "0.36544",
      "s" : "sell",
      "i" : "XLMUSD-PERP",
      "m" : "4611686018432434865"
    }, {
      "d" : "1756462307694908293",
      "t" : 1756462307694,
      "tn" : 1756462307694908293,
      "q" : "10",
      "p" : "0.36534",
      "s" : "buy",
      "i" : "XLMUSD-PERP",
      "m" : "4611686018432434864"
    }, {
      "d" : "1756462302885284675",
      "t" : 1756462302885,
      "tn" : 1756462302885284675,
      "q" : "10",
      "p" : "0.36533",
      "s" : "sell",
      "i" : "XLMUSD-PERP",
      "m" : "4611686018432434863"
    }, {
      "d" : "1756462293941323132",
      "t" : 1756462293941,
      "tn" : 1756462293941323132,
      "q" : "10",
      "p" : "0.36533",
      "s" : "sell",
      "i" : "XLMUSD-PERP",
      "m" : "4611686018432434862"
    }, {
      "d" : "1756462285007166316",
      "t" : 1756462285007,
      "tn" : 1756462285007166316,
      "q" : "10",
      "p" : "0.36528",
      "s" : "buy",
      "i" : "XLMUSD-PERP",
      "m" : "4611686018432434861"
    }, {
      "d" : "1756462284994244908",
      "t" : 1756462284994,
      "tn" : 1756462284994244908,
      "q" : "10",
      "p" : "0.36524",
      "s" : "buy",
      "i" : "XLMUSD-PERP",
      "m" : "4611686018432434860"
    }, {
      "d" : "1756462260432834851",
      "t" : 1756462260432,
      "tn" : 1756462260432834851,
      "q" : "10",
      "p" : "0.36522",
      "s" : "buy",
      "i" : "XLMUSD-PERP",
      "m" : "4611686018432434859"
    }, {
      "d" : "1756462227798164159",
      "t" : 1756462227798,
      "tn" : 1756462227798164159,
      "q" : "10",
      "p" : "0.36519",
      "s" : "buy",
      "i" : "XLMUSD-PERP",
      "m" : "4611686018432434858"
    }, {
      "d" : "1756462220433116107",
      "t" : 1756462220433,
      "tn" : 1756462220433116107,
      "q" : "10",
      "p" : "0.36519",
      "s" : "buy",
      "i" : "XLMUSD-PERP",
      "m" : "4611686018432434857"
    }, {
      "d" : "1756462211538248545",
      "t" : 1756462211538,
      "tn" : 1756462211538248545,
      "q" : "10",
      "p" : "0.36517",
      "s" : "buy",
      "i" : "XLMUSD-PERP",
      "m" : "4611686018432434856"
    }, {
      "d" : "1756462211023394693",
      "t" : 1756462211023,
      "tn" : 1756462211023394693,
      "q" : "240",
      "p" : "0.36520",
      "s" : "sell",
      "i" : "XLMUSD-PERP",
      "m" : "4611686018432434855"
    }, {
      "d" : "1756462211019912753",
      "t" : 1756462211019,
      "tn" : 1756462211019912752,
      "q" : "80",
      "p" : "0.36520",
      "s" : "sell",
      "i" : "XLMUSD-PERP",
      "m" : "4611686018432434854"
    }, {
      "d" : "1756462211019912752",
      "t" : 1756462211019,
      "tn" : 1756462211019912752,
      "q" : "10",
      "p" : "0.36520",
      "s" : "sell",
      "i" : "XLMUSD-PERP",
      "m" : "4611686018432434854"
    }, {
      "d" : "1756462208305733517",
      "t" : 1756462208305,
      "tn" : 1756462208305733517,
      "q" : "10",
      "p" : "0.36519",
      "s" : "buy",
      "i" : "XLMUSD-PERP",
      "m" : "4611686018432434853"
    }, {
      "d" : "1756462203710040171",
      "t" : 1756462203710,
      "tn" : 1756462203710040171,
      "q" : "10",
      "p" : "0.36524",
      "s" : "sell",
      "i" : "XLMUSD-PERP",
      "m" : "4611686018432434852"
    }, {
      "d" : "1756462180220129924",
      "t" : 1756462180220,
      "tn" : 1756462180220129924,
      "q" : "10",
      "p" : "0.36544",
      "s" : "sell",
      "i" : "XLMUSD-PERP",
      "m" : "4611686018432434851"
    }, {
      "d" : "1756462178158591086",
      "t" : 1756462178158,
      "tn" : 1756462178158591086,
      "q" : "10",
      "p" : "0.36537",
      "s" : "buy",
      "i" : "XLMUSD-PERP",
      "m" : "4611686018432434850"
    }, {
      "d" : "1756462167144070292",
      "t" : 1756462167144,
      "tn" : 1756462167144070292,
      "q" : "10",
      "p" : "0.36535",
      "s" : "buy",
      "i" : "XLMUSD-PERP",
      "m" : "4611686018432434849"
    }, {
      "d" : "1756462166041588503",
      "t" : 1756462166041,
      "tn" : 1756462166041588503,
      "q" : "10",
      "p" : "0.36534",
      "s" : "buy",
      "i" : "XLMUSD-PERP",
      "m" : "4611686018432434848"
    }, {
      "d" : "1756462165238365439",
      "t" : 1756462165238,
      "tn" : 1756462165238365439,
      "q" : "10",
      "p" : "0.36545",
      "s" : "sell",
      "i" : "XLMUSD-PERP",
      "m" : "4611686018432434847"
    }, {
      "d" : "1756462163489869377",
      "t" : 1756462163489,
      "tn" : 1756462163489869377,
      "q" : "10",
      "p" : "0.36549",
      "s" : "sell",
      "i" : "XLMUSD-PERP",
      "m" : "4611686018432434846"
    }, {
      "d" : "1756462162683809397",
      "t" : 1756462162683,
      "tn" : 1756462162683809397,
      "q" : "10",
      "p" : "0.36552",
      "s" : "sell",
      "i" : "XLMUSD-PERP",
      "m" : "4611686018432434845"
    }, {
      "d" : "1756462160604465403",
      "t" : 1756462160604,
      "tn" : 1756462160604465403,
      "q" : "10",
      "p" : "0.36530",
      "s" : "buy",
      "i" : "XLMUSD-PERP",
      "m" : "4611686018432434844"
    }, {
      "d" : "1756462159244305015",
      "t" : 1756462159244,
      "tn" : 1756462159244305015,
      "q" : "10",
      "p" : "0.36523",
      "s" : "buy",
      "i" : "XLMUSD-PERP",
      "m" : "4611686018432434843"
    }, {
      "d" : "1756462156370448770",
      "t" : 1756462156370,
      "tn" : 1756462156370448770,
      "q" : "10",
      "p" : "0.36528",
      "s" : "sell",
      "i" : "XLMUSD-PERP",
      "m" : "4611686018432434842"
    }, {
      "d" : "1756462150652597791",
      "t" : 1756462150652,
      "tn" : 1756462150652597791,
      "q" : "10",
      "p" : "0.36542",
      "s" : "sell",
      "i" : "XLMUSD-PERP",
      "m" : "4611686018432434841"
    }, {
      "d" : "1756462148781058088",
      "t" : 1756462148781,
      "tn" : 1756462148781058088,
      "q" : "10",
      "p" : "0.36539",
      "s" : "buy",
      "i" : "XLMUSD-PERP",
      "m" : "4611686018432434840"
    } ]
  }
}