{
  "id" : -1,
  "method" : "public/get-trades",
  "code" : 0,
  "result" : {
    "data" : [ {
      "d" : "1756461038918797556",
      "t" : 1756461038918,
      "tn" : 1756461038918797556,
      "q" : "436",
      "p" : "0.03246",
      "s" : "buy",
      "i" : "XPLA_USD",
      "m" : "4611686018429225171"
    }, {
      "d" : "1756461038918795988",
      "t" : 1756461038918,
      "tn" : 1756461038918795988,
      "q" : "38",
      "p" : "0.03218",
      "s" : "buy",
      "i" : "XPLA_USD",
      "m" : "4611686018429225170"
    }, {
      "d" : "1756458834926507473",
      "t" : 1756458834926,
      "tn" : 1756458834926507473,
      "q" : "331",
      "p" : "0.03169",
      "s" : "buy",
      "i" : "XPLA_USD",
      "m" : "4611686018429225169"
    }, {
      "d" : "1756458833742801466",
      "t" : 1756458833742,
      "tn" : 1756458833742801466,
      "q" : "38",
      "p" : "0.03169",
      "s" : "sell",
      "i" : "XPLA_USD",
      "m" : "4611686018429225168"
    }, {
      "d" : "1756456027246296027",
      "t" : 1756456027246,
      "tn" : 1756456027246296027,
      "q" : "250",
      "p" : "0.03308",
      "s" : "sell",
      "i" : "XPLA_USD",
      "m" : "4611686018429225167"
    }, {
      "d" : "1756456027246293385",
      "t" : 1756456027246,
      "tn" : 1756456027246293385,
      "q" : "38",
      "p" : "0.03334",
      "s" : "sell",
      "i" : "XPLA_USD",
      "m" : "4611686018429225166"
    }, {
      "d" : "1756454572002641009",
      "t" : 1756454572002,
      "tn" : 1756454572002641009,
      "q" : "290",
      "p" : "0.03344",
      "s" : "sell",
      "i" : "XPLA_USD",
      "m" : "4611686018429225165"
    }, {
      "d" : "1756454571384101140",
      "t" : 1756454571384,
      "tn" : 1756454571384101140,
      "q" : "416",
      "p" : "0.03344",
      "s" : "sell",
      "i" : "XPLA_USD",
      "m" : "4611686018429225164"
    }, {
      "d" : "1756454571384099707",
      "t" : 1756454571384,
      "tn" : 1756454571384099707,
      "q" : "38",
      "p" : "0.03351",
      "s" : "sell",
      "i" : "XPLA_USD",
      "m" : "4611686018429225163"
    }, {
      "d" : "1756454501412492723",
      "t" : 1756454501412,
      "tn" : 1756454501412492723,
      "q" : "250",
      "p" : "0.03370",
      "s" : "sell",
      "i" : "XPLA_USD",
      "m" : "4611686018429225162"
    }, {
      "d" : "1756454305819162885",
      "t" : 1756454305819,
      "tn" : 1756454305819162885,
      "q" : "837",
      "p" : "0.03402",
      "s" : "buy",
      "i" : "XPLA_USD",
      "m" : "4611686018429225161"
    }, {
      "d" : "1756451546400233404",
      "t" : 1756451546400,
      "tn" : 1756451546400233404,
      "q" : "5742",
      "p" : "0.03353",
      "s" : "sell",
      "i" : "XPLA_USD",
      "m" : "4611686018429225160"
    }, {
      "d" : "1756451545601828780",
      "t" : 1756451545601,
      "tn" : 1756451545601828780,
      "q" : "38",
      "p" : "0.03353",
      "s" : "buy",
      "i" : "XPLA_USD",
      "m" : "4611686018429225159"
    }, {
      "d" : "1756451540822350376",
      "t" : 1756451540822,
      "tn" : 1756451540822350376,
      "q" : "487",
      "p" : "0.03353",
      "s" : "sell",
      "i" : "XPLA_USD",
      "m" : "4611686018429225158"
    }, {
      "d" : "1756451540357708306",
      "t" : 1756451540357,
      "tn" : 1756451540357708306,
      "q" : "682",
      "p" : "0.03354",
      "s" : "sell",
      "i" : "XPLA_USD",
      "m" : "4611686018429225157"
    }, {
      "d" : "1756451539803658482",
      "t" : 1756451539803,
      "tn" : 1756451539803658482,
      "q" : "38",
      "p" : "0.03353",
      "s" : "buy",
      "i" : "XPLA_USD",
      "m" : "4611686018429225156"
    }, {
      "d" : "1756450538581743514",
      "t" : 1756450538581,
      "tn" : 1756450538581743514,
      "q" : "1076",
      "p" : "0.03359",
      "s" : "sell",
      "i" : "XPLA_USD",
      "m" : "4611686018429225155"
    }, {
      "d" : "1756450537276206442",
      "t" : 1756450537276,
      "tn" : 1756450537276206442,
      "q" : "389",
      "p" : "0.03350",
      "s" : "sell",
      "i" : "XPLA_USD",
      "m" : "4611686018429225154"
    }, {
      "d" : "1756450537276204496",
      "t" : 1756450537276,
      "tn" : 1756450537276204496,
      "q" : "38",
      "p" : "0.03358",
      "s" : "sell",
      "i" : "XPLA_USD",
      "m" : "4611686018429225153"
    }, {
      "d" : "1756450536462931178",
      "t" : 1756450536462,
      "tn" : 1756450536462931178,
      "q" : "398",
      "p" : "0.03348",
      "s" : "sell",
      "i" : "XPLA_USD",
      "m" : "4611686018429225152"
    }, {
      "d" : "1756450536462928695",
      "t" : 1756450536462,
      "tn" : 1756450536462928695,
      "q" : "38",
      "p" : "0.03358",
      "s" : "sell",
      "i" : "XPLA_USD",
      "m" : "4611686018429225151"
    }, {
      "d" : "1756450533240915532",
      "t" : 1756450533240,
      "tn" : 1756450533240915532,
      "q" : "710",
      "p" : "0.03344",
      "s" : "sell",
      "i" : "XPLA_USD",
      "m" : "4611686018429225150"
    }, {
      "d" : "1756450533240913072",
      "t" : 1756450533240,
      "tn" : 1756450533240913072,
      "q" : "38",
      "p" : "0.03358",
      "s" : "sell",
      "i" : "XPLA_USD",
      "m" : "4611686018429225149"
    }, {
      "d" : "1756450380216095060",
      "t" : 1756450380216,
      "tn" : 1756450380216095060,
      "q" : "38",
      "p" : "0.03358",
      "s" : "sell",
      "i" : "XPLA_USD",
      "m" : "4611686018429225148"
    }, {
      "d" : "1756450376882869974",
      "t" : 1756450376882,
      "tn" : 1756450376882869974,
      "q" : "38",
      "p" : "0.03358",
      "s" : "sell",
      "i" : "XPLA_USD",
      "m" : "4611686018429225147"
    }, {
      "d" : "1756450370771897377",
      "t" : 1756450370771,
      "tn" : 1756450370771897377,
      "q" : "38",
      "p" : "0.03358",
      "s" : "sell",
      "i" : "XPLA_USD",
      "m" : "4611686018429225146"
    }, {
      "d" : "1756450364901878618",
      "t" : 1756450364901,
      "tn" : 1756450364901878618,
      "q" : "38",
      "p" : "0.03358",
      "s" : "sell",
      "i" : "XPLA_USD",
      "m" : "4611686018429225145"
    }, {
      "d" : "1756450358707624880",
      "t" : 1756450358707,
      "tn" : 1756450358707624880,
      "q" : "38",
      "p" : "0.03358",
      "s" : "sell",
      "i" : "XPLA_USD",
      "m" : "4611686018429225144"
    }, {
      "d" : "1756450352644958801",
      "t" : 1756450352644,
      "tn" : 1756450352644958801,
      "q" : "38",
      "p" : "0.03358",
      "s" : "sell",
      "i" : "XPLA_USD",
      "m" : "4611686018429225143"
    }, {
      "d" : "1756450346764450970",
      "t" : 1756450346764,
      "tn" : 1756450346764450970,
      "q" : "38",
      "p" : "0.03358",
      "s" : "sell",
      "i" : "XPLA_USD",
      "m" : "4611686018429225142"
    }, {
      "d" : "1756450340865017382",
      "t" : 1756450340865,
      "tn" : 1756450340865017382,
      "q" : "38",
      "p" : "0.03358",
      "s" : "sell",
      "i" : "XPLA_USD",
      "m" : "4611686018429225141"
    }, {
      "d" : "1756450337753619672",
      "t" : 1756450337753,
      "tn" : 1756450337753619672,
      "q" : "38",
      "p" : "0.03358",
      "s" : "sell",
      "i" : "XPLA_USD",
      "m" : "4611686018429225140"
    }, {
      "d" : "1756450331875411519",
      "t" : 1756450331875,
      "tn" : 1756450331875411519,
      "q" : "38",
      "p" : "0.03358",
      "s" : "sell",
      "i" : "XPLA_USD",
      "m" : "4611686018429225139"
    }, {
      "d" : "1756450326709044897",
      "t" : 1756450326709,
      "tn" : 1756450326709044897,
      "q" : "38",
      "p" : "0.03357",
      "s" : "sell",
      "i" : "XPLA_USD",
      "m" : "4611686018429225138"
    }, {
      "d" : "1756450325604740513",
      "t" : 1756450325604,
      "tn" : 1756450325604740513,
      "q" : "38",
      "p" : "0.03358",
      "s" : "sell",
      "i" : "XPLA_USD",
      "m" : "4611686018429225137"
    }, {
      "d" : "1756450319607550246",
      "t" : 1756450319607,
      "tn" : 1756450319607550246,
      "q" : "38",
      "p" : "0.03358",
      "s" : "sell",
      "i" : "XPLA_USD",
      "m" : "4611686018429225136"
    }, {
      "d" : "1756450313630785824",
      "t" : 1756450313630,
      "tn" : 1756450313630785824,
      "q" : "38",
      "p" : "0.03358",
      "s" : "sell",
      "i" : "XPLA_USD",
      "m" : "4611686018429225135"
    }, {
      "d" : "1756450309361484772",
      "t" : 1756450309361,
      "tn" : 1756450309361484772,
      "q" : "38",
      "p" : "0.03357",
      "s" : "sell",
      "i" : "XPLA_USD",
      "m" : "4611686018429225134"
    }, {
      "d" : "1756450307630671280",
      "t" : 1756450307630,
      "tn" : 1756450307630671280,
      "q" : "38",
      "p" : "0.03358",
      "s" : "sell",
      "i" : "XPLA_USD",
      "m" : "4611686018429225133"
    }, {
      "d" : "1756450301895700389",
      "t" : 1756450301895,
      "tn" : 1756450301895700389,
      "q" : "38",
      "p" : "0.03358",
      "s" : "sell",
      "i" : "XPLA_USD",
      "m" : "4611686018429225132"
    }, {
      "d" : "1756448368609630940",
      "t" : 1756448368609,
      "tn" : 1756448368609630940,
      "q" : "38",
      "p" : "0.03371",
      "s" : "sell",
      "i" : "XPLA_USD",
      "m" : "4611686018429225131"
    }, {
      "d" : "1756448363068620790",
      "t" : 1756448363068,
      "tn" : 1756448363068620790,
      "q" : "38",
      "p" : "0.03371",
      "s" : "sell",
      "i" : "XPLA_USD",
      "m" : "4611686018429225130"
    }, {
      "d" : "1756448356603380671",
      "t" : 1756448356603,
      "tn" : 1756448356603380671,
      "q" : "38",
      "p" : "0.03371",
      "s" : "sell",
      "i" : "XPLA_USD",
      "m" : "4611686018429225129"
    }, {
      "d" : "1756448351250165944",
      "t" : 1756448351250,
      "tn" : 1756448351250165944,
      "q" : "38",
      "p" : "0.03371",
      "s" : "sell",
      "i" : "XPLA_USD",
      "m" : "4611686018429225128"
    }, {
      "d" : "1756448345026055337",
      "t" : 1756448345026,
      "tn" : 1756448345026055337,
      "q" : "38",
      "p" : "0.03371",
      "s" : "sell",
      "i" : "XPLA_USD",
      "m" : "4611686018429225127"
    }, {
      "d" : "1756448339006625305",
      "t" : 1756448339006,
      "tn" : 1756448339006625305,
      "q" : "38",
      "p" : "0.03371",
      "s" : "sell",
      "i" : "XPLA_USD",
      "m" : "4611686018429225126"
    }, {
      "d" : "1756448333119434915",
      "t" : 1756448333119,
      "tn" : 1756448333119434915,
      "q" : "38",
      "p" : "0.03371",
      "s" : "sell",
      "i" : "XPLA_USD",
      "m" : "4611686018429225125"
    }, {
      "d" : "1756448327138413716",
      "t" : 1756448327138,
      "tn" : 1756448327138413716,
      "q" : "38",
      "p" : "0.03371",
      "s" : "sell",
      "i" : "XPLA_USD",
      "m" : "4611686018429225124"
    }, {
      "d" : "1756448320674669292",
      "t" : 1756448320674,
      "tn" : 1756448320674669292,
      "q" : "38",
      "p" : "0.03371",
      "s" : "sell",
      "i" : "XPLA_USD",
      "m" : "4611686018429225123"
    }, {
      "d" : "1756448315198105060",
      "t" : 1756448315198,
      "tn" : 1756448315198105060,
      "q" : "38",
      "p" : "0.03371",
      "s" : "sell",
      "i" : "XPLA_USD",
      "m" : "4611686018429225122"
    }, {
      "d" : "1756448309015479479",
      "t" : 1756448309015,
      "tn" : 1756448309015479479,
      "q" : "38",
      "p" : "0.03371",
      "s" : "sell",
      "i" : "XPLA_USD",
      "m" : "4611686018429225121"
    }, {
      "d" : "1756448302666806409",
      "t" : 1756448302666,
      "tn" : 1756448302666806409,
      "q" : "38",
      "p" : "0.03371",
      "s" : "sell",
      "i" : "XPLA_USD",
      "m" : "4611686018429225120"
    }, {
      "d" : "1756448297118610009",
      "t" : 1756448297118,
      "tn" : 1756448297118610009,
      "q" : "38",
      "p" : "0.03371",
      "s" : "sell",
      "i" : "XPLA_USD",
      "m" : "4611686018429225119"
    }, {
      "d" : "1756448290604165563",
      "t" : 1756448290604,
      "tn" : 1756448290604165563,
      "q" : "38",
      "p" : "0.03371",
      "s" : "sell",
      "i" : "XPLA_USD",
      "m" : "4611686018429225118"
    }, {
      "d" : "1756448284980854543",
      "t" : 1756448284980,
      "tn" : 1756448284980854543,
      "q" : "38",
      "p" : "0.03371",
      "s" : "sell",
      "i" : "XPLA_USD",
      "m" : "4611686018429225117"
    }, {
      "d" : "1756448278975752046",
      "t" : 1756448278975,
      "tn" : 1756448278975752046,
      "q" : "38",
      "p" : "0.03370",
      "s" : "sell",
      "i" : "XPLA_USD",
      "m" : "4611686018429225116"
    }, {
      "d" : "1756448274752568585",
      "t" : 1756448274752,
      "tn" : 1756448274752568585,
      "q" : "38",
      "p" : "0.03371",
      "s" : "sell",
      "i" : "XPLA_USD",
      "m" : "4611686018429225115"
    }, {
      "d" : "1756448268726607754",
      "t" : 1756448268726,
      "tn" : 1756448268726607754,
      "q" : "38",
      "p" : "0.03371",
      "s" : "sell",
      "i" : "XPLA_USD",
      "m" : "4611686018429225114"
    }, {
      "d" : "1756448262643519344",
      "t" : 1756448262643,
      "tn" : 1756448262643519344,
      "q" : "38",
      "p" : "0.03371",
      "s" : "sell",
      "i" : "XPLA_USD",
      "m" : "4611686018429225113"
    }, {
      "d" : "1756448256713183346",
      "t" : 1756448256713,
      "tn" : 1756448256713183346,
      "q" : "38",
      "p" : "0.03371",
      "s" : "sell",
      "i" : "XPLA_USD",
      "m" : "4611686018429225112"
    }, {
      "d" : "1756448250747348377",
      "t" : 1756448250747,
      "tn" : 1756448250747348377,
      "q" : "38",
      "p" : "0.03371",
      "s" : "sell",
      "i" : "XPLA_USD",
      "m" : "4611686018429225111"
    }, {
      "d" : "1756448244654191194",
      "t" : 1756448244654,
      "tn" : 1756448244654191194,
      "q" : "38",
      "p" : "0.03371",
      "s" : "sell",
      "i" : "XPLA_USD",
      "m" : "4611686018429225110"
    }, {
      "d" : "1756448238703385556",
      "t" : 1756448238703,
      "tn" : 1756448238703385556,
      "q" : "38",
      "p" : "0.03371",
      "s" : "sell",
      "i" : "XPLA_USD",
      "m" : "4611686018429225109"
    }, {
      "d" : "1756448232805908986",
      "t" : 1756448232805,
      "tn" : 1756448232805908986,
      "q" : "38",
      "p" : "0.03371",
      "s" : "sell",
      "i" : "XPLA_USD",
      "m" : "4611686018429225108"
    }, {
      "d" : "1756448226627109851",
      "t" : 1756448226627,
      "tn" : 1756448226627109851,
      "q" : "38",
      "p" : "0.03371",
      "s" : "sell",
      "i" : "XPLA_USD",
      "m" : "4611686018429225107"
    }, {
      "d" : "1756448220632428787",
      "t" : 1756448220632,
      "tn" : 1756448220632428787,
      "q" : "38",
      "p" : "0.03371",
      "s" : "sell",
      "i" : "XPLA_USD",
      "m" : "4611686018429225106"
    }, {
      "d" : "1756448214678239519",
      "t" : 1756448214678,
      "tn" : 1756448214678239519,
      "q" : "38",
      "p" : "0.03371",
      "s" : "sell",
      "i" : "XPLA_USD",
      "m" : "4611686018429225105"
    }, {
      "d" : "1756448208784427323",
      "t" : 1756448208784,
      "tn" : 1756448208784427323,
      "q" : "38",
      "p" : "0.03371",
      "s" : "sell",
      "i" : "XPLA_USD",
      "m" : "4611686018429225104"
    }, {
      "d" : "1756448202681966120",
      "t" : 1756448202681,
      "tn" : 1756448202681966120,
      "q" : "38",
      "p" : "0.03371",
      "s" : "sell",
      "i" : "XPLA_USD",
      "m" : "4611686018429225103"
    }, {
      "d" : "1756448196763843051",
      "t" : 1756448196763,
      "tn" : 1756448196763843051,
      "q" : "38",
      "p" : "0.03371",
      "s" : "sell",
      "i" : "XPLA_USD",
      "m" : "4611686018429225102"
    }, {
      "d" : "1756448190761043316",
      "t" : 1756448190761,
      "tn" : 1756448190761043316,
      "q" : "38",
      "p" : "0.03371",
      "s" : "sell",
      "i" : "XPLA_USD",
      "m" : "4611686018429225101"
    }, {
      "d" : "1756448184614392895",
      "t" : 1756448184614,
      "tn" : 1756448184614392895,
      "q" : "38",
      "p" : "0.03371",
      "s" : "sell",
      "i" : "XPLA_USD",
      "m" : "4611686018429225100"
    }, {
      "d" : "1756448178609111121",
      "t" : 1756448178609,
      "tn" : 1756448178609111121,
      "q" : "38",
      "p" : "0.03371",
      "s" : "sell",
      "i" : "XPLA_USD",
      "m" : "4611686018429225099"
    }, {
      "d" : "1756448172643455323",
      "t" : 1756448172643,
      "tn" : 1756448172643455323,
      "q" : "38",
      "p" : "0.03371",
      "s" : "sell",
      "i" : "XPLA_USD",
      "m" : "4611686018429225098"
    }, {
      "d" : "1756448166624670599",
      "t" : 1756448166624,
      "tn" : 1756448166624670599,
      "q" : "38",
      "p" : "0.03371",
      "s" : "sell",
      "i" : "XPLA_USD",
      "m" : "4611686018429225097"
    }, {
      "d" : "1756448160708422147",
      "t" : 1756448160708,
      "tn" : 1756448160708422147,
      "q" : "38",
      "p" : "0.03371",
      "s" : "sell",
      "i" : "XPLA_USD",
      "m" : "4611686018429225096"
    }, {
      "d" : "1756448154697661540",
      "t" : 1756448154697,
      "tn" : 1756448154697661540,
      "q" : "38",
      "p" : "0.03371",
      "s" : "sell",
      "i" : "XPLA_USD",
      "m" : "4611686018429225095"
    }, {
      "d" : "1756448148690032073",
      "t" : 1756448148690,
      "tn" : 1756448148690032073,
      "q" : "38",
      "p" : "0.03371",
      "s" : "sell",
      "i" : "XPLA_USD",
      "m" : "4611686018429225094"
    }, {
      "d" : "1756448142700669487",
      "t" : 1756448142700,
      "tn" : 1756448142700669487,
      "q" : "38",
      "p" : "0.03371",
      "s" : "sell",
      "i" : "XPLA_USD",
      "m" : "4611686018429225093"
    }, {
      "d" : "1756448136928180232",
      "t" : 1756448136928,
      "tn" : 1756448136928180232,
      "q" : "38",
      "p" : "0.03371",
      "s" : "sell",
      "i" : "XPLA_USD",
      "m" : "4611686018429225092"
    }, {
      "d" : "1756446141064456047",
      "t" : 1756446141064,
      "tn" : 1756446141064456047,
      "q" : "212",
      "p" : "0.03408",
      "s" : "buy",
      "i" : "XPLA_USD",
      "m" : "4611686018429225091"
    }, {
      "d" : "1756446141064453884",
      "t" : 1756446141064,
      "tn" : 1756446141064453884,
      "q" : "38",
      "p" : "0.03370",
      "s" : "buy",
      "i" : "XPLA_USD",
      "m" : "4611686018429225090"
    }, {
      "d" : "1756446131307610319",
      "t" : 1756446131307,
      "tn" : 1756446131307610319,
      "q" : "212",
      "p" : "0.03412",
      "s" : "buy",
      "i" : "XPLA_USD",
      "m" : "4611686018429225089"
    }, {
      "d" : "1756446131307608105",
      "t" : 1756446131307,
      "tn" : 1756446131307608105,
      "q" : "38",
      "p" : "0.03370",
      "s" : "buy",
      "i" : "XPLA_USD",
      "m" : "4611686018429225088"
    }, {
      "d" : "1756445841646609238",
      "t" : 1756445841646,
      "tn" : 1756445841646609238,
      "q" : "38",
      "p" : "0.03360",
      "s" : "buy",
      "i" : "XPLA_USD",
      "m" : "4611686018429225087"
    }, {
      "d" : "1756445605651476835",
      "t" : 1756445605651,
      "tn" : 1756445605651476835,
      "q" : "250",
      "p" : "0.03350",
      "s" : "buy",
      "i" : "XPLA_USD",
      "m" : "4611686018429225086"
    }, {
      "d" : "1756445605651474470",
      "t" : 1756445605651,
      "tn" : 1756445605651474470,
      "q" : "38",
      "p" : "0.03330",
      "s" : "buy",
      "i" : "XPLA_USD",
      "m" : "4611686018429225085"
    }, {
      "d" : "1756445604451997217",
      "t" : 1756445604451,
      "tn" : 1756445604451997217,
      "q" : "250",
      "p" : "0.03350",
      "s" : "buy",
      "i" : "XPLA_USD",
      "m" : "4611686018429225084"
    }, {
      "d" : "1756445604451994013",
      "t" : 1756445604451,
      "tn" : 1756445604451994013,
      "q" : "38",
      "p" : "0.03330",
      "s" : "buy",
      "i" : "XPLA_USD",
      "m" : "4611686018429225083"
    }, {
      "d" : "1756445601806622331",
      "t" : 1756445601806,
      "tn" : 1756445601806622331,
      "q" : "229",
      "p" : "0.03360",
      "s" : "buy",
      "i" : "XPLA_USD",
      "m" : "4611686018429225082"
    }, {
      "d" : "1756445601806619686",
      "t" : 1756445601806,
      "tn" : 1756445601806619686,
      "q" : "38",
      "p" : "0.03330",
      "s" : "buy",
      "i" : "XPLA_USD",
      "m" : "4611686018429225081"
    }, {
      "d" : "1756445599834212945",
      "t" : 1756445599834,
      "tn" : 1756445599834212945,
      "q" : "250",
      "p" : "0.03350",
      "s" : "buy",
      "i" : "XPLA_USD",
      "m" : "4611686018429225080"
    }, {
      "d" : "1756445599834210387",
      "t" : 1756445599834,
      "tn" : 1756445599834210387,
      "q" : "38",
      "p" : "0.03330",
      "s" : "buy",
      "i" : "XPLA_USD",
      "m" : "4611686018429225079"
    }, {
      "d" : "1756445315991207249",
      "t" : 1756445315991,
      "tn" : 1756445315991207249,
      "q" : "38",
      "p" : "0.03347",
      "s" : "buy",
      "i" : "XPLA_USD",
      "m" : "4611686018429225078"
    }, {
      "d" : "1756445227665087699",
      "t" : 1756445227665,
      "tn" : 1756445227665087699,
      "q" : "500",
      "p" : "0.03382",
      "s" : "buy",
      "i" : "XPLA_USD",
      "m" : "4611686018429225077"
    }, {
      "d" : "1756445227665084782",
      "t" : 1756445227665,
      "tn" : 1756445227665084782,
      "q" : "38",
      "p" : "0.03346",
      "s" : "buy",
      "i" : "XPLA_USD",
      "m" : "4611686018429225076"
    }, {
      "d" : "1756445219226810987",
      "t" : 1756445219226,
      "tn" : 1756445219226810987,
      "q" : "229",
      "p" : "0.03380",
      "s" : "buy",
      "i" : "XPLA_USD",
      "m" : "4611686018429225075"
    }, {
      "d" : "1756445218570167338",
      "t" : 1756445218570,
      "tn" : 1756445218570167338,
      "q" : "250",
      "p" : "0.03371",
      "s" : "buy",
      "i" : "XPLA_USD",
      "m" : "4611686018429225074"
    }, {
      "d" : "1756445218570165603",
      "t" : 1756445218570,
      "tn" : 1756445218570165603,
      "q" : "38",
      "p" : "0.03345",
      "s" : "buy",
      "i" : "XPLA_USD",
      "m" : "4611686018429225073"
    }, {
      "d" : "1756445217894193385",
      "t" : 1756445217894,
      "tn" : 1756445217894193385,
      "q" : "250",
      "p" : "0.03371",
      "s" : "buy",
      "i" : "XPLA_USD",
      "m" : "4611686018429225072"
    }, {
      "d" : "1756445217894190987",
      "t" : 1756445217894,
      "tn" : 1756445217894190987,
      "q" : "38",
      "p" : "0.03331",
      "s" : "buy",
      "i" : "XPLA_USD",
      "m" : "4611686018429225071"
    }, {
      "d" : "1756445055169954598",
      "t" : 1756445055169,
      "tn" : 1756445055169954598,
      "q" : "38",
      "p" : "0.03311",
      "s" : "buy",
      "i" : "XPLA_USD",
      "m" : "4611686018429225070"
    }, {
      "d" : "1756444921247554097",
      "t" : 1756444921247,
      "tn" : 1756444921247554097,
      "q" : "76",
      "p" : "0.03547",
      "s" : "buy",
      "i" : "XPLA_USD",
      "m" : "4611686018429225069"
    }, {
      "d" : "1756444819103863042",
      "t" : 1756444819103,
      "tn" : 1756444819103863042,
      "q" : "250",
      "p" : "0.03371",
      "s" : "buy",
      "i" : "XPLA_USD",
      "m" : "4611686018429225068"
    }, {
      "d" : "1756444819103860865",
      "t" : 1756444819103,
      "tn" : 1756444819103860865,
      "q" : "38",
      "p" : "0.03331",
      "s" : "buy",
      "i" : "XPLA_USD",
      "m" : "4611686018429225067"
    }, {
      "d" : "1756444588621116706",
      "t" : 1756444588621,
      "tn" : 1756444588621116706,
      "q" : "191",
      "p" : "0.03438",
      "s" : "buy",
      "i" : "XPLA_USD",
      "m" : "4611686018429225066"
    }, {
      "d" : "1756444588621114831",
      "t" : 1756444588621,
      "tn" : 1756444588621114831,
      "q" : "38",
      "p" : "0.03338",
      "s" : "buy",
      "i" : "XPLA_USD",
      "m" : "4611686018429225065"
    }, {
      "d" : "1756443454227459275",
      "t" : 1756443454227,
      "tn" : 1756443454227459275,
      "q" : "250",
      "p" : "0.03327",
      "s" : "buy",
      "i" : "XPLA_USD",
      "m" : "4611686018429225064"
    }, {
      "d" : "1756443454227456853",
      "t" : 1756443454227,
      "tn" : 1756443454227456853,
      "q" : "38",
      "p" : "0.03300",
      "s" : "buy",
      "i" : "XPLA_USD",
      "m" : "4611686018429225063"
    }, {
      "d" : "1756440374567968899",
      "t" : 1756440374567,
      "tn" : 1756440374567968899,
      "q" : "2393",
      "p" : "0.03331",
      "s" : "sell",
      "i" : "XPLA_USD",
      "m" : "4611686018429225062"
    }, {
      "d" : "1756440373707340303",
      "t" : 1756440373707,
      "tn" : 1756440373707340303,
      "q" : "38",
      "p" : "0.03331",
      "s" : "buy",
      "i" : "XPLA_USD",
      "m" : "4611686018429225061"
    }, {
      "d" : "1756440367778928414",
      "t" : 1756440367778,
      "tn" : 1756440367778928414,
      "q" : "38",
      "p" : "0.03331",
      "s" : "buy",
      "i" : "XPLA_USD",
      "m" : "4611686018429225060"
    }, {
      "d" : "1756440361692502911",
      "t" : 1756440361692,
      "tn" : 1756440361692502911,
      "q" : "38",
      "p" : "0.03331",
      "s" : "buy",
      "i" : "XPLA_USD",
      "m" : "4611686018429225059"
    }, {
      "d" : "1756440355640175680",
      "t" : 1756440355640,
      "tn" : 1756440355640175680,
      "q" : "38",
      "p" : "0.03290",
      "s" : "buy",
      "i" : "XPLA_USD",
      "m" : "4611686018429225058"
    }, {
      "d" : "1756440349698318019",
      "t" : 1756440349698,
      "tn" : 1756440349698318019,
      "q" : "38",
      "p" : "0.03290",
      "s" : "buy",
      "i" : "XPLA_USD",
      "m" : "4611686018429225057"
    }, {
      "d" : "1756440343699360667",
      "t" : 1756440343699,
      "tn" : 1756440343699360667,
      "q" : "38",
      "p" : "0.03290",
      "s" : "buy",
      "i" : "XPLA_USD",
      "m" : "4611686018429225056"
    }, {
      "d" : "1756440337629324388",
      "t" : 1756440337629,
      "tn" : 1756440337629324388,
      "q" : "38",
      "p" : "0.03290",
      "s" : "buy",
      "i" : "XPLA_USD",
      "m" : "4611686018429225055"
    }, {
      "d" : "1756440331778866196",
      "t" : 1756440331778,
      "tn" : 1756440331778866196,
      "q" : "38",
      "p" : "0.03290",
      "s" : "buy",
      "i" : "XPLA_USD",
      "m" : "4611686018429225054"
    }, {
      "d" : "1756440325802934473",
      "t" : 1756440325802,
      "tn" : 1756440325802934473,
      "q" : "38",
      "p" : "0.03290",
      "s" : "buy",
      "i" : "XPLA_USD",
      "m" : "4611686018429225053"
    }, {
      "d" : "1756440319756443329",
      "t" : 1756440319756,
      "tn" : 1756440319756443329,
      "q" : "38",
      "p" : "0.03290",
      "s" : "buy",
      "i" : "XPLA_USD",
      "m" : "4611686018429225052"
    }, {
      "d" : "1756440313656960290",
      "t" : 1756440313656,
      "tn" : 1756440313656960290,
      "q" : "38",
      "p" : "0.03290",
      "s" : "buy",
      "i" : "XPLA_USD",
      "m" : "4611686018429225051"
    }, {
      "d" : "1756440307685326664",
      "t" : 1756440307685,
      "tn" : 1756440307685326664,
      "q" : "38",
      "p" : "0.03290",
      "s" : "buy",
      "i" : "XPLA_USD",
      "m" : "4611686018429225050"
    }, {
      "d" : "1756440301738634466",
      "t" : 1756440301738,
      "tn" : 1756440301738634466,
      "q" : "38",
      "p" : "0.03290",
      "s" : "buy",
      "i" : "XPLA_USD",
      "m" : "4611686018429225049"
    }, {
      "d" : "1756440295632855270",
      "t" : 1756440295632,
      "tn" : 1756440295632855270,
      "q" : "38",
      "p" : "0.03290",
      "s" : "buy",
      "i" : "XPLA_USD",
      "m" : "4611686018429225048"
    }, {
      "d" : "1756440289742462825",
      "t" : 1756440289742,
      "tn" : 1756440289742462825,
      "q" : "38",
      "p" : "0.03290",
      "s" : "buy",
      "i" : "XPLA_USD",
      "m" : "4611686018429225047"
    }, {
      "d" : "1756440283639479132",
      "t" : 1756440283639,
      "tn" : 1756440283639479132,
      "q" : "38",
      "p" : "0.03290",
      "s" : "buy",
      "i" : "XPLA_USD",
      "m" : "4611686018429225046"
    }, {
      "d" : "1756440277627561513",
      "t" : 1756440277627,
      "tn" : 1756440277627561513,
      "q" : "38",
      "p" : "0.03290",
      "s" : "buy",
      "i" : "XPLA_USD",
      "m" : "4611686018429225045"
    }, {
      "d" : "1756440271749562095",
      "t" : 1756440271749,
      "tn" : 1756440271749562095,
      "q" : "38",
      "p" : "0.03290",
      "s" : "buy",
      "i" : "XPLA_USD",
      "m" : "4611686018429225044"
    }, {
      "d" : "1756440265751623538",
      "t" : 1756440265751,
      "tn" : 1756440265751623538,
      "q" : "38",
      "p" : "0.03290",
      "s" : "buy",
      "i" : "XPLA_USD",
      "m" : "4611686018429225043"
    }, {
      "d" : "1756440259782787633",
      "t" : 1756440259782,
      "tn" : 1756440259782787633,
      "q" : "38",
      "p" : "0.03290",
      "s" : "buy",
      "i" : "XPLA_USD",
      "m" : "4611686018429225042"
    }, {
      "d" : "1756440253706558656",
      "t" : 1756440253706,
      "tn" : 1756440253706558656,
      "q" : "250",
      "p" : "0.03329",
      "s" : "buy",
      "i" : "XPLA_USD",
      "m" : "4611686018429225041"
    }, {
      "d" : "1756440247781999570",
      "t" : 1756440247781,
      "tn" : 1756440247781999570,
      "q" : "38",
      "p" : "0.03290",
      "s" : "buy",
      "i" : "XPLA_USD",
      "m" : "4611686018429225040"
    }, {
      "d" : "1756440241612347782",
      "t" : 1756440241612,
      "tn" : 1756440241612347782,
      "q" : "38",
      "p" : "0.03290",
      "s" : "buy",
      "i" : "XPLA_USD",
      "m" : "4611686018429225039"
    }, {
      "d" : "1756440235789857608",
      "t" : 1756440235789,
      "tn" : 1756440235789857608,
      "q" : "38",
      "p" : "0.03290",
      "s" : "buy",
      "i" : "XPLA_USD",
      "m" : "4611686018429225038"
    }, {
      "d" : "1756440229669337950",
      "t" : 1756440229669,
      "tn" : 1756440229669337950,
      "q" : "38",
      "p" : "0.03290",
      "s" : "buy",
      "i" : "XPLA_USD",
      "m" : "4611686018429225037"
    }, {
      "d" : "1756440223644269915",
      "t" : 1756440223644,
      "tn" : 1756440223644269915,
      "q" : "38",
      "p" : "0.03290",
      "s" : "buy",
      "i" : "XPLA_USD",
      "m" : "4611686018429225036"
    }, {
      "d" : "1756440217723725093",
      "t" : 1756440217723,
      "tn" : 1756440217723725093,
      "q" : "38",
      "p" : "0.03290",
      "s" : "buy",
      "i" : "XPLA_USD",
      "m" : "4611686018429225035"
    }, {
      "d" : "1756440211614606804",
      "t" : 1756440211614,
      "tn" : 1756440211614606804,
      "q" : "38",
      "p" : "0.03290",
      "s" : "buy",
      "i" : "XPLA_USD",
      "m" : "4611686018429225034"
    }, {
      "d" : "1756440205705020536",
      "t" : 1756440205705,
      "tn" : 1756440205705020536,
      "q" : "38",
      "p" : "0.03290",
      "s" : "buy",
      "i" : "XPLA_USD",
      "m" : "4611686018429225033"
    }, {
      "d" : "1756440199736207040",
      "t" : 1756440199736,
      "tn" : 1756440199736207040,
      "q" : "38",
      "p" : "0.03290",
      "s" : "buy",
      "i" : "XPLA_USD",
      "m" : "4611686018429225032"
    }, {
      "d" : "1756440193606036854",
      "t" : 1756440193606,
      "tn" : 1756440193606036854,
      "q" : "38",
      "p" : "0.03290",
      "s" : "buy",
      "i" : "XPLA_USD",
      "m" : "4611686018429225031"
    }, {
      "d" : "1756440187645956986",
      "t" : 1756440187645,
      "tn" : 1756440187645956986,
      "q" : "38",
      "p" : "0.03290",
      "s" : "buy",
      "i" : "XPLA_USD",
      "m" : "4611686018429225030"
    }, {
      "d" : "1756440181903760700",
      "t" : 1756440181903,
      "tn" : 1756440181903760700,
      "q" : "38",
      "p" : "0.03290",
      "s" : "buy",
      "i" : "XPLA_USD",
      "m" : "4611686018429225029"
    }, {
      "d" : "1756440178739020757",
      "t" : 1756440178739,
      "tn" : 1756440178739020757,
      "q" : "38",
      "p" : "0.03292",
      "s" : "buy",
      "i" : "XPLA_USD",
      "m" : "4611686018429225028"
    }, {
      "d" : "1756440172819819813",
      "t" : 1756440172819,
      "tn" : 1756440172819819813,
      "q" : "38",
      "p" : "0.03290",
      "s" : "buy",
      "i" : "XPLA_USD",
      "m" : "4611686018429225027"
    }, {
      "d" : "1756439373325932084",
      "t" : 1756439373325,
      "tn" : 1756439373325932084,
      "q" : "38",
      "p" : "0.03294",
      "s" : "buy",
      "i" : "XPLA_USD",
      "m" : "4611686018429225026"
    }, {
      "d" : "1756439371985797967",
      "t" : 1756439371985,
      "tn" : 1756439371985797967,
      "q" : "38",
      "p" : "0.03292",
      "s" : "buy",
      "i" : "XPLA_USD",
      "m" : "4611686018429225025"
    }, {
      "d" : "1756439324535562304",
      "t" : 1756439324535,
      "tn" : 1756439324535562304,
      "q" : "250",
      "p" : "0.03318",
      "s" : "buy",
      "i" : "XPLA_USD",
      "m" : "4611686018429225024"
    }, {
      "d" : "1756439324535559820",
      "t" : 1756439324535,
      "tn" : 1756439324535559820,
      "q" : "38",
      "p" : "0.03293",
      "s" : "buy",
      "i" : "XPLA_USD",
      "m" : "4611686018429225023"
    }, {
      "d" : "1756439324000562952",
      "t" : 1756439324000,
      "tn" : 1756439324000562952,
      "q" : "250",
      "p" : "0.03318",
      "s" : "buy",
      "i" : "XPLA_USD",
      "m" : "4611686018429225022"
    } ]
  }
}