{
  "id" : -1,
  "method" : "public/get-trades",
  "code" : 0,
  "result" : {
    "data" : [ {
      "d" : "1756463031808611749",
      "t" : 1756463031808,
      "tn" : 1756463031808611749,
      "q" : "29.0",
      "p" : "2.8805",
      "s" : "sell",
      "i" : "XRP_USDT",
      "m" : "4611686018463998207"
    }, {
      "d" : "1756463030783868471",
      "t" : 1756463030783,
      "tn" : 1756463030783868470,
      "q" : "14.0",
      "p" : "2.8806",
      "s" : "buy",
      "i" : "XRP_USDT",
      "m" : "4611686018463998206"
    }, {
      "d" : "1756463030783868470",
      "t" : 1756463030783,
      "tn" : 1756463030783868470,
      "q" : "6.0",
      "p" : "2.8806",
      "s" : "buy",
      "i" : "XRP_USDT",
      "m" : "4611686018463998206"
    }, {
      "d" : "1756463029381464736",
      "t" : 1756463029381,
      "tn" : 1756463029381464735,
      "q" : "211.5",
      "p" : "2.8802",
      "s" : "sell",
      "i" : "XRP_USDT",
      "m" : "4611686018463998205"
    }, {
      "d" : "1756463029381464735",
      "t" : 1756463029381,
      "tn" : 1756463029381464735,
      "q" : "87.0",
      "p" : "2.8802",
      "s" : "sell",
      "i" : "XRP_USDT",
      "m" : "4611686018463998205"
    }, {
      "d" : "1756463029381462120",
      "t" : 1756463029381,
      "tn" : 1756463029381462120,
      "q" : "0.5",
      "p" : "2.8805",
      "s" : "sell",
      "i" : "XRP_USDT",
      "m" : "4611686018463998204"
    }, {
      "d" : "1756463029379405888",
      "t" : 1756463029379,
      "tn" : 1756463029379405888,
      "q" : "48.3",
      "p" : "2.8805",
      "s" : "sell",
      "i" : "XRP_USDT",
      "m" : "4611686018463998203"
    }, {
      "d" : "1756463029379404516",
      "t" : 1756463029379,
      "tn" : 1756463029379404516,
      "q" : "0.7",
      "p" : "2.8807",
      "s" : "sell",
      "i" : "XRP_USDT",
      "m" : "4611686018463998202"
    }, {
      "d" : "1756463028179768431",
      "t" : 1756463028179,
      "tn" : 1756463028179768431,
      "q" : "0.4",
      "p" : "2.8810",
      "s" : "sell",
      "i" : "XRP_USDT",
      "m" : "4611686018463998201"
    }, {
      "d" : "1756463028179764770",
      "t" : 1756463028179,
      "tn" : 1756463028179764770,
      "q" : "0.4",
      "p" : "2.8810",
      "s" : "sell",
      "i" : "XRP_USDT",
      "m" : "4611686018463998200"
    }, {
      "d" : "1756463028179764251",
      "t" : 1756463028179,
      "tn" : 1756463028179764251,
      "q" : "0.4",
      "p" : "2.8810",
      "s" : "sell",
      "i" : "XRP_USDT",
      "m" : "4611686018463998199"
    }, {
      "d" : "1756463028179606135",
      "t" : 1756463028179,
      "tn" : 1756463028179606135,
      "q" : "0.4",
      "p" : "2.8810",
      "s" : "sell",
      "i" : "XRP_USDT",
      "m" : "4611686018463998198"
    }, {
      "d" : "1756463028179603898",
      "t" : 1756463028179,
      "tn" : 1756463028179603898,
      "q" : "0.4",
      "p" : "2.8810",
      "s" : "sell",
      "i" : "XRP_USDT",
      "m" : "4611686018463998197"
    }, {
      "d" : "1756463028179601795",
      "t" : 1756463028179,
      "tn" : 1756463028179601795,
      "q" : "0.4",
      "p" : "2.8810",
      "s" : "sell",
      "i" : "XRP_USDT",
      "m" : "4611686018463998196"
    }, {
      "d" : "1756463028179581185",
      "t" : 1756463028179,
      "tn" : 1756463028179581185,
      "q" : "0.4",
      "p" : "2.8810",
      "s" : "sell",
      "i" : "XRP_USDT",
      "m" : "4611686018463998195"
    }, {
      "d" : "1756463028179580762",
      "t" : 1756463028179,
      "tn" : 1756463028179580762,
      "q" : "0.4",
      "p" : "2.8810",
      "s" : "sell",
      "i" : "XRP_USDT",
      "m" : "4611686018463998194"
    }, {
      "d" : "1756463028179580198",
      "t" : 1756463028179,
      "tn" : 1756463028179580198,
      "q" : "0.4",
      "p" : "2.8810",
      "s" : "sell",
      "i" : "XRP_USDT",
      "m" : "4611686018463998193"
    }, {
      "d" : "1756463028179256035",
      "t" : 1756463028179,
      "tn" : 1756463028179256035,
      "q" : "0.4",
      "p" : "2.8810",
      "s" : "sell",
      "i" : "XRP_USDT",
      "m" : "4611686018463998192"
    }, {
      "d" : "1756463028179253824",
      "t" : 1756463028179,
      "tn" : 1756463028179253824,
      "q" : "0.4",
      "p" : "2.8810",
      "s" : "sell",
      "i" : "XRP_USDT",
      "m" : "4611686018463998191"
    }, {
      "d" : "1756463028179251717",
      "t" : 1756463028179,
      "tn" : 1756463028179251717,
      "q" : "0.4",
      "p" : "2.8810",
      "s" : "sell",
      "i" : "XRP_USDT",
      "m" : "4611686018463998190"
    }, {
      "d" : "1756463028179018356",
      "t" : 1756463028179,
      "tn" : 1756463028179018356,
      "q" : "0.4",
      "p" : "2.8810",
      "s" : "sell",
      "i" : "XRP_USDT",
      "m" : "4611686018463998189"
    }, {
      "d" : "1756463028179005514",
      "t" : 1756463028179,
      "tn" : 1756463028179005514,
      "q" : "0.4",
      "p" : "2.8810",
      "s" : "sell",
      "i" : "XRP_USDT",
      "m" : "4611686018463998188"
    }, {
      "d" : "1756463028178995918",
      "t" : 1756463028178,
      "tn" : 1756463028178995918,
      "q" : "0.4",
      "p" : "2.8810",
      "s" : "sell",
      "i" : "XRP_USDT",
      "m" : "4611686018463998187"
    }, {
      "d" : "1756463026702703177",
      "t" : 1756463026702,
      "tn" : 1756463026702703177,
      "q" : "245.0",
      "p" : "2.8805",
      "s" : "sell",
      "i" : "XRP_USDT",
      "m" : "4611686018463998186"
    }, {
      "d" : "1756463026702701784",
      "t" : 1756463026702,
      "tn" : 1756463026702701784,
      "q" : "100.0",
      "p" : "2.8806",
      "s" : "sell",
      "i" : "XRP_USDT",
      "m" : "4611686018463998185"
    }, {
      "d" : "1756463026702699833",
      "t" : 1756463026702,
      "tn" : 1756463026702699833,
      "q" : "0.5",
      "p" : "2.8807",
      "s" : "sell",
      "i" : "XRP_USDT",
      "m" : "4611686018463998184"
    }, {
      "d" : "1756463026702697884",
      "t" : 1756463026702,
      "tn" : 1756463026702697884,
      "q" : "0.5",
      "p" : "2.8808",
      "s" : "sell",
      "i" : "XRP_USDT",
      "m" : "4611686018463998183"
    }, {
      "d" : "1756463026701985791",
      "t" : 1756463026701,
      "tn" : 1756463026701985791,
      "q" : "0.3",
      "p" : "2.8808",
      "s" : "sell",
      "i" : "XRP_USDT",
      "m" : "4611686018463998182"
    }, {
      "d" : "1756463026701984498",
      "t" : 1756463026701,
      "tn" : 1756463026701984498,
      "q" : "347.0",
      "p" : "2.8809",
      "s" : "sell",
      "i" : "XRP_USDT",
      "m" : "4611686018463998181"
    }, {
      "d" : "1756463025057210930",
      "t" : 1756463025057,
      "tn" : 1756463025057210930,
      "q" : "98.8",
      "p" : "2.8806",
      "s" : "sell",
      "i" : "XRP_USDT",
      "m" : "4611686018463998180"
    }, {
      "d" : "1756463025057208887",
      "t" : 1756463025057,
      "tn" : 1756463025057208887,
      "q" : "0.7",
      "p" : "2.8807",
      "s" : "sell",
      "i" : "XRP_USDT",
      "m" : "4611686018463998179"
    }, {
      "d" : "1756463025057207178",
      "t" : 1756463025057,
      "tn" : 1756463025057207178,
      "q" : "0.5",
      "p" : "2.8808",
      "s" : "sell",
      "i" : "XRP_USDT",
      "m" : "4611686018463998178"
    }, {
      "d" : "1756463025049007003",
      "t" : 1756463025049,
      "tn" : 1756463025049007003,
      "q" : "0.4",
      "p" : "2.8811",
      "s" : "sell",
      "i" : "XRP_USDT",
      "m" : "4611686018463998177"
    }, {
      "d" : "1756463025049006626",
      "t" : 1756463025049,
      "tn" : 1756463025049006626,
      "q" : "0.4",
      "p" : "2.8811",
      "s" : "sell",
      "i" : "XRP_USDT",
      "m" : "4611686018463998176"
    }, {
      "d" : "1756463025049006243",
      "t" : 1756463025049,
      "tn" : 1756463025049006243,
      "q" : "0.4",
      "p" : "2.8811",
      "s" : "sell",
      "i" : "XRP_USDT",
      "m" : "4611686018463998175"
    }, {
      "d" : "1756463025048933282",
      "t" : 1756463025048,
      "tn" : 1756463025048933282,
      "q" : "0.4",
      "p" : "2.8811",
      "s" : "sell",
      "i" : "XRP_USDT",
      "m" : "4611686018463998174"
    }, {
      "d" : "1756463025048931874",
      "t" : 1756463025048,
      "tn" : 1756463025048931874,
      "q" : "0.4",
      "p" : "2.8811",
      "s" : "sell",
      "i" : "XRP_USDT",
      "m" : "4611686018463998173"
    }, {
      "d" : "1756463025048929209",
      "t" : 1756463025048,
      "tn" : 1756463025048929209,
      "q" : "0.4",
      "p" : "2.8811",
      "s" : "sell",
      "i" : "XRP_USDT",
      "m" : "4611686018463998172"
    }, {
      "d" : "1756463025048848766",
      "t" : 1756463025048,
      "tn" : 1756463025048848766,
      "q" : "0.4",
      "p" : "2.8811",
      "s" : "sell",
      "i" : "XRP_USDT",
      "m" : "4611686018463998171"
    }, {
      "d" : "1756463025048846110",
      "t" : 1756463025048,
      "tn" : 1756463025048846110,
      "q" : "0.4",
      "p" : "2.8811",
      "s" : "sell",
      "i" : "XRP_USDT",
      "m" : "4611686018463998170"
    }, {
      "d" : "1756463025048844088",
      "t" : 1756463025048,
      "tn" : 1756463025048844088,
      "q" : "0.4",
      "p" : "2.8811",
      "s" : "sell",
      "i" : "XRP_USDT",
      "m" : "4611686018463998169"
    }, {
      "d" : "1756463025048702693",
      "t" : 1756463025048,
      "tn" : 1756463025048702693,
      "q" : "0.4",
      "p" : "2.8811",
      "s" : "sell",
      "i" : "XRP_USDT",
      "m" : "4611686018463998168"
    }, {
      "d" : "1756463025048702279",
      "t" : 1756463025048,
      "tn" : 1756463025048702279,
      "q" : "0.4",
      "p" : "2.8811",
      "s" : "sell",
      "i" : "XRP_USDT",
      "m" : "4611686018463998167"
    }, {
      "d" : "1756463025048701509",
      "t" : 1756463025048,
      "tn" : 1756463025048701509,
      "q" : "0.4",
      "p" : "2.8811",
      "s" : "sell",
      "i" : "XRP_USDT",
      "m" : "4611686018463998166"
    }, {
      "d" : "1756463025048548182",
      "t" : 1756463025048,
      "tn" : 1756463025048548182,
      "q" : "0.4",
      "p" : "2.8811",
      "s" : "sell",
      "i" : "XRP_USDT",
      "m" : "4611686018463998165"
    }, {
      "d" : "1756463025048545024",
      "t" : 1756463025048,
      "tn" : 1756463025048545024,
      "q" : "0.4",
      "p" : "2.8811",
      "s" : "sell",
      "i" : "XRP_USDT",
      "m" : "4611686018463998164"
    }, {
      "d" : "1756463025048485568",
      "t" : 1756463025048,
      "tn" : 1756463025048485568,
      "q" : "0.4",
      "p" : "2.8811",
      "s" : "sell",
      "i" : "XRP_USDT",
      "m" : "4611686018463998163"
    }, {
      "d" : "1756463023293480556",
      "t" : 1756463023293,
      "tn" : 1756463023293480555,
      "q" : "691.0",
      "p" : "2.8813",
      "s" : "buy",
      "i" : "XRP_USDT",
      "m" : "4611686018463998162"
    }, {
      "d" : "1756463023293480555",
      "t" : 1756463023293,
      "tn" : 1756463023293480555,
      "q" : "29.0",
      "p" : "2.8813",
      "s" : "buy",
      "i" : "XRP_USDT",
      "m" : "4611686018463998162"
    }, {
      "d" : "1756463023113500475",
      "t" : 1756463023113,
      "tn" : 1756463023113500475,
      "q" : "343.2",
      "p" : "2.8810",
      "s" : "sell",
      "i" : "XRP_USDT",
      "m" : "4611686018463998161"
    }, {
      "d" : "1756463023113499254",
      "t" : 1756463023113,
      "tn" : 1756463023113499254,
      "q" : "0.5",
      "p" : "2.8812",
      "s" : "sell",
      "i" : "XRP_USDT",
      "m" : "4611686018463998160"
    }, {
      "d" : "1756463023113498121",
      "t" : 1756463023113,
      "tn" : 1756463023113498121,
      "q" : "3.5",
      "p" : "2.8813",
      "s" : "sell",
      "i" : "XRP_USDT",
      "m" : "4611686018463998159"
    }, {
      "d" : "1756463023106233517",
      "t" : 1756463023106,
      "tn" : 1756463023106233517,
      "q" : "696.5",
      "p" : "2.8813",
      "s" : "sell",
      "i" : "XRP_USDT",
      "m" : "4611686018463998158"
    }, {
      "d" : "1756463023106231980",
      "t" : 1756463023106,
      "tn" : 1756463023106231980,
      "q" : "3.5",
      "p" : "2.8814",
      "s" : "sell",
      "i" : "XRP_USDT",
      "m" : "4611686018463998157"
    }, {
      "d" : "1756463023105189897",
      "t" : 1756463023105,
      "tn" : 1756463023105189897,
      "q" : "347.0",
      "p" : "2.8815",
      "s" : "sell",
      "i" : "XRP_USDT",
      "m" : "4611686018463998156"
    }, {
      "d" : "1756463022920314633",
      "t" : 1756463022920,
      "tn" : 1756463022920314633,
      "q" : "0.4",
      "p" : "2.8815",
      "s" : "buy",
      "i" : "XRP_USDT",
      "m" : "4611686018463998155"
    }, {
      "d" : "1756463022920312793",
      "t" : 1756463022920,
      "tn" : 1756463022920312793,
      "q" : "0.4",
      "p" : "2.8815",
      "s" : "buy",
      "i" : "XRP_USDT",
      "m" : "4611686018463998154"
    }, {
      "d" : "1756463022920310744",
      "t" : 1756463022920,
      "tn" : 1756463022920310744,
      "q" : "0.4",
      "p" : "2.8815",
      "s" : "buy",
      "i" : "XRP_USDT",
      "m" : "4611686018463998153"
    }, {
      "d" : "1756463022920161522",
      "t" : 1756463022920,
      "tn" : 1756463022920161522,
      "q" : "0.4",
      "p" : "2.8815",
      "s" : "buy",
      "i" : "XRP_USDT",
      "m" : "4611686018463998152"
    }, {
      "d" : "1756463022920159354",
      "t" : 1756463022920,
      "tn" : 1756463022920159354,
      "q" : "0.4",
      "p" : "2.8815",
      "s" : "buy",
      "i" : "XRP_USDT",
      "m" : "4611686018463998151"
    }, {
      "d" : "1756463022920158465",
      "t" : 1756463022920,
      "tn" : 1756463022920158465,
      "q" : "0.4",
      "p" : "2.8815",
      "s" : "buy",
      "i" : "XRP_USDT",
      "m" : "4611686018463998150"
    }, {
      "d" : "1756463022920156246",
      "t" : 1756463022920,
      "tn" : 1756463022920156246,
      "q" : "0.4",
      "p" : "2.8815",
      "s" : "buy",
      "i" : "XRP_USDT",
      "m" : "4611686018463998149"
    }, {
      "d" : "1756463022920082219",
      "t" : 1756463022920,
      "tn" : 1756463022920082219,
      "q" : "0.4",
      "p" : "2.8815",
      "s" : "buy",
      "i" : "XRP_USDT",
      "m" : "4611686018463998148"
    }, {
      "d" : "1756463022920079184",
      "t" : 1756463022920,
      "tn" : 1756463022920079184,
      "q" : "0.4",
      "p" : "2.8815",
      "s" : "buy",
      "i" : "XRP_USDT",
      "m" : "4611686018463998147"
    }, {
      "d" : "1756463022920003307",
      "t" : 1756463022920,
      "tn" : 1756463022920003307,
      "q" : "0.4",
      "p" : "2.8815",
      "s" : "buy",
      "i" : "XRP_USDT",
      "m" : "4611686018463998146"
    }, {
      "d" : "1756463022920001676",
      "t" : 1756463022920,
      "tn" : 1756463022920001676,
      "q" : "0.4",
      "p" : "2.8815",
      "s" : "buy",
      "i" : "XRP_USDT",
      "m" : "4611686018463998145"
    }, {
      "d" : "1756463022920000969",
      "t" : 1756463022920,
      "tn" : 1756463022920000969,
      "q" : "0.4",
      "p" : "2.8815",
      "s" : "buy",
      "i" : "XRP_USDT",
      "m" : "4611686018463998144"
    }, {
      "d" : "1756463022919924876",
      "t" : 1756463022919,
      "tn" : 1756463022919924876,
      "q" : "0.4",
      "p" : "2.8815",
      "s" : "buy",
      "i" : "XRP_USDT",
      "m" : "4611686018463998143"
    }, {
      "d" : "1756463022919921200",
      "t" : 1756463022919,
      "tn" : 1756463022919921200,
      "q" : "0.4",
      "p" : "2.8815",
      "s" : "buy",
      "i" : "XRP_USDT",
      "m" : "4611686018463998142"
    }, {
      "d" : "1756463022919884922",
      "t" : 1756463022919,
      "tn" : 1756463022919884922,
      "q" : "0.4",
      "p" : "2.8815",
      "s" : "buy",
      "i" : "XRP_USDT",
      "m" : "4611686018463998141"
    }, {
      "d" : "1756463010943406805",
      "t" : 1756463010943,
      "tn" : 1756463010943406805,
      "q" : "0.4",
      "p" : "2.8808",
      "s" : "buy",
      "i" : "XRP_USDT",
      "m" : "4611686018463998140"
    }, {
      "d" : "1756463010943404836",
      "t" : 1756463010943,
      "tn" : 1756463010943404836,
      "q" : "0.4",
      "p" : "2.8808",
      "s" : "buy",
      "i" : "XRP_USDT",
      "m" : "4611686018463998139"
    }, {
      "d" : "1756463010943404128",
      "t" : 1756463010943,
      "tn" : 1756463010943404128,
      "q" : "0.4",
      "p" : "2.8808",
      "s" : "buy",
      "i" : "XRP_USDT",
      "m" : "4611686018463998138"
    }, {
      "d" : "1756463010943401353",
      "t" : 1756463010943,
      "tn" : 1756463010943401353,
      "q" : "0.4",
      "p" : "2.8808",
      "s" : "buy",
      "i" : "XRP_USDT",
      "m" : "4611686018463998137"
    }, {
      "d" : "1756463010943400847",
      "t" : 1756463010943,
      "tn" : 1756463010943400847,
      "q" : "0.4",
      "p" : "2.8808",
      "s" : "buy",
      "i" : "XRP_USDT",
      "m" : "4611686018463998136"
    }, {
      "d" : "1756463010943335126",
      "t" : 1756463010943,
      "tn" : 1756463010943335125,
      "q" : "0.2",
      "p" : "2.8808",
      "s" : "buy",
      "i" : "XRP_USDT",
      "m" : "4611686018463998135"
    }, {
      "d" : "1756463010943335125",
      "t" : 1756463010943,
      "tn" : 1756463010943335125,
      "q" : "0.2",
      "p" : "2.8808",
      "s" : "buy",
      "i" : "XRP_USDT",
      "m" : "4611686018463998135"
    }, {
      "d" : "1756463010943103823",
      "t" : 1756463010943,
      "tn" : 1756463010943103823,
      "q" : "0.4",
      "p" : "2.8808",
      "s" : "buy",
      "i" : "XRP_USDT",
      "m" : "4611686018463998134"
    }, {
      "d" : "1756463010943097585",
      "t" : 1756463010943,
      "tn" : 1756463010943097585,
      "q" : "0.4",
      "p" : "2.8808",
      "s" : "buy",
      "i" : "XRP_USDT",
      "m" : "4611686018463998133"
    }, {
      "d" : "1756463010943095583",
      "t" : 1756463010943,
      "tn" : 1756463010943095583,
      "q" : "0.4",
      "p" : "2.8808",
      "s" : "buy",
      "i" : "XRP_USDT",
      "m" : "4611686018463998132"
    }, {
      "d" : "1756463010943093344",
      "t" : 1756463010943,
      "tn" : 1756463010943093344,
      "q" : "0.4",
      "p" : "2.8808",
      "s" : "buy",
      "i" : "XRP_USDT",
      "m" : "4611686018463998131"
    }, {
      "d" : "1756463010943091875",
      "t" : 1756463010943,
      "tn" : 1756463010943091875,
      "q" : "0.4",
      "p" : "2.8808",
      "s" : "buy",
      "i" : "XRP_USDT",
      "m" : "4611686018463998130"
    }, {
      "d" : "1756463010943088684",
      "t" : 1756463010943,
      "tn" : 1756463010943088684,
      "q" : "0.4",
      "p" : "2.8808",
      "s" : "buy",
      "i" : "XRP_USDT",
      "m" : "4611686018463998129"
    }, {
      "d" : "1756463010943086525",
      "t" : 1756463010943,
      "tn" : 1756463010943086525,
      "q" : "0.4",
      "p" : "2.8808",
      "s" : "buy",
      "i" : "XRP_USDT",
      "m" : "4611686018463998128"
    }, {
      "d" : "1756463010943021175",
      "t" : 1756463010943,
      "tn" : 1756463010943021175,
      "q" : "0.4",
      "p" : "2.8808",
      "s" : "buy",
      "i" : "XRP_USDT",
      "m" : "4611686018463998127"
    }, {
      "d" : "1756463010943020245",
      "t" : 1756463010943,
      "tn" : 1756463010943020245,
      "q" : "0.4",
      "p" : "2.8808",
      "s" : "buy",
      "i" : "XRP_USDT",
      "m" : "4611686018463998126"
    }, {
      "d" : "1756462998321186754",
      "t" : 1756462998321,
      "tn" : 1756462998321186754,
      "q" : "0.4",
      "p" : "2.8799",
      "s" : "buy",
      "i" : "XRP_USDT",
      "m" : "4611686018463998125"
    }, {
      "d" : "1756462998321186215",
      "t" : 1756462998321,
      "tn" : 1756462998321186215,
      "q" : "0.4",
      "p" : "2.8799",
      "s" : "buy",
      "i" : "XRP_USDT",
      "m" : "4611686018463998124"
    }, {
      "d" : "1756462998321114442",
      "t" : 1756462998321,
      "tn" : 1756462998321114442,
      "q" : "0.4",
      "p" : "2.8799",
      "s" : "buy",
      "i" : "XRP_USDT",
      "m" : "4611686018463998123"
    }, {
      "d" : "1756462998321112429",
      "t" : 1756462998321,
      "tn" : 1756462998321112429,
      "q" : "0.4",
      "p" : "2.8799",
      "s" : "buy",
      "i" : "XRP_USDT",
      "m" : "4611686018463998122"
    }, {
      "d" : "1756462998321110279",
      "t" : 1756462998321,
      "tn" : 1756462998321110279,
      "q" : "0.4",
      "p" : "2.8799",
      "s" : "buy",
      "i" : "XRP_USDT",
      "m" : "4611686018463998121"
    }, {
      "d" : "1756462998321108102",
      "t" : 1756462998321,
      "tn" : 1756462998321108102,
      "q" : "0.4",
      "p" : "2.8799",
      "s" : "buy",
      "i" : "XRP_USDT",
      "m" : "4611686018463998120"
    }, {
      "d" : "1756462998320941732",
      "t" : 1756462998320,
      "tn" : 1756462998320941732,
      "q" : "0.4",
      "p" : "2.8799",
      "s" : "buy",
      "i" : "XRP_USDT",
      "m" : "4611686018463998119"
    }, {
      "d" : "1756462998320939585",
      "t" : 1756462998320,
      "tn" : 1756462998320939585,
      "q" : "0.4",
      "p" : "2.8799",
      "s" : "buy",
      "i" : "XRP_USDT",
      "m" : "4611686018463998118"
    }, {
      "d" : "1756462998320936639",
      "t" : 1756462998320,
      "tn" : 1756462998320936639,
      "q" : "0.4",
      "p" : "2.8799",
      "s" : "buy",
      "i" : "XRP_USDT",
      "m" : "4611686018463998117"
    }, {
      "d" : "1756462998320936079",
      "t" : 1756462998320,
      "tn" : 1756462998320936079,
      "q" : "0.4",
      "p" : "2.8799",
      "s" : "buy",
      "i" : "XRP_USDT",
      "m" : "4611686018463998116"
    }, {
      "d" : "1756462998320935526",
      "t" : 1756462998320,
      "tn" : 1756462998320935526,
      "q" : "0.4",
      "p" : "2.8799",
      "s" : "buy",
      "i" : "XRP_USDT",
      "m" : "4611686018463998115"
    }, {
      "d" : "1756462998320934116",
      "t" : 1756462998320,
      "tn" : 1756462998320934116,
      "q" : "0.4",
      "p" : "2.8799",
      "s" : "buy",
      "i" : "XRP_USDT",
      "m" : "4611686018463998114"
    }, {
      "d" : "1756462998320855921",
      "t" : 1756462998320,
      "tn" : 1756462998320855921,
      "q" : "0.4",
      "p" : "2.8799",
      "s" : "buy",
      "i" : "XRP_USDT",
      "m" : "4611686018463998113"
    }, {
      "d" : "1756462998320852919",
      "t" : 1756462998320,
      "tn" : 1756462998320852919,
      "q" : "0.4",
      "p" : "2.8799",
      "s" : "buy",
      "i" : "XRP_USDT",
      "m" : "4611686018463998112"
    }, {
      "d" : "1756462998320823387",
      "t" : 1756462998320,
      "tn" : 1756462998320823387,
      "q" : "0.4",
      "p" : "2.8799",
      "s" : "buy",
      "i" : "XRP_USDT",
      "m" : "4611686018463998111"
    }, {
      "d" : "1756462995035655681",
      "t" : 1756462995035,
      "tn" : 1756462995035655681,
      "q" : "0.4",
      "p" : "2.8797",
      "s" : "buy",
      "i" : "XRP_USDT",
      "m" : "4611686018463998110"
    }, {
      "d" : "1756462995035650674",
      "t" : 1756462995035,
      "tn" : 1756462995035650674,
      "q" : "0.4",
      "p" : "2.8797",
      "s" : "buy",
      "i" : "XRP_USDT",
      "m" : "4611686018463998109"
    }, {
      "d" : "1756462995035648694",
      "t" : 1756462995035,
      "tn" : 1756462995035648694,
      "q" : "0.4",
      "p" : "2.8797",
      "s" : "buy",
      "i" : "XRP_USDT",
      "m" : "4611686018463998108"
    }, {
      "d" : "1756462995035645520",
      "t" : 1756462995035,
      "tn" : 1756462995035645520,
      "q" : "0.4",
      "p" : "2.8797",
      "s" : "buy",
      "i" : "XRP_USDT",
      "m" : "4611686018463998107"
    }, {
      "d" : "1756462995035545372",
      "t" : 1756462995035,
      "tn" : 1756462995035545372,
      "q" : "0.4",
      "p" : "2.8797",
      "s" : "buy",
      "i" : "XRP_USDT",
      "m" : "4611686018463998106"
    }, {
      "d" : "1756462995035525036",
      "t" : 1756462995035,
      "tn" : 1756462995035525036,
      "q" : "0.4",
      "p" : "2.8797",
      "s" : "buy",
      "i" : "XRP_USDT",
      "m" : "4611686018463998105"
    }, {
      "d" : "1756462995035522900",
      "t" : 1756462995035,
      "tn" : 1756462995035522900,
      "q" : "0.4",
      "p" : "2.8797",
      "s" : "buy",
      "i" : "XRP_USDT",
      "m" : "4611686018463998104"
    }, {
      "d" : "1756462995035520839",
      "t" : 1756462995035,
      "tn" : 1756462995035520839,
      "q" : "0.4",
      "p" : "2.8797",
      "s" : "buy",
      "i" : "XRP_USDT",
      "m" : "4611686018463998103"
    }, {
      "d" : "1756462995035520157",
      "t" : 1756462995035,
      "tn" : 1756462995035520157,
      "q" : "0.4",
      "p" : "2.8797",
      "s" : "buy",
      "i" : "XRP_USDT",
      "m" : "4611686018463998102"
    }, {
      "d" : "1756462995035429468",
      "t" : 1756462995035,
      "tn" : 1756462995035429468,
      "q" : "0.4",
      "p" : "2.8797",
      "s" : "buy",
      "i" : "XRP_USDT",
      "m" : "4611686018463998101"
    }, {
      "d" : "1756462995035427411",
      "t" : 1756462995035,
      "tn" : 1756462995035427411,
      "q" : "0.4",
      "p" : "2.8797",
      "s" : "buy",
      "i" : "XRP_USDT",
      "m" : "4611686018463998100"
    }, {
      "d" : "1756462995035425047",
      "t" : 1756462995035,
      "tn" : 1756462995035425047,
      "q" : "0.4",
      "p" : "2.8797",
      "s" : "buy",
      "i" : "XRP_USDT",
      "m" : "4611686018463998099"
    }, {
      "d" : "1756462995035422930",
      "t" : 1756462995035,
      "tn" : 1756462995035422930,
      "q" : "0.4",
      "p" : "2.8797",
      "s" : "buy",
      "i" : "XRP_USDT",
      "m" : "4611686018463998098"
    }, {
      "d" : "1756462995035421534",
      "t" : 1756462995035,
      "tn" : 1756462995035421534,
      "q" : "0.4",
      "p" : "2.8797",
      "s" : "buy",
      "i" : "XRP_USDT",
      "m" : "4611686018463998097"
    }, {
      "d" : "1756462995035418602",
      "t" : 1756462995035,
      "tn" : 1756462995035418602,
      "q" : "0.4",
      "p" : "2.8797",
      "s" : "buy",
      "i" : "XRP_USDT",
      "m" : "4611686018463998096"
    }, {
      "d" : "1756462982371436483",
      "t" : 1756462982371,
      "tn" : 1756462982371436482,
      "q" : "1031.3",
      "p" : "2.8795",
      "s" : "buy",
      "i" : "XRP_USDT",
      "m" : "4611686018463998095"
    }, {
      "d" : "1756462982371436482",
      "t" : 1756462982371,
      "tn" : 1756462982371436482,
      "q" : "6.0",
      "p" : "2.8795",
      "s" : "buy",
      "i" : "XRP_USDT",
      "m" : "4611686018463998095"
    }, {
      "d" : "1756462982168370894",
      "t" : 1756462982168,
      "tn" : 1756462982168370894,
      "q" : "1031.3",
      "p" : "2.8799",
      "s" : "sell",
      "i" : "XRP_USDT",
      "m" : "4611686018463998094"
    }, {
      "d" : "1756462982168368978",
      "t" : 1756462982168,
      "tn" : 1756462982168368978,
      "q" : "0.7",
      "p" : "2.8800",
      "s" : "sell",
      "i" : "XRP_USDT",
      "m" : "4611686018463998093"
    }, {
      "d" : "1756462981696192954",
      "t" : 1756462981696,
      "tn" : 1756462981696192954,
      "q" : "594.3",
      "p" : "2.8802",
      "s" : "sell",
      "i" : "XRP_USDT",
      "m" : "4611686018463998092"
    }, {
      "d" : "1756462981637238768",
      "t" : 1756462981637,
      "tn" : 1756462981637238768,
      "q" : "359.0",
      "p" : "2.8802",
      "s" : "sell",
      "i" : "XRP_USDT",
      "m" : "4611686018463998091"
    }, {
      "d" : "1756462981636921514",
      "t" : 1756462981636,
      "tn" : 1756462981636921514,
      "q" : "420.0",
      "p" : "2.8802",
      "s" : "sell",
      "i" : "XRP_USDT",
      "m" : "4611686018463998090"
    }, {
      "d" : "1756462981636888972",
      "t" : 1756462981636,
      "tn" : 1756462981636888972,
      "q" : "2.0",
      "p" : "2.8802",
      "s" : "sell",
      "i" : "XRP_USDT",
      "m" : "4611686018463998089"
    }, {
      "d" : "1756462981636870285",
      "t" : 1756462981636,
      "tn" : 1756462981636870285,
      "q" : "278.0",
      "p" : "2.8802",
      "s" : "sell",
      "i" : "XRP_USDT",
      "m" : "4611686018463998088"
    }, {
      "d" : "1756462980476745330",
      "t" : 1756462980476,
      "tn" : 1756462980476745329,
      "q" : "346.7",
      "p" : "2.8802",
      "s" : "sell",
      "i" : "XRP_USDT",
      "m" : "4611686018463998087"
    }, {
      "d" : "1756462980476745329",
      "t" : 1756462980476,
      "tn" : 1756462980476745329,
      "q" : "0.7",
      "p" : "2.8802",
      "s" : "sell",
      "i" : "XRP_USDT",
      "m" : "4611686018463998087"
    }, {
      "d" : "1756462976341884820",
      "t" : 1756462976341,
      "tn" : 1756462976341884820,
      "q" : "2000.0",
      "p" : "2.8801",
      "s" : "buy",
      "i" : "XRP_USDT",
      "m" : "4611686018463998086"
    }, {
      "d" : "1756462976341882846",
      "t" : 1756462976341,
      "tn" : 1756462976341882846,
      "q" : "0.7",
      "p" : "2.8800",
      "s" : "buy",
      "i" : "XRP_USDT",
      "m" : "4611686018463998085"
    }, {
      "d" : "1756462975901621540",
      "t" : 1756462975901,
      "tn" : 1756462975901621540,
      "q" : "21.8",
      "p" : "2.8799",
      "s" : "sell",
      "i" : "XRP_USDT",
      "m" : "4611686018463998084"
    }, {
      "d" : "1756462964669948791",
      "t" : 1756462964669,
      "tn" : 1756462964669948791,
      "q" : "170.0",
      "p" : "2.8795",
      "s" : "sell",
      "i" : "XRP_USDT",
      "m" : "4611686018463998083"
    }, {
      "d" : "1756462964669898235",
      "t" : 1756462964669,
      "tn" : 1756462964669898235,
      "q" : "21.2",
      "p" : "2.8795",
      "s" : "sell",
      "i" : "XRP_USDT",
      "m" : "4611686018463998082"
    }, {
      "d" : "1756462964669896803",
      "t" : 1756462964669,
      "tn" : 1756462964669896803,
      "q" : "424.8",
      "p" : "2.8797",
      "s" : "sell",
      "i" : "XRP_USDT",
      "m" : "4611686018463998081"
    }, {
      "d" : "1756462947844027737",
      "t" : 1756462947844,
      "tn" : 1756462947844027737,
      "q" : "0.3",
      "p" : "2.8813",
      "s" : "sell",
      "i" : "XRP_USDT",
      "m" : "4611686018463998080"
    }, {
      "d" : "1756462947844022213",
      "t" : 1756462947844,
      "tn" : 1756462947844022213,
      "q" : "0.4",
      "p" : "2.8813",
      "s" : "sell",
      "i" : "XRP_USDT",
      "m" : "4611686018463998079"
    }, {
      "d" : "1756462947269616496",
      "t" : 1756462947269,
      "tn" : 1756462947269616496,
      "q" : "849.3",
      "p" : "2.8813",
      "s" : "buy",
      "i" : "XRP_USDT",
      "m" : "4611686018463998078"
    }, {
      "d" : "1756462946460623062",
      "t" : 1756462946460,
      "tn" : 1756462946460623062,
      "q" : "349.3",
      "p" : "2.8815",
      "s" : "sell",
      "i" : "XRP_USDT",
      "m" : "4611686018463998077"
    }, {
      "d" : "1756462946460621330",
      "t" : 1756462946460,
      "tn" : 1756462946460621330,
      "q" : "0.7",
      "p" : "2.8816",
      "s" : "sell",
      "i" : "XRP_USDT",
      "m" : "4611686018463998076"
    }, {
      "d" : "1756462944173445025",
      "t" : 1756462944173,
      "tn" : 1756462944173445024,
      "q" : "206.1",
      "p" : "2.8818",
      "s" : "buy",
      "i" : "XRP_USDT",
      "m" : "4611686018463998075"
    }, {
      "d" : "1756462944173445024",
      "t" : 1756462944173,
      "tn" : 1756462944173445024,
      "q" : "73.9",
      "p" : "2.8818",
      "s" : "buy",
      "i" : "XRP_USDT",
      "m" : "4611686018463998075"
    }, {
      "d" : "1756462921052398830",
      "t" : 1756462921052,
      "tn" : 1756462921052398830,
      "q" : "420.0",
      "p" : "2.8819",
      "s" : "buy",
      "i" : "XRP_USDT",
      "m" : "4611686018463998074"
    }, {
      "d" : "1756462918057160525",
      "t" : 1756462918057,
      "tn" : 1756462918057160525,
      "q" : "17.5",
      "p" : "2.8817",
      "s" : "sell",
      "i" : "XRP_USDT",
      "m" : "4611686018463998073"
    }, {
      "d" : "1756462918057159073",
      "t" : 1756462918057,
      "tn" : 1756462918057159073,
      "q" : "200.5",
      "p" : "2.8818",
      "s" : "sell",
      "i" : "XRP_USDT",
      "m" : "4611686018463998072"
    }, {
      "d" : "1756462918057016395",
      "t" : 1756462918057,
      "tn" : 1756462918057016395,
      "q" : "159.0",
      "p" : "2.8818",
      "s" : "sell",
      "i" : "XRP_USDT",
      "m" : "4611686018463998071"
    }, {
      "d" : "1756462918056906952",
      "t" : 1756462918056,
      "tn" : 1756462918056906952,
      "q" : "140.5",
      "p" : "2.8818",
      "s" : "sell",
      "i" : "XRP_USDT",
      "m" : "4611686018463998070"
    }, {
      "d" : "1756462918056905582",
      "t" : 1756462918056,
      "tn" : 1756462918056905582,
      "q" : "0.5",
      "p" : "2.8819",
      "s" : "sell",
      "i" : "XRP_USDT",
      "m" : "4611686018463998069"
    }, {
      "d" : "1756462902416956748",
      "t" : 1756462902416,
      "tn" : 1756462902416956747,
      "q" : "20.4",
      "p" : "2.8822",
      "s" : "buy",
      "i" : "XRP_USDT",
      "m" : "4611686018463998068"
    }, {
      "d" : "1756462902416956747",
      "t" : 1756462902416,
      "tn" : 1756462902416956747,
      "q" : "1529.6",
      "p" : "2.8822",
      "s" : "buy",
      "i" : "XRP_USDT",
      "m" : "4611686018463998068"
    }, {
      "d" : "1756462901845347071",
      "t" : 1756462901845,
      "tn" : 1756462901845347071,
      "q" : "692.9",
      "p" : "2.8822",
      "s" : "sell",
      "i" : "XRP_USDT",
      "m" : "4611686018463998067"
    }, {
      "d" : "1756462901845346541",
      "t" : 1756462901845,
      "tn" : 1756462901845346541,
      "q" : "6.9",
      "p" : "2.8825",
      "s" : "sell",
      "i" : "XRP_USDT",
      "m" : "4611686018463998066"
    } ]
  }
}