{
  "id" : -1,
  "method" : "public/get-trades",
  "code" : 0,
  "result" : {
    "data" : [ {
      "d" : "1756463018556594276",
      "t" : 1756463018556,
      "tn" : 1756463018556594276,
      "q" : "0.7",
      "p" : "0.000026228",
      "s" : "buy",
      "i" : "XRP_BTC",
      "m" : "4611686018430708495"
    }, {
      "d" : "1756463018556590969",
      "t" : 1756463018556,
      "tn" : 1756463018556590969,
      "q" : "0.5",
      "p" : "0.000026221",
      "s" : "buy",
      "i" : "XRP_BTC",
      "m" : "4611686018430708494"
    }, {
      "d" : "1756463017141656818",
      "t" : 1756463017141,
      "tn" : 1756463017141656818,
      "q" : "44.4",
      "p" : "0.000026229",
      "s" : "buy",
      "i" : "XRP_BTC",
      "m" : "4611686018430708493"
    }, {
      "d" : "1756463017141653691",
      "t" : 1756463017141,
      "tn" : 1756463017141653691,
      "q" : "0.5",
      "p" : "0.000026221",
      "s" : "buy",
      "i" : "XRP_BTC",
      "m" : "4611686018430708492"
    }, {
      "d" : "1756463016656112896",
      "t" : 1756463016656,
      "tn" : 1756463016656112896,
      "q" : "0.7",
      "p" : "0.000026228",
      "s" : "buy",
      "i" : "XRP_BTC",
      "m" : "4611686018430708491"
    }, {
      "d" : "1756463016656110217",
      "t" : 1756463016656,
      "tn" : 1756463016656110217,
      "q" : "0.5",
      "p" : "0.000026219",
      "s" : "buy",
      "i" : "XRP_BTC",
      "m" : "4611686018430708490"
    }, {
      "d" : "1756463012200084970",
      "t" : 1756463012200,
      "tn" : 1756463012200084970,
      "q" : "0.7",
      "p" : "0.000026228",
      "s" : "buy",
      "i" : "XRP_BTC",
      "m" : "4611686018430708489"
    }, {
      "d" : "1756463012200082202",
      "t" : 1756463012200,
      "tn" : 1756463012200082202,
      "q" : "0.5",
      "p" : "0.000026219",
      "s" : "buy",
      "i" : "XRP_BTC",
      "m" : "4611686018430708488"
    }, {
      "d" : "1756463008340647126",
      "t" : 1756463008340,
      "tn" : 1756463008340647126,
      "q" : "0.7",
      "p" : "0.000026219",
      "s" : "buy",
      "i" : "XRP_BTC",
      "m" : "4611686018430708487"
    }, {
      "d" : "1756463008340644519",
      "t" : 1756463008340,
      "tn" : 1756463008340644519,
      "q" : "0.5",
      "p" : "0.000026212",
      "s" : "buy",
      "i" : "XRP_BTC",
      "m" : "4611686018430708486"
    }, {
      "d" : "1756463007742130175",
      "t" : 1756463007742,
      "tn" : 1756463007742130175,
      "q" : "0.5",
      "p" : "0.000026212",
      "s" : "buy",
      "i" : "XRP_BTC",
      "m" : "4611686018430708485"
    }, {
      "d" : "1756462958766041564",
      "t" : 1756462958766,
      "tn" : 1756462958766041564,
      "q" : "0.5",
      "p" : "0.000026214",
      "s" : "buy",
      "i" : "XRP_BTC",
      "m" : "4611686018430708484"
    }, {
      "d" : "1756462886723214526",
      "t" : 1756462886723,
      "tn" : 1756462886723214526,
      "q" : "0.5",
      "p" : "0.000026225",
      "s" : "buy",
      "i" : "XRP_BTC",
      "m" : "4611686018430708483"
    }, {
      "d" : "1756462825570855124",
      "t" : 1756462825570,
      "tn" : 1756462825570855124,
      "q" : "0.7",
      "p" : "0.000026238",
      "s" : "buy",
      "i" : "XRP_BTC",
      "m" : "4611686018430708482"
    }, {
      "d" : "1756462746541219006",
      "t" : 1756462746541,
      "tn" : 1756462746541219006,
      "q" : "75.9",
      "p" : "0.000026228",
      "s" : "buy",
      "i" : "XRP_BTC",
      "m" : "4611686018430708481"
    }, {
      "d" : "1756462746540634140",
      "t" : 1756462746540,
      "tn" : 1756462746540634140,
      "q" : "76.0",
      "p" : "0.000026228",
      "s" : "buy",
      "i" : "XRP_BTC",
      "m" : "4611686018430708480"
    }, {
      "d" : "1756462746540626891",
      "t" : 1756462746540,
      "tn" : 1756462746540626891,
      "q" : "75.9",
      "p" : "0.000026228",
      "s" : "buy",
      "i" : "XRP_BTC",
      "m" : "4611686018430708479"
    }, {
      "d" : "1756462746540620957",
      "t" : 1756462746540,
      "tn" : 1756462746540620957,
      "q" : "103.6",
      "p" : "0.000026228",
      "s" : "buy",
      "i" : "XRP_BTC",
      "m" : "4611686018430708478"
    }, {
      "d" : "1756462746540620590",
      "t" : 1756462746540,
      "tn" : 1756462746540620590,
      "q" : "44.5",
      "p" : "0.000026227",
      "s" : "buy",
      "i" : "XRP_BTC",
      "m" : "4611686018430708477"
    }, {
      "d" : "1756462746540619865",
      "t" : 1756462746540,
      "tn" : 1756462746540619865,
      "q" : "3.2",
      "p" : "0.000026226",
      "s" : "buy",
      "i" : "XRP_BTC",
      "m" : "4611686018430708476"
    }, {
      "d" : "1756462616101717934",
      "t" : 1756462616101,
      "tn" : 1756462616101717934,
      "q" : "0.5",
      "p" : "0.000026206",
      "s" : "buy",
      "i" : "XRP_BTC",
      "m" : "4611686018430708475"
    }, {
      "d" : "1756462532832068358",
      "t" : 1756462532832,
      "tn" : 1756462532832068358,
      "q" : "0.5",
      "p" : "0.000026212",
      "s" : "buy",
      "i" : "XRP_BTC",
      "m" : "4611686018430708474"
    }, {
      "d" : "1756462470636329723",
      "t" : 1756462470636,
      "tn" : 1756462470636329723,
      "q" : "361.0",
      "p" : "0.000026216",
      "s" : "buy",
      "i" : "XRP_BTC",
      "m" : "4611686018430708473"
    }, {
      "d" : "1756462470636327156",
      "t" : 1756462470636,
      "tn" : 1756462470636327156,
      "q" : "0.5",
      "p" : "0.000026213",
      "s" : "buy",
      "i" : "XRP_BTC",
      "m" : "4611686018430708472"
    }, {
      "d" : "1756462443975534424",
      "t" : 1756462443975,
      "tn" : 1756462443975534424,
      "q" : "0.7",
      "p" : "0.000026214",
      "s" : "buy",
      "i" : "XRP_BTC",
      "m" : "4611686018430708471"
    }, {
      "d" : "1756462308449210260",
      "t" : 1756462308449,
      "tn" : 1756462308449210259,
      "q" : "0.5",
      "p" : "0.000026214",
      "s" : "buy",
      "i" : "XRP_BTC",
      "m" : "4611686018430708470"
    }, {
      "d" : "1756462308449210259",
      "t" : 1756462308449,
      "tn" : 1756462308449210259,
      "q" : "0.7",
      "p" : "0.000026214",
      "s" : "buy",
      "i" : "XRP_BTC",
      "m" : "4611686018430708470"
    }, {
      "d" : "1756462263442170788",
      "t" : 1756462263442,
      "tn" : 1756462263442170788,
      "q" : "1263.1",
      "p" : "0.000026211",
      "s" : "sell",
      "i" : "XRP_BTC",
      "m" : "4611686018430708469"
    }, {
      "d" : "1756462253096358922",
      "t" : 1756462253096,
      "tn" : 1756462253096358922,
      "q" : "3254.8",
      "p" : "0.000026216",
      "s" : "buy",
      "i" : "XRP_BTC",
      "m" : "4611686018430708468"
    }, {
      "d" : "1756462253096357200",
      "t" : 1756462253096,
      "tn" : 1756462253096357200,
      "q" : "44.4",
      "p" : "0.000026215",
      "s" : "buy",
      "i" : "XRP_BTC",
      "m" : "4611686018430708467"
    }, {
      "d" : "1756462253096354275",
      "t" : 1756462253096,
      "tn" : 1756462253096354275,
      "q" : "0.5",
      "p" : "0.000026213",
      "s" : "buy",
      "i" : "XRP_BTC",
      "m" : "4611686018430708466"
    }, {
      "d" : "1756462252789118247",
      "t" : 1756462252789,
      "tn" : 1756462252789118247,
      "q" : "44.4",
      "p" : "0.000026215",
      "s" : "buy",
      "i" : "XRP_BTC",
      "m" : "4611686018430708465"
    }, {
      "d" : "1756462252789115264",
      "t" : 1756462252789,
      "tn" : 1756462252789115264,
      "q" : "0.5",
      "p" : "0.000026213",
      "s" : "buy",
      "i" : "XRP_BTC",
      "m" : "4611686018430708464"
    }, {
      "d" : "1756462238368735170",
      "t" : 1756462238368,
      "tn" : 1756462238368735170,
      "q" : "2361.4",
      "p" : "0.000026216",
      "s" : "buy",
      "i" : "XRP_BTC",
      "m" : "4611686018430708463"
    }, {
      "d" : "1756462238368733226",
      "t" : 1756462238368,
      "tn" : 1756462238368733226,
      "q" : "0.5",
      "p" : "0.000026215",
      "s" : "buy",
      "i" : "XRP_BTC",
      "m" : "4611686018430708462"
    }, {
      "d" : "1756462090358970421",
      "t" : 1756462090358,
      "tn" : 1756462090358970421,
      "q" : "3738.6",
      "p" : "0.000026216",
      "s" : "buy",
      "i" : "XRP_BTC",
      "m" : "4611686018430708461"
    }, {
      "d" : "1756462090358968236",
      "t" : 1756462090358,
      "tn" : 1756462090358968236,
      "q" : "0.5",
      "p" : "0.000026211",
      "s" : "buy",
      "i" : "XRP_BTC",
      "m" : "4611686018430708460"
    }, {
      "d" : "1756461966563401951",
      "t" : 1756461966563,
      "tn" : 1756461966563401951,
      "q" : "0.7",
      "p" : "0.000026196",
      "s" : "sell",
      "i" : "XRP_BTC",
      "m" : "4611686018430708459"
    }, {
      "d" : "1756461858152100191",
      "t" : 1756461858152,
      "tn" : 1756461858152100191,
      "q" : "0.7",
      "p" : "0.000026194",
      "s" : "sell",
      "i" : "XRP_BTC",
      "m" : "4611686018430708458"
    }, {
      "d" : "1756461828006047257",
      "t" : 1756461828006,
      "tn" : 1756461828006047257,
      "q" : "0.5",
      "p" : "0.000026193",
      "s" : "buy",
      "i" : "XRP_BTC",
      "m" : "4611686018430708457"
    }, {
      "d" : "1756461731449512003",
      "t" : 1756461731449,
      "tn" : 1756461731449512003,
      "q" : "0.5",
      "p" : "0.000026185",
      "s" : "buy",
      "i" : "XRP_BTC",
      "m" : "4611686018430708456"
    }, {
      "d" : "1756461626882483260",
      "t" : 1756461626882,
      "tn" : 1756461626882483260,
      "q" : "0.7",
      "p" : "0.000026191",
      "s" : "sell",
      "i" : "XRP_BTC",
      "m" : "4611686018430708455"
    }, {
      "d" : "1756461115855378295",
      "t" : 1756461115855,
      "tn" : 1756461115855378295,
      "q" : "1.1",
      "p" : "0.000026143",
      "s" : "sell",
      "i" : "XRP_BTC",
      "m" : "4611686018430708454"
    }, {
      "d" : "1756461041213538491",
      "t" : 1756461041213,
      "tn" : 1756461041213538491,
      "q" : "75.9",
      "p" : "0.000026150",
      "s" : "buy",
      "i" : "XRP_BTC",
      "m" : "4611686018430708453"
    }, {
      "d" : "1756461041213536212",
      "t" : 1756461041213,
      "tn" : 1756461041213536212,
      "q" : "0.5",
      "p" : "0.000026145",
      "s" : "buy",
      "i" : "XRP_BTC",
      "m" : "4611686018430708452"
    }, {
      "d" : "1756461013494355036",
      "t" : 1756461013494,
      "tn" : 1756461013494355036,
      "q" : "75.9",
      "p" : "0.000026150",
      "s" : "sell",
      "i" : "XRP_BTC",
      "m" : "4611686018430708451"
    }, {
      "d" : "1756461013494351970",
      "t" : 1756461013494,
      "tn" : 1756461013494351970,
      "q" : "0.7",
      "p" : "0.000026151",
      "s" : "sell",
      "i" : "XRP_BTC",
      "m" : "4611686018430708450"
    }, {
      "d" : "1756460910576092068",
      "t" : 1756460910576,
      "tn" : 1756460910576092068,
      "q" : "238.8",
      "p" : "0.000026114",
      "s" : "buy",
      "i" : "XRP_BTC",
      "m" : "4611686018430708449"
    }, {
      "d" : "1756460910475452264",
      "t" : 1756460910475,
      "tn" : 1756460910475452264,
      "q" : "205.5",
      "p" : "0.000026114",
      "s" : "buy",
      "i" : "XRP_BTC",
      "m" : "4611686018430708448"
    }, {
      "d" : "1756460908414043516",
      "t" : 1756460908414,
      "tn" : 1756460908414043516,
      "q" : "236.6",
      "p" : "0.000026114",
      "s" : "buy",
      "i" : "XRP_BTC",
      "m" : "4611686018430708447"
    }, {
      "d" : "1756460908405774261",
      "t" : 1756460908405,
      "tn" : 1756460908405774261,
      "q" : "172.3",
      "p" : "0.000026114",
      "s" : "buy",
      "i" : "XRP_BTC",
      "m" : "4611686018430708446"
    }, {
      "d" : "1756460908384697433",
      "t" : 1756460908384,
      "tn" : 1756460908384697433,
      "q" : "1037.9",
      "p" : "0.000026114",
      "s" : "buy",
      "i" : "XRP_BTC",
      "m" : "4611686018430708445"
    }, {
      "d" : "1756460908332215388",
      "t" : 1756460908332,
      "tn" : 1756460908332215388,
      "q" : "1341.4",
      "p" : "0.000026114",
      "s" : "buy",
      "i" : "XRP_BTC",
      "m" : "4611686018430708444"
    }, {
      "d" : "1756460906529846420",
      "t" : 1756460906529,
      "tn" : 1756460906529846420,
      "q" : "1730.5",
      "p" : "0.000026114",
      "s" : "buy",
      "i" : "XRP_BTC",
      "m" : "4611686018430708443"
    }, {
      "d" : "1756460864828186543",
      "t" : 1756460864828,
      "tn" : 1756460864828186543,
      "q" : "1453.4",
      "p" : "0.000026114",
      "s" : "buy",
      "i" : "XRP_BTC",
      "m" : "4611686018430708442"
    }, {
      "d" : "1756460851140039666",
      "t" : 1756460851140,
      "tn" : 1756460851140039666,
      "q" : "3337.4",
      "p" : "0.000026114",
      "s" : "buy",
      "i" : "XRP_BTC",
      "m" : "4611686018430708441"
    }, {
      "d" : "1756460851140037059",
      "t" : 1756460851140,
      "tn" : 1756460851140037059,
      "q" : "0.5",
      "p" : "0.000026112",
      "s" : "buy",
      "i" : "XRP_BTC",
      "m" : "4611686018430708440"
    }, {
      "d" : "1756460801736416715",
      "t" : 1756460801736,
      "tn" : 1756460801736416715,
      "q" : "0.5",
      "p" : "0.000026081",
      "s" : "buy",
      "i" : "XRP_BTC",
      "m" : "4611686018430708439"
    }, {
      "d" : "1756460794174843050",
      "t" : 1756460794174,
      "tn" : 1756460794174843050,
      "q" : "350.0",
      "p" : "0.000026091",
      "s" : "sell",
      "i" : "XRP_BTC",
      "m" : "4611686018430708438"
    }, {
      "d" : "1756460794173544347",
      "t" : 1756460794173,
      "tn" : 1756460794173544347,
      "q" : "256.8",
      "p" : "0.000026091",
      "s" : "sell",
      "i" : "XRP_BTC",
      "m" : "4611686018430708437"
    }, {
      "d" : "1756460794161742559",
      "t" : 1756460794161,
      "tn" : 1756460794161742559,
      "q" : "319.3",
      "p" : "0.000026091",
      "s" : "sell",
      "i" : "XRP_BTC",
      "m" : "4611686018430708436"
    }, {
      "d" : "1756460622185301631",
      "t" : 1756460622185,
      "tn" : 1756460622185301631,
      "q" : "0.5",
      "p" : "0.000026052",
      "s" : "buy",
      "i" : "XRP_BTC",
      "m" : "4611686018430708435"
    }, {
      "d" : "1756460610941573558",
      "t" : 1756460610941,
      "tn" : 1756460610941573558,
      "q" : "0.5",
      "p" : "0.000026051",
      "s" : "buy",
      "i" : "XRP_BTC",
      "m" : "4611686018430708434"
    }, {
      "d" : "1756460606481630243",
      "t" : 1756460606481,
      "tn" : 1756460606481630243,
      "q" : "314.4",
      "p" : "0.000026052",
      "s" : "buy",
      "i" : "XRP_BTC",
      "m" : "4611686018430708433"
    }, {
      "d" : "1756460480031935827",
      "t" : 1756460480031,
      "tn" : 1756460480031935827,
      "q" : "0.5",
      "p" : "0.000026061",
      "s" : "buy",
      "i" : "XRP_BTC",
      "m" : "4611686018430708432"
    }, {
      "d" : "1756460386915289788",
      "t" : 1756460386915,
      "tn" : 1756460386915289788,
      "q" : "0.5",
      "p" : "0.000026073",
      "s" : "buy",
      "i" : "XRP_BTC",
      "m" : "4611686018430708431"
    }, {
      "d" : "1756460283601646353",
      "t" : 1756460283601,
      "tn" : 1756460283601646353,
      "q" : "0.5",
      "p" : "0.000026076",
      "s" : "buy",
      "i" : "XRP_BTC",
      "m" : "4611686018430708430"
    }, {
      "d" : "1756460185395730548",
      "t" : 1756460185395,
      "tn" : 1756460185395730548,
      "q" : "76.3",
      "p" : "0.000026097",
      "s" : "buy",
      "i" : "XRP_BTC",
      "m" : "4611686018430708429"
    }, {
      "d" : "1756460185395728388",
      "t" : 1756460185395,
      "tn" : 1756460185395728388,
      "q" : "44.8",
      "p" : "0.000026096",
      "s" : "buy",
      "i" : "XRP_BTC",
      "m" : "4611686018430708428"
    }, {
      "d" : "1756460185395726369",
      "t" : 1756460185395,
      "tn" : 1756460185395726369,
      "q" : "0.5",
      "p" : "0.000026081",
      "s" : "buy",
      "i" : "XRP_BTC",
      "m" : "4611686018430708427"
    }, {
      "d" : "1756460183391748986",
      "t" : 1756460183391,
      "tn" : 1756460183391748986,
      "q" : "3146.8",
      "p" : "0.000026090",
      "s" : "buy",
      "i" : "XRP_BTC",
      "m" : "4611686018430708426"
    }, {
      "d" : "1756460183391745412",
      "t" : 1756460183391,
      "tn" : 1756460183391745412,
      "q" : "79.9",
      "p" : "0.000026089",
      "s" : "buy",
      "i" : "XRP_BTC",
      "m" : "4611686018430708425"
    }, {
      "d" : "1756460183391742721",
      "t" : 1756460183391,
      "tn" : 1756460183391742721,
      "q" : "44.8",
      "p" : "0.000026088",
      "s" : "buy",
      "i" : "XRP_BTC",
      "m" : "4611686018430708424"
    }, {
      "d" : "1756460183391739414",
      "t" : 1756460183391,
      "tn" : 1756460183391739414,
      "q" : "0.5",
      "p" : "0.000026079",
      "s" : "buy",
      "i" : "XRP_BTC",
      "m" : "4611686018430708423"
    }, {
      "d" : "1756460178674244492",
      "t" : 1756460178674,
      "tn" : 1756460178674244492,
      "q" : "44.8",
      "p" : "0.000026086",
      "s" : "buy",
      "i" : "XRP_BTC",
      "m" : "4611686018430708422"
    }, {
      "d" : "1756460178674242078",
      "t" : 1756460178674,
      "tn" : 1756460178674242078,
      "q" : "0.5",
      "p" : "0.000026071",
      "s" : "buy",
      "i" : "XRP_BTC",
      "m" : "4611686018430708421"
    }, {
      "d" : "1756460175201748013",
      "t" : 1756460175201,
      "tn" : 1756460175201748013,
      "q" : "0.7",
      "p" : "0.000026085",
      "s" : "buy",
      "i" : "XRP_BTC",
      "m" : "4611686018430708420"
    }, {
      "d" : "1756460175201745903",
      "t" : 1756460175201,
      "tn" : 1756460175201745903,
      "q" : "0.5",
      "p" : "0.000026070",
      "s" : "buy",
      "i" : "XRP_BTC",
      "m" : "4611686018430708419"
    }, {
      "d" : "1756460173021043500",
      "t" : 1756460173021,
      "tn" : 1756460173021043500,
      "q" : "0.7",
      "p" : "0.000026083",
      "s" : "buy",
      "i" : "XRP_BTC",
      "m" : "4611686018430708418"
    }, {
      "d" : "1756460173021038897",
      "t" : 1756460173021,
      "tn" : 1756460173021038897,
      "q" : "0.5",
      "p" : "0.000026070",
      "s" : "buy",
      "i" : "XRP_BTC",
      "m" : "4611686018430708417"
    }, {
      "d" : "1756460094885150350",
      "t" : 1756460094885,
      "tn" : 1756460094885150350,
      "q" : "0.5",
      "p" : "0.000026062",
      "s" : "buy",
      "i" : "XRP_BTC",
      "m" : "4611686018430708416"
    }, {
      "d" : "1756460087021408362",
      "t" : 1756460087021,
      "tn" : 1756460087021408362,
      "q" : "0.5",
      "p" : "0.000026063",
      "s" : "buy",
      "i" : "XRP_BTC",
      "m" : "4611686018430708415"
    }, {
      "d" : "1756460040395166815",
      "t" : 1756460040395,
      "tn" : 1756460040395166815,
      "q" : "0.5",
      "p" : "0.000026068",
      "s" : "buy",
      "i" : "XRP_BTC",
      "m" : "4611686018430708414"
    }, {
      "d" : "1756460026461593889",
      "t" : 1756460026461,
      "tn" : 1756460026461593889,
      "q" : "0.5",
      "p" : "0.000026070",
      "s" : "buy",
      "i" : "XRP_BTC",
      "m" : "4611686018430708413"
    }, {
      "d" : "1756459878485197818",
      "t" : 1756459878485,
      "tn" : 1756459878485197818,
      "q" : "0.5",
      "p" : "0.000026073",
      "s" : "buy",
      "i" : "XRP_BTC",
      "m" : "4611686018430708412"
    }, {
      "d" : "1756459618975066913",
      "t" : 1756459618975,
      "tn" : 1756459618975066913,
      "q" : "44.7",
      "p" : "0.000026092",
      "s" : "buy",
      "i" : "XRP_BTC",
      "m" : "4611686018430708411"
    }, {
      "d" : "1756459618975064793",
      "t" : 1756459618975,
      "tn" : 1756459618975064793,
      "q" : "0.5",
      "p" : "0.000026086",
      "s" : "buy",
      "i" : "XRP_BTC",
      "m" : "4611686018430708410"
    }, {
      "d" : "1756459610441294496",
      "t" : 1756459610441,
      "tn" : 1756459610441294496,
      "q" : "44.7",
      "p" : "0.000026098",
      "s" : "buy",
      "i" : "XRP_BTC",
      "m" : "4611686018430708409"
    }, {
      "d" : "1756459610441291615",
      "t" : 1756459610441,
      "tn" : 1756459610441291615,
      "q" : "0.5",
      "p" : "0.000026088",
      "s" : "buy",
      "i" : "XRP_BTC",
      "m" : "4611686018430708408"
    }, {
      "d" : "1756459610093420529",
      "t" : 1756459610093,
      "tn" : 1756459610093420529,
      "q" : "0.7",
      "p" : "0.000026097",
      "s" : "buy",
      "i" : "XRP_BTC",
      "m" : "4611686018430708407"
    }, {
      "d" : "1756459610093418459",
      "t" : 1756459610093,
      "tn" : 1756459610093418459,
      "q" : "0.5",
      "p" : "0.000026088",
      "s" : "buy",
      "i" : "XRP_BTC",
      "m" : "4611686018430708406"
    }, {
      "d" : "1756459606509797464",
      "t" : 1756459606509,
      "tn" : 1756459606509797464,
      "q" : "0.7",
      "p" : "0.000026087",
      "s" : "buy",
      "i" : "XRP_BTC",
      "m" : "4611686018430708405"
    }, {
      "d" : "1756459550428038015",
      "t" : 1756459550428,
      "tn" : 1756459550428038015,
      "q" : "0.7",
      "p" : "0.000026072",
      "s" : "buy",
      "i" : "XRP_BTC",
      "m" : "4611686018430708404"
    }, {
      "d" : "1756459550428035240",
      "t" : 1756459550428,
      "tn" : 1756459550428035240,
      "q" : "0.5",
      "p" : "0.000026069",
      "s" : "buy",
      "i" : "XRP_BTC",
      "m" : "4611686018430708403"
    }, {
      "d" : "1756459257294642672",
      "t" : 1756459257294,
      "tn" : 1756459257294642672,
      "q" : "49.8",
      "p" : "0.000026080",
      "s" : "sell",
      "i" : "XRP_BTC",
      "m" : "4611686018430708402"
    }, {
      "d" : "1756459219413744793",
      "t" : 1756459219413,
      "tn" : 1756459219413744793,
      "q" : "0.7",
      "p" : "0.000026084",
      "s" : "buy",
      "i" : "XRP_BTC",
      "m" : "4611686018430708401"
    }, {
      "d" : "1756459219413742622",
      "t" : 1756459219413,
      "tn" : 1756459219413742622,
      "q" : "0.5",
      "p" : "0.000026081",
      "s" : "buy",
      "i" : "XRP_BTC",
      "m" : "4611686018430708400"
    }, {
      "d" : "1756459212498621832",
      "t" : 1756459212498,
      "tn" : 1756459212498621832,
      "q" : "0.7",
      "p" : "0.000026085",
      "s" : "buy",
      "i" : "XRP_BTC",
      "m" : "4611686018430708399"
    }, {
      "d" : "1756459183713168107",
      "t" : 1756459183713,
      "tn" : 1756459183713168107,
      "q" : "0.7",
      "p" : "0.000026067",
      "s" : "buy",
      "i" : "XRP_BTC",
      "m" : "4611686018430708398"
    }, {
      "d" : "1756459077433633691",
      "t" : 1756459077433,
      "tn" : 1756459077433633691,
      "q" : "0.7",
      "p" : "0.000026028",
      "s" : "buy",
      "i" : "XRP_BTC",
      "m" : "4611686018430708397"
    }, {
      "d" : "1756459077433630869",
      "t" : 1756459077433,
      "tn" : 1756459077433630869,
      "q" : "0.5",
      "p" : "0.000026023",
      "s" : "buy",
      "i" : "XRP_BTC",
      "m" : "4611686018430708396"
    }, {
      "d" : "1756458783948834342",
      "t" : 1756458783948,
      "tn" : 1756458783948834341,
      "q" : "0.5",
      "p" : "0.000026011",
      "s" : "buy",
      "i" : "XRP_BTC",
      "m" : "4611686018430708395"
    }, {
      "d" : "1756458783948834341",
      "t" : 1756458783948,
      "tn" : 1756458783948834341,
      "q" : "0.7",
      "p" : "0.000026011",
      "s" : "buy",
      "i" : "XRP_BTC",
      "m" : "4611686018430708395"
    }, {
      "d" : "1756458306507184272",
      "t" : 1756458306507,
      "tn" : 1756458306507184272,
      "q" : "3.0",
      "p" : "0.000026000",
      "s" : "sell",
      "i" : "XRP_BTC",
      "m" : "4611686018430708394"
    }, {
      "d" : "1756458306507181596",
      "t" : 1756458306507,
      "tn" : 1756458306507181596,
      "q" : "0.5",
      "p" : "0.000026001",
      "s" : "sell",
      "i" : "XRP_BTC",
      "m" : "4611686018430708393"
    }, {
      "d" : "1756458306024583950",
      "t" : 1756458306024,
      "tn" : 1756458306024583950,
      "q" : "0.5",
      "p" : "0.000026000",
      "s" : "buy",
      "i" : "XRP_BTC",
      "m" : "4611686018430708392"
    }, {
      "d" : "1756458306019515306",
      "t" : 1756458306019,
      "tn" : 1756458306019515306,
      "q" : "0.5",
      "p" : "0.000025998",
      "s" : "buy",
      "i" : "XRP_BTC",
      "m" : "4611686018430708391"
    }, {
      "d" : "1756458306009429737",
      "t" : 1756458306009,
      "tn" : 1756458306009429737,
      "q" : "0.5",
      "p" : "0.000025998",
      "s" : "buy",
      "i" : "XRP_BTC",
      "m" : "4611686018430708390"
    }, {
      "d" : "1756458305959866941",
      "t" : 1756458305959,
      "tn" : 1756458305959866941,
      "q" : "0.5",
      "p" : "0.000025998",
      "s" : "buy",
      "i" : "XRP_BTC",
      "m" : "4611686018430708389"
    }, {
      "d" : "1756458255235237404",
      "t" : 1756458255235,
      "tn" : 1756458255235237404,
      "q" : "0.5",
      "p" : "0.000025987",
      "s" : "buy",
      "i" : "XRP_BTC",
      "m" : "4611686018430708388"
    }, {
      "d" : "1756458217381685701",
      "t" : 1756458217381,
      "tn" : 1756458217381685701,
      "q" : "0.5",
      "p" : "0.000025994",
      "s" : "buy",
      "i" : "XRP_BTC",
      "m" : "4611686018430708387"
    }, {
      "d" : "1756458138546480361",
      "t" : 1756458138546,
      "tn" : 1756458138546480361,
      "q" : "0.5",
      "p" : "0.000026010",
      "s" : "buy",
      "i" : "XRP_BTC",
      "m" : "4611686018430708386"
    }, {
      "d" : "1756458138526418240",
      "t" : 1756458138526,
      "tn" : 1756458138526418240,
      "q" : "0.5",
      "p" : "0.000026010",
      "s" : "buy",
      "i" : "XRP_BTC",
      "m" : "4611686018430708385"
    }, {
      "d" : "1756458138419987300",
      "t" : 1756458138419,
      "tn" : 1756458138419987300,
      "q" : "0.5",
      "p" : "0.000026010",
      "s" : "buy",
      "i" : "XRP_BTC",
      "m" : "4611686018430708384"
    }, {
      "d" : "1756458138395004990",
      "t" : 1756458138395,
      "tn" : 1756458138395004990,
      "q" : "0.5",
      "p" : "0.000026010",
      "s" : "buy",
      "i" : "XRP_BTC",
      "m" : "4611686018430708383"
    }, {
      "d" : "1756458138379392214",
      "t" : 1756458138379,
      "tn" : 1756458138379392214,
      "q" : "0.5",
      "p" : "0.000026010",
      "s" : "buy",
      "i" : "XRP_BTC",
      "m" : "4611686018430708382"
    }, {
      "d" : "1756458138364836866",
      "t" : 1756458138364,
      "tn" : 1756458138364836866,
      "q" : "0.5",
      "p" : "0.000026010",
      "s" : "buy",
      "i" : "XRP_BTC",
      "m" : "4611686018430708381"
    }, {
      "d" : "1756458138354854849",
      "t" : 1756458138354,
      "tn" : 1756458138354854849,
      "q" : "0.5",
      "p" : "0.000026010",
      "s" : "buy",
      "i" : "XRP_BTC",
      "m" : "4611686018430708380"
    }, {
      "d" : "1756458138319454858",
      "t" : 1756458138319,
      "tn" : 1756458138319454858,
      "q" : "0.5",
      "p" : "0.000026010",
      "s" : "buy",
      "i" : "XRP_BTC",
      "m" : "4611686018430708379"
    }, {
      "d" : "1756458138299769556",
      "t" : 1756458138299,
      "tn" : 1756458138299769556,
      "q" : "0.5",
      "p" : "0.000026010",
      "s" : "buy",
      "i" : "XRP_BTC",
      "m" : "4611686018430708378"
    }, {
      "d" : "1756458138275386504",
      "t" : 1756458138275,
      "tn" : 1756458138275386504,
      "q" : "0.5",
      "p" : "0.000026010",
      "s" : "buy",
      "i" : "XRP_BTC",
      "m" : "4611686018430708377"
    }, {
      "d" : "1756458138124326617",
      "t" : 1756458138124,
      "tn" : 1756458138124326617,
      "q" : "0.5",
      "p" : "0.000026010",
      "s" : "buy",
      "i" : "XRP_BTC",
      "m" : "4611686018430708376"
    }, {
      "d" : "1756458138114365568",
      "t" : 1756458138114,
      "tn" : 1756458138114365568,
      "q" : "0.5",
      "p" : "0.000026004",
      "s" : "buy",
      "i" : "XRP_BTC",
      "m" : "4611686018430708375"
    }, {
      "d" : "1756458138106719788",
      "t" : 1756458138106,
      "tn" : 1756458138106719788,
      "q" : "0.5",
      "p" : "0.000026004",
      "s" : "buy",
      "i" : "XRP_BTC",
      "m" : "4611686018430708374"
    }, {
      "d" : "1756458135401980022",
      "t" : 1756458135401,
      "tn" : 1756458135401980022,
      "q" : "0.7",
      "p" : "0.000026012",
      "s" : "sell",
      "i" : "XRP_BTC",
      "m" : "4611686018430708373"
    }, {
      "d" : "1756458035519461326",
      "t" : 1756458035519,
      "tn" : 1756458035519461326,
      "q" : "0.5",
      "p" : "0.000026018",
      "s" : "buy",
      "i" : "XRP_BTC",
      "m" : "4611686018430708372"
    }, {
      "d" : "1756458018261824141",
      "t" : 1756458018261,
      "tn" : 1756458018261824141,
      "q" : "0.5",
      "p" : "0.000026023",
      "s" : "buy",
      "i" : "XRP_BTC",
      "m" : "4611686018430708371"
    }, {
      "d" : "1756458014385032570",
      "t" : 1756458014385,
      "tn" : 1756458014385032570,
      "q" : "0.5",
      "p" : "0.000026012",
      "s" : "buy",
      "i" : "XRP_BTC",
      "m" : "4611686018430708370"
    }, {
      "d" : "1756458002033720271",
      "t" : 1756458002033,
      "tn" : 1756458002033720271,
      "q" : "0.5",
      "p" : "0.000026019",
      "s" : "buy",
      "i" : "XRP_BTC",
      "m" : "4611686018430708369"
    }, {
      "d" : "1756457960524997127",
      "t" : 1756457960524,
      "tn" : 1756457960524997127,
      "q" : "0.5",
      "p" : "0.000026010",
      "s" : "buy",
      "i" : "XRP_BTC",
      "m" : "4611686018430708368"
    }, {
      "d" : "1756457912709582048",
      "t" : 1756457912709,
      "tn" : 1756457912709582048,
      "q" : "75.9",
      "p" : "0.000026020",
      "s" : "buy",
      "i" : "XRP_BTC",
      "m" : "4611686018430708367"
    }, {
      "d" : "1756457912709580394",
      "t" : 1756457912709,
      "tn" : 1756457912709580394,
      "q" : "0.5",
      "p" : "0.000026012",
      "s" : "buy",
      "i" : "XRP_BTC",
      "m" : "4611686018430708366"
    }, {
      "d" : "1756457912510229702",
      "t" : 1756457912510,
      "tn" : 1756457912510229702,
      "q" : "75.9",
      "p" : "0.000026020",
      "s" : "buy",
      "i" : "XRP_BTC",
      "m" : "4611686018430708365"
    }, {
      "d" : "1756457911167566656",
      "t" : 1756457911167,
      "tn" : 1756457911167566656,
      "q" : "75.9",
      "p" : "0.000026020",
      "s" : "buy",
      "i" : "XRP_BTC",
      "m" : "4611686018430708364"
    }, {
      "d" : "1756457911167564907",
      "t" : 1756457911167,
      "tn" : 1756457911167564907,
      "q" : "0.5",
      "p" : "0.000026012",
      "s" : "buy",
      "i" : "XRP_BTC",
      "m" : "4611686018430708363"
    }, {
      "d" : "1756457904145534848",
      "t" : 1756457904145,
      "tn" : 1756457904145534848,
      "q" : "44.9",
      "p" : "0.000026029",
      "s" : "buy",
      "i" : "XRP_BTC",
      "m" : "4611686018430708362"
    }, {
      "d" : "1756457904145531937",
      "t" : 1756457904145,
      "tn" : 1756457904145531937,
      "q" : "0.5",
      "p" : "0.000026022",
      "s" : "buy",
      "i" : "XRP_BTC",
      "m" : "4611686018430708361"
    }, {
      "d" : "1756457903865300553",
      "t" : 1756457903865,
      "tn" : 1756457903865300553,
      "q" : "44.9",
      "p" : "0.000026029",
      "s" : "buy",
      "i" : "XRP_BTC",
      "m" : "4611686018430708360"
    }, {
      "d" : "1756457903865297628",
      "t" : 1756457903865,
      "tn" : 1756457903865297628,
      "q" : "0.5",
      "p" : "0.000026022",
      "s" : "buy",
      "i" : "XRP_BTC",
      "m" : "4611686018430708359"
    }, {
      "d" : "1756457895161490135",
      "t" : 1756457895161,
      "tn" : 1756457895161490135,
      "q" : "0.5",
      "p" : "0.000026014",
      "s" : "buy",
      "i" : "XRP_BTC",
      "m" : "4611686018430708358"
    }, {
      "d" : "1756457888864370819",
      "t" : 1756457888864,
      "tn" : 1756457888864370819,
      "q" : "44.9",
      "p" : "0.000026030",
      "s" : "buy",
      "i" : "XRP_BTC",
      "m" : "4611686018430708357"
    }, {
      "d" : "1756457888864368688",
      "t" : 1756457888864,
      "tn" : 1756457888864368688,
      "q" : "0.5",
      "p" : "0.000026023",
      "s" : "buy",
      "i" : "XRP_BTC",
      "m" : "4611686018430708356"
    }, {
      "d" : "1756457888664068147",
      "t" : 1756457888664,
      "tn" : 1756457888664068147,
      "q" : "31.0",
      "p" : "0.000026030",
      "s" : "buy",
      "i" : "XRP_BTC",
      "m" : "4611686018430708355"
    }, {
      "d" : "1756457888664066791",
      "t" : 1756457888664,
      "tn" : 1756457888664066791,
      "q" : "44.9",
      "p" : "0.000026029",
      "s" : "buy",
      "i" : "XRP_BTC",
      "m" : "4611686018430708354"
    }, {
      "d" : "1756457888664065061",
      "t" : 1756457888664,
      "tn" : 1756457888664065061,
      "q" : "0.5",
      "p" : "0.000026024",
      "s" : "buy",
      "i" : "XRP_BTC",
      "m" : "4611686018430708353"
    }, {
      "d" : "1756457882943599240",
      "t" : 1756457882943,
      "tn" : 1756457882943599240,
      "q" : "0.7",
      "p" : "0.000026019",
      "s" : "buy",
      "i" : "XRP_BTC",
      "m" : "4611686018430708352"
    }, {
      "d" : "1756457847095602819",
      "t" : 1756457847095,
      "tn" : 1756457847095602819,
      "q" : "0.7",
      "p" : "0.000026008",
      "s" : "sell",
      "i" : "XRP_BTC",
      "m" : "4611686018430708351"
    }, {
      "d" : "1756457764884538479",
      "t" : 1756457764884,
      "tn" : 1756457764884538479,
      "q" : "44.9",
      "p" : "0.000026039",
      "s" : "buy",
      "i" : "XRP_BTC",
      "m" : "4611686018430708350"
    }, {
      "d" : "1756457764884536914",
      "t" : 1756457764884,
      "tn" : 1756457764884536914,
      "q" : "0.5",
      "p" : "0.000026033",
      "s" : "buy",
      "i" : "XRP_BTC",
      "m" : "4611686018430708349"
    }, {
      "d" : "1756457764363717465",
      "t" : 1756457764363,
      "tn" : 1756457764363717465,
      "q" : "44.9",
      "p" : "0.000026039",
      "s" : "buy",
      "i" : "XRP_BTC",
      "m" : "4611686018430708348"
    } ]
  }
}