{
  "id" : -1,
  "method" : "public/get-trades",
  "code" : 0,
  "result" : {
    "data" : [ {
      "d" : "1756463029376637956",
      "t" : 1756463029376,
      "tn" : 1756463029376637955,
      "q" : "499.3",
      "p" : "2.8811",
      "s" : "sell",
      "i" : "XRP_USD",
      "m" : "4611686018478655791"
    }, {
      "d" : "1756463029376637955",
      "t" : 1756463029376,
      "tn" : 1756463029376637955,
      "q" : "0.7",
      "p" : "2.8811",
      "s" : "sell",
      "i" : "XRP_USD",
      "m" : "4611686018478655791"
    }, {
      "d" : "1756463029375600560",
      "t" : 1756463029375,
      "tn" : 1756463029375600560,
      "q" : "197.6",
      "p" : "2.8812",
      "s" : "sell",
      "i" : "XRP_USD",
      "m" : "4611686018478655790"
    }, {
      "d" : "1756463029375598916",
      "t" : 1756463029375,
      "tn" : 1756463029375598916,
      "q" : "149.7",
      "p" : "2.8813",
      "s" : "sell",
      "i" : "XRP_USD",
      "m" : "4611686018478655789"
    }, {
      "d" : "1756463028179694988",
      "t" : 1756463028179,
      "tn" : 1756463028179694988,
      "q" : "0.4",
      "p" : "2.8813",
      "s" : "sell",
      "i" : "XRP_USD",
      "m" : "4611686018478655788"
    }, {
      "d" : "1756463028179690244",
      "t" : 1756463028179,
      "tn" : 1756463028179690244,
      "q" : "0.4",
      "p" : "2.8813",
      "s" : "sell",
      "i" : "XRP_USD",
      "m" : "4611686018478655787"
    }, {
      "d" : "1756463028179689169",
      "t" : 1756463028179,
      "tn" : 1756463028179689169,
      "q" : "0.4",
      "p" : "2.8813",
      "s" : "sell",
      "i" : "XRP_USD",
      "m" : "4611686018478655786"
    }, {
      "d" : "1756463028179597834",
      "t" : 1756463028179,
      "tn" : 1756463028179597834,
      "q" : "0.4",
      "p" : "2.8813",
      "s" : "sell",
      "i" : "XRP_USD",
      "m" : "4611686018478655785"
    }, {
      "d" : "1756463028179594400",
      "t" : 1756463028179,
      "tn" : 1756463028179594400,
      "q" : "0.4",
      "p" : "2.8813",
      "s" : "sell",
      "i" : "XRP_USD",
      "m" : "4611686018478655784"
    }, {
      "d" : "1756463028179588023",
      "t" : 1756463028179,
      "tn" : 1756463028179588023,
      "q" : "0.4",
      "p" : "2.8813",
      "s" : "sell",
      "i" : "XRP_USD",
      "m" : "4611686018478655783"
    }, {
      "d" : "1756463028179451630",
      "t" : 1756463028179,
      "tn" : 1756463028179451630,
      "q" : "0.4",
      "p" : "2.8813",
      "s" : "sell",
      "i" : "XRP_USD",
      "m" : "4611686018478655782"
    }, {
      "d" : "1756463028179451078",
      "t" : 1756463028179,
      "tn" : 1756463028179451078,
      "q" : "0.4",
      "p" : "2.8813",
      "s" : "sell",
      "i" : "XRP_USD",
      "m" : "4611686018478655781"
    }, {
      "d" : "1756463028179378214",
      "t" : 1756463028179,
      "tn" : 1756463028179378214,
      "q" : "0.4",
      "p" : "2.8813",
      "s" : "sell",
      "i" : "XRP_USD",
      "m" : "4611686018478655780"
    }, {
      "d" : "1756463028179117169",
      "t" : 1756463028179,
      "tn" : 1756463028179117169,
      "q" : "0.4",
      "p" : "2.8813",
      "s" : "sell",
      "i" : "XRP_USD",
      "m" : "4611686018478655779"
    }, {
      "d" : "1756463028179114977",
      "t" : 1756463028179,
      "tn" : 1756463028179114977,
      "q" : "0.4",
      "p" : "2.8813",
      "s" : "sell",
      "i" : "XRP_USD",
      "m" : "4611686018478655778"
    }, {
      "d" : "1756463028179111588",
      "t" : 1756463028179,
      "tn" : 1756463028179111588,
      "q" : "0.4",
      "p" : "2.8813",
      "s" : "sell",
      "i" : "XRP_USD",
      "m" : "4611686018478655777"
    }, {
      "d" : "1756463028178974375",
      "t" : 1756463028178,
      "tn" : 1756463028178974375,
      "q" : "0.4",
      "p" : "2.8813",
      "s" : "sell",
      "i" : "XRP_USD",
      "m" : "4611686018478655776"
    }, {
      "d" : "1756463028178965432",
      "t" : 1756463028178,
      "tn" : 1756463028178965432,
      "q" : "0.4",
      "p" : "2.8813",
      "s" : "sell",
      "i" : "XRP_USD",
      "m" : "4611686018478655775"
    }, {
      "d" : "1756463028178957074",
      "t" : 1756463028178,
      "tn" : 1756463028178957074,
      "q" : "0.4",
      "p" : "2.8813",
      "s" : "sell",
      "i" : "XRP_USD",
      "m" : "4611686018478655774"
    }, {
      "d" : "1756463025057228191",
      "t" : 1756463025057,
      "tn" : 1756463025057228191,
      "q" : "247.0",
      "p" : "2.8812",
      "s" : "sell",
      "i" : "XRP_USD",
      "m" : "4611686018478655773"
    }, {
      "d" : "1756463025049005644",
      "t" : 1756463025049,
      "tn" : 1756463025049005644,
      "q" : "0.4",
      "p" : "2.8815",
      "s" : "sell",
      "i" : "XRP_USD",
      "m" : "4611686018478655772"
    }, {
      "d" : "1756463025048937339",
      "t" : 1756463025048,
      "tn" : 1756463025048937339,
      "q" : "0.4",
      "p" : "2.8815",
      "s" : "sell",
      "i" : "XRP_USD",
      "m" : "4611686018478655771"
    }, {
      "d" : "1756463025048935441",
      "t" : 1756463025048,
      "tn" : 1756463025048935441,
      "q" : "0.4",
      "p" : "2.8815",
      "s" : "sell",
      "i" : "XRP_USD",
      "m" : "4611686018478655770"
    }, {
      "d" : "1756463025048928557",
      "t" : 1756463025048,
      "tn" : 1756463025048928557,
      "q" : "0.4",
      "p" : "2.8815",
      "s" : "sell",
      "i" : "XRP_USD",
      "m" : "4611686018478655769"
    }, {
      "d" : "1756463025048928135",
      "t" : 1756463025048,
      "tn" : 1756463025048928135,
      "q" : "0.4",
      "p" : "2.8815",
      "s" : "sell",
      "i" : "XRP_USD",
      "m" : "4611686018478655768"
    }, {
      "d" : "1756463025048927610",
      "t" : 1756463025048,
      "tn" : 1756463025048927610,
      "q" : "0.4",
      "p" : "2.8815",
      "s" : "sell",
      "i" : "XRP_USD",
      "m" : "4611686018478655767"
    }, {
      "d" : "1756463025048777950",
      "t" : 1756463025048,
      "tn" : 1756463025048777950,
      "q" : "0.4",
      "p" : "2.8815",
      "s" : "sell",
      "i" : "XRP_USD",
      "m" : "4611686018478655766"
    }, {
      "d" : "1756463025048775871",
      "t" : 1756463025048,
      "tn" : 1756463025048775871,
      "q" : "0.4",
      "p" : "2.8815",
      "s" : "sell",
      "i" : "XRP_USD",
      "m" : "4611686018478655765"
    }, {
      "d" : "1756463025048710123",
      "t" : 1756463025048,
      "tn" : 1756463025048710123,
      "q" : "0.4",
      "p" : "2.8815",
      "s" : "sell",
      "i" : "XRP_USD",
      "m" : "4611686018478655764"
    }, {
      "d" : "1756463025048557852",
      "t" : 1756463025048,
      "tn" : 1756463025048557852,
      "q" : "0.4",
      "p" : "2.8815",
      "s" : "sell",
      "i" : "XRP_USD",
      "m" : "4611686018478655763"
    }, {
      "d" : "1756463025048554415",
      "t" : 1756463025048,
      "tn" : 1756463025048554415,
      "q" : "0.4",
      "p" : "2.8815",
      "s" : "sell",
      "i" : "XRP_USD",
      "m" : "4611686018478655762"
    }, {
      "d" : "1756463025048552376",
      "t" : 1756463025048,
      "tn" : 1756463025048552376,
      "q" : "0.4",
      "p" : "2.8815",
      "s" : "sell",
      "i" : "XRP_USD",
      "m" : "4611686018478655761"
    }, {
      "d" : "1756463025048410159",
      "t" : 1756463025048,
      "tn" : 1756463025048410159,
      "q" : "0.4",
      "p" : "2.8815",
      "s" : "sell",
      "i" : "XRP_USD",
      "m" : "4611686018478655760"
    }, {
      "d" : "1756463025048341601",
      "t" : 1756463025048,
      "tn" : 1756463025048341601,
      "q" : "0.4",
      "p" : "2.8815",
      "s" : "sell",
      "i" : "XRP_USD",
      "m" : "4611686018478655759"
    }, {
      "d" : "1756463025048339272",
      "t" : 1756463025048,
      "tn" : 1756463025048339272,
      "q" : "0.4",
      "p" : "2.8815",
      "s" : "sell",
      "i" : "XRP_USD",
      "m" : "4611686018478655758"
    }, {
      "d" : "1756463023732674075",
      "t" : 1756463023732,
      "tn" : 1756463023732674074,
      "q" : "291.4",
      "p" : "2.8815",
      "s" : "sell",
      "i" : "XRP_USD",
      "m" : "4611686018478655757"
    }, {
      "d" : "1756463023732674074",
      "t" : 1756463023732,
      "tn" : 1756463023732674074,
      "q" : "500.0",
      "p" : "2.8815",
      "s" : "sell",
      "i" : "XRP_USD",
      "m" : "4611686018478655757"
    }, {
      "d" : "1756463023732671338",
      "t" : 1756463023732,
      "tn" : 1756463023732671338,
      "q" : "208.6",
      "p" : "2.8816",
      "s" : "sell",
      "i" : "XRP_USD",
      "m" : "4611686018478655756"
    }, {
      "d" : "1756463023104712666",
      "t" : 1756463023104,
      "tn" : 1756463023104712665,
      "q" : "284.2",
      "p" : "2.8819",
      "s" : "sell",
      "i" : "XRP_USD",
      "m" : "4611686018478655755"
    }, {
      "d" : "1756463023104712665",
      "t" : 1756463023104,
      "tn" : 1756463023104712665,
      "q" : "15.6",
      "p" : "2.8819",
      "s" : "sell",
      "i" : "XRP_USD",
      "m" : "4611686018478655755"
    }, {
      "d" : "1756463023104708184",
      "t" : 1756463023104,
      "tn" : 1756463023104708184,
      "q" : "182.0",
      "p" : "2.8819",
      "s" : "sell",
      "i" : "XRP_USD",
      "m" : "4611686018478655754"
    }, {
      "d" : "1756463023104646016",
      "t" : 1756463023104,
      "tn" : 1756463023104646016,
      "q" : "308.6",
      "p" : "2.8819",
      "s" : "sell",
      "i" : "XRP_USD",
      "m" : "4611686018478655753"
    }, {
      "d" : "1756463023104644492",
      "t" : 1756463023104,
      "tn" : 1756463023104644492,
      "q" : "5.4",
      "p" : "2.8820",
      "s" : "sell",
      "i" : "XRP_USD",
      "m" : "4611686018478655752"
    }, {
      "d" : "1756463023104641618",
      "t" : 1756463023104,
      "tn" : 1756463023104641616,
      "q" : "46.6",
      "p" : "2.8820",
      "s" : "sell",
      "i" : "XRP_USD",
      "m" : "4611686018478655751"
    }, {
      "d" : "1756463023104641617",
      "t" : 1756463023104,
      "tn" : 1756463023104641616,
      "q" : "139.5",
      "p" : "2.8820",
      "s" : "sell",
      "i" : "XRP_USD",
      "m" : "4611686018478655751"
    }, {
      "d" : "1756463023104641616",
      "t" : 1756463023104,
      "tn" : 1756463023104641616,
      "q" : "317.6",
      "p" : "2.8820",
      "s" : "sell",
      "i" : "XRP_USD",
      "m" : "4611686018478655751"
    }, {
      "d" : "1756463023104562607",
      "t" : 1756463023104,
      "tn" : 1756463023104562607,
      "q" : "328.0",
      "p" : "2.8820",
      "s" : "sell",
      "i" : "XRP_USD",
      "m" : "4611686018478655750"
    }, {
      "d" : "1756463023104560087",
      "t" : 1756463023104,
      "tn" : 1756463023104560087,
      "q" : "171.8",
      "p" : "2.8820",
      "s" : "sell",
      "i" : "XRP_USD",
      "m" : "4611686018478655749"
    }, {
      "d" : "1756463023104529345",
      "t" : 1756463023104,
      "tn" : 1756463023104529345,
      "q" : "449.9",
      "p" : "2.8820",
      "s" : "sell",
      "i" : "XRP_USD",
      "m" : "4611686018478655748"
    }, {
      "d" : "1756463022920302511",
      "t" : 1756463022920,
      "tn" : 1756463022920302511,
      "q" : "0.1",
      "p" : "2.8817",
      "s" : "buy",
      "i" : "XRP_USD",
      "m" : "4611686018478655747"
    }, {
      "d" : "1756463022920227142",
      "t" : 1756463022920,
      "tn" : 1756463022920227142,
      "q" : "0.4",
      "p" : "2.8817",
      "s" : "buy",
      "i" : "XRP_USD",
      "m" : "4611686018478655746"
    }, {
      "d" : "1756463022920164321",
      "t" : 1756463022920,
      "tn" : 1756463022920164321,
      "q" : "0.4",
      "p" : "2.8817",
      "s" : "buy",
      "i" : "XRP_USD",
      "m" : "4611686018478655745"
    }, {
      "d" : "1756463022920011918",
      "t" : 1756463022920,
      "tn" : 1756463022920011918,
      "q" : "0.4",
      "p" : "2.8817",
      "s" : "buy",
      "i" : "XRP_USD",
      "m" : "4611686018478655744"
    }, {
      "d" : "1756463022920007478",
      "t" : 1756463022920,
      "tn" : 1756463022920007478,
      "q" : "0.4",
      "p" : "2.8817",
      "s" : "buy",
      "i" : "XRP_USD",
      "m" : "4611686018478655743"
    }, {
      "d" : "1756463022920006025",
      "t" : 1756463022920,
      "tn" : 1756463022920006025,
      "q" : "0.4",
      "p" : "2.8817",
      "s" : "buy",
      "i" : "XRP_USD",
      "m" : "4611686018478655742"
    }, {
      "d" : "1756463022920000404",
      "t" : 1756463022920,
      "tn" : 1756463022920000404,
      "q" : "0.4",
      "p" : "2.8817",
      "s" : "buy",
      "i" : "XRP_USD",
      "m" : "4611686018478655741"
    }, {
      "d" : "1756463022919928402",
      "t" : 1756463022919,
      "tn" : 1756463022919928402,
      "q" : "0.4",
      "p" : "2.8817",
      "s" : "buy",
      "i" : "XRP_USD",
      "m" : "4611686018478655740"
    }, {
      "d" : "1756463022919926146",
      "t" : 1756463022919,
      "tn" : 1756463022919926146,
      "q" : "0.4",
      "p" : "2.8817",
      "s" : "buy",
      "i" : "XRP_USD",
      "m" : "4611686018478655739"
    }, {
      "d" : "1756463022919881148",
      "t" : 1756463022919,
      "tn" : 1756463022919881148,
      "q" : "0.4",
      "p" : "2.8817",
      "s" : "buy",
      "i" : "XRP_USD",
      "m" : "4611686018478655738"
    }, {
      "d" : "1756463022919878966",
      "t" : 1756463022919,
      "tn" : 1756463022919878966,
      "q" : "0.4",
      "p" : "2.8817",
      "s" : "buy",
      "i" : "XRP_USD",
      "m" : "4611686018478655737"
    }, {
      "d" : "1756463022919825525",
      "t" : 1756463022919,
      "tn" : 1756463022919825525,
      "q" : "0.4",
      "p" : "2.8817",
      "s" : "buy",
      "i" : "XRP_USD",
      "m" : "4611686018478655736"
    }, {
      "d" : "1756463010943330771",
      "t" : 1756463010943,
      "tn" : 1756463010943330771,
      "q" : "0.4",
      "p" : "2.8814",
      "s" : "buy",
      "i" : "XRP_USD",
      "m" : "4611686018478655735"
    }, {
      "d" : "1756463010943328396",
      "t" : 1756463010943,
      "tn" : 1756463010943328396,
      "q" : "0.4",
      "p" : "2.8814",
      "s" : "buy",
      "i" : "XRP_USD",
      "m" : "4611686018478655734"
    }, {
      "d" : "1756463010943326294",
      "t" : 1756463010943,
      "tn" : 1756463010943326294,
      "q" : "0.4",
      "p" : "2.8814",
      "s" : "buy",
      "i" : "XRP_USD",
      "m" : "4611686018478655733"
    }, {
      "d" : "1756463010943325159",
      "t" : 1756463010943,
      "tn" : 1756463010943325159,
      "q" : "0.4",
      "p" : "2.8814",
      "s" : "buy",
      "i" : "XRP_USD",
      "m" : "4611686018478655732"
    }, {
      "d" : "1756463010943321923",
      "t" : 1756463010943,
      "tn" : 1756463010943321923,
      "q" : "0.4",
      "p" : "2.8814",
      "s" : "buy",
      "i" : "XRP_USD",
      "m" : "4611686018478655731"
    }, {
      "d" : "1756463010943321476",
      "t" : 1756463010943,
      "tn" : 1756463010943321476,
      "q" : "0.4",
      "p" : "2.8814",
      "s" : "buy",
      "i" : "XRP_USD",
      "m" : "4611686018478655730"
    }, {
      "d" : "1756463010943255110",
      "t" : 1756463010943,
      "tn" : 1756463010943255110,
      "q" : "0.4",
      "p" : "2.8814",
      "s" : "buy",
      "i" : "XRP_USD",
      "m" : "4611686018478655729"
    }, {
      "d" : "1756463010943253098",
      "t" : 1756463010943,
      "tn" : 1756463010943253098,
      "q" : "0.4",
      "p" : "2.8814",
      "s" : "buy",
      "i" : "XRP_USD",
      "m" : "4611686018478655728"
    }, {
      "d" : "1756463010943252348",
      "t" : 1756463010943,
      "tn" : 1756463010943252348,
      "q" : "0.4",
      "p" : "2.8814",
      "s" : "buy",
      "i" : "XRP_USD",
      "m" : "4611686018478655727"
    }, {
      "d" : "1756463010943248632",
      "t" : 1756463010943,
      "tn" : 1756463010943248632,
      "q" : "0.4",
      "p" : "2.8814",
      "s" : "buy",
      "i" : "XRP_USD",
      "m" : "4611686018478655726"
    }, {
      "d" : "1756463010943169965",
      "t" : 1756463010943,
      "tn" : 1756463010943169965,
      "q" : "0.4",
      "p" : "2.8814",
      "s" : "buy",
      "i" : "XRP_USD",
      "m" : "4611686018478655725"
    }, {
      "d" : "1756463010943169415",
      "t" : 1756463010943,
      "tn" : 1756463010943169415,
      "q" : "0.4",
      "p" : "2.8814",
      "s" : "buy",
      "i" : "XRP_USD",
      "m" : "4611686018478655724"
    }, {
      "d" : "1756463010942951961",
      "t" : 1756463010942,
      "tn" : 1756463010942951961,
      "q" : "0.4",
      "p" : "2.8814",
      "s" : "buy",
      "i" : "XRP_USD",
      "m" : "4611686018478655723"
    }, {
      "d" : "1756463010942947925",
      "t" : 1756463010942,
      "tn" : 1756463010942947925,
      "q" : "0.4",
      "p" : "2.8814",
      "s" : "buy",
      "i" : "XRP_USD",
      "m" : "4611686018478655722"
    }, {
      "d" : "1756463010942915244",
      "t" : 1756463010942,
      "tn" : 1756463010942915244,
      "q" : "0.4",
      "p" : "2.8814",
      "s" : "buy",
      "i" : "XRP_USD",
      "m" : "4611686018478655721"
    }, {
      "d" : "1756463010677501250",
      "t" : 1756463010677,
      "tn" : 1756463010677501250,
      "q" : "170.4",
      "p" : "2.8813",
      "s" : "buy",
      "i" : "XRP_USD",
      "m" : "4611686018478655720"
    }, {
      "d" : "1756463010677499284",
      "t" : 1756463010677,
      "tn" : 1756463010677499284,
      "q" : "329.6",
      "p" : "2.8812",
      "s" : "buy",
      "i" : "XRP_USD",
      "m" : "4611686018478655719"
    }, {
      "d" : "1756463010675384694",
      "t" : 1756463010675,
      "tn" : 1756463010675384694,
      "q" : "247.6",
      "p" : "2.8809",
      "s" : "buy",
      "i" : "XRP_USD",
      "m" : "4611686018478655718"
    }, {
      "d" : "1756463010675382895",
      "t" : 1756463010675,
      "tn" : 1756463010675382895,
      "q" : "202.5",
      "p" : "2.8808",
      "s" : "buy",
      "i" : "XRP_USD",
      "m" : "4611686018478655717"
    }, {
      "d" : "1756463010675256309",
      "t" : 1756463010675,
      "tn" : 1756463010675256309,
      "q" : "297.5",
      "p" : "2.8808",
      "s" : "buy",
      "i" : "XRP_USD",
      "m" : "4611686018478655716"
    }, {
      "d" : "1756463010675254493",
      "t" : 1756463010675,
      "tn" : 1756463010675254493,
      "q" : "0.5",
      "p" : "2.8806",
      "s" : "buy",
      "i" : "XRP_USD",
      "m" : "4611686018478655715"
    }, {
      "d" : "1756463010675252927",
      "t" : 1756463010675,
      "tn" : 1756463010675252927,
      "q" : "2.0",
      "p" : "2.8805",
      "s" : "buy",
      "i" : "XRP_USD",
      "m" : "4611686018478655714"
    }, {
      "d" : "1756463007629061934",
      "t" : 1756463007629,
      "tn" : 1756463007629061934,
      "q" : "0.4",
      "p" : "2.8805",
      "s" : "buy",
      "i" : "XRP_USD",
      "m" : "4611686018478655713"
    }, {
      "d" : "1756463007629059690",
      "t" : 1756463007629,
      "tn" : 1756463007629059690,
      "q" : "0.4",
      "p" : "2.8805",
      "s" : "buy",
      "i" : "XRP_USD",
      "m" : "4611686018478655712"
    }, {
      "d" : "1756463007629051495",
      "t" : 1756463007629,
      "tn" : 1756463007629051495,
      "q" : "0.4",
      "p" : "2.8805",
      "s" : "buy",
      "i" : "XRP_USD",
      "m" : "4611686018478655711"
    }, {
      "d" : "1756463007629049558",
      "t" : 1756463007629,
      "tn" : 1756463007629049558,
      "q" : "0.4",
      "p" : "2.8805",
      "s" : "buy",
      "i" : "XRP_USD",
      "m" : "4611686018478655710"
    }, {
      "d" : "1756463007629047829",
      "t" : 1756463007629,
      "tn" : 1756463007629047829,
      "q" : "0.4",
      "p" : "2.8805",
      "s" : "buy",
      "i" : "XRP_USD",
      "m" : "4611686018478655709"
    }, {
      "d" : "1756463007629047404",
      "t" : 1756463007629,
      "tn" : 1756463007629047404,
      "q" : "0.4",
      "p" : "2.8805",
      "s" : "buy",
      "i" : "XRP_USD",
      "m" : "4611686018478655708"
    }, {
      "d" : "1756463007628973327",
      "t" : 1756463007628,
      "tn" : 1756463007628973327,
      "q" : "0.4",
      "p" : "2.8805",
      "s" : "buy",
      "i" : "XRP_USD",
      "m" : "4611686018478655707"
    }, {
      "d" : "1756463007628970334",
      "t" : 1756463007628,
      "tn" : 1756463007628970334,
      "q" : "0.4",
      "p" : "2.8805",
      "s" : "buy",
      "i" : "XRP_USD",
      "m" : "4611686018478655706"
    }, {
      "d" : "1756463007628918909",
      "t" : 1756463007628,
      "tn" : 1756463007628918909,
      "q" : "0.4",
      "p" : "2.8805",
      "s" : "buy",
      "i" : "XRP_USD",
      "m" : "4611686018478655705"
    }, {
      "d" : "1756463007628916689",
      "t" : 1756463007628,
      "tn" : 1756463007628916689,
      "q" : "0.4",
      "p" : "2.8805",
      "s" : "buy",
      "i" : "XRP_USD",
      "m" : "4611686018478655704"
    }, {
      "d" : "1756463007628914548",
      "t" : 1756463007628,
      "tn" : 1756463007628914548,
      "q" : "0.4",
      "p" : "2.8805",
      "s" : "buy",
      "i" : "XRP_USD",
      "m" : "4611686018478655703"
    }, {
      "d" : "1756463007628912327",
      "t" : 1756463007628,
      "tn" : 1756463007628912327,
      "q" : "0.4",
      "p" : "2.8805",
      "s" : "buy",
      "i" : "XRP_USD",
      "m" : "4611686018478655702"
    }, {
      "d" : "1756463007628829197",
      "t" : 1756463007628,
      "tn" : 1756463007628829197,
      "q" : "0.4",
      "p" : "2.8805",
      "s" : "buy",
      "i" : "XRP_USD",
      "m" : "4611686018478655701"
    }, {
      "d" : "1756463007628761347",
      "t" : 1756463007628,
      "tn" : 1756463007628761347,
      "q" : "0.4",
      "p" : "2.8805",
      "s" : "buy",
      "i" : "XRP_USD",
      "m" : "4611686018478655700"
    }, {
      "d" : "1756463007628744932",
      "t" : 1756463007628,
      "tn" : 1756463007628744932,
      "q" : "0.4",
      "p" : "2.8805",
      "s" : "buy",
      "i" : "XRP_USD",
      "m" : "4611686018478655699"
    }, {
      "d" : "1756462999474219705",
      "t" : 1756462999474,
      "tn" : 1756462999474219705,
      "q" : "306.7",
      "p" : "2.8805",
      "s" : "buy",
      "i" : "XRP_USD",
      "m" : "4611686018478655698"
    }, {
      "d" : "1756462998321106882",
      "t" : 1756462998321,
      "tn" : 1756462998321106882,
      "q" : "0.4",
      "p" : "2.8805",
      "s" : "buy",
      "i" : "XRP_USD",
      "m" : "4611686018478655697"
    }, {
      "d" : "1756462998321104022",
      "t" : 1756462998321,
      "tn" : 1756462998321104022,
      "q" : "0.4",
      "p" : "2.8805",
      "s" : "buy",
      "i" : "XRP_USD",
      "m" : "4611686018478655696"
    }, {
      "d" : "1756462998321103685",
      "t" : 1756462998321,
      "tn" : 1756462998321103685,
      "q" : "0.4",
      "p" : "2.8805",
      "s" : "buy",
      "i" : "XRP_USD",
      "m" : "4611686018478655695"
    }, {
      "d" : "1756462998321103275",
      "t" : 1756462998321,
      "tn" : 1756462998321103275,
      "q" : "0.4",
      "p" : "2.8805",
      "s" : "buy",
      "i" : "XRP_USD",
      "m" : "4611686018478655694"
    }, {
      "d" : "1756462998321102475",
      "t" : 1756462998321,
      "tn" : 1756462998321102475,
      "q" : "0.4",
      "p" : "2.8805",
      "s" : "buy",
      "i" : "XRP_USD",
      "m" : "4611686018478655693"
    }, {
      "d" : "1756462998321020487",
      "t" : 1756462998321,
      "tn" : 1756462998321020487,
      "q" : "0.4",
      "p" : "2.8805",
      "s" : "buy",
      "i" : "XRP_USD",
      "m" : "4611686018478655692"
    }, {
      "d" : "1756462998321019252",
      "t" : 1756462998321,
      "tn" : 1756462998321019252,
      "q" : "0.4",
      "p" : "2.8805",
      "s" : "buy",
      "i" : "XRP_USD",
      "m" : "4611686018478655691"
    }, {
      "d" : "1756462998321018882",
      "t" : 1756462998321,
      "tn" : 1756462998321018882,
      "q" : "0.4",
      "p" : "2.8805",
      "s" : "buy",
      "i" : "XRP_USD",
      "m" : "4611686018478655690"
    }, {
      "d" : "1756462998321014769",
      "t" : 1756462998321,
      "tn" : 1756462998321014769,
      "q" : "0.4",
      "p" : "2.8805",
      "s" : "buy",
      "i" : "XRP_USD",
      "m" : "4611686018478655689"
    }, {
      "d" : "1756462998321014368",
      "t" : 1756462998321,
      "tn" : 1756462998321014368,
      "q" : "0.4",
      "p" : "2.8805",
      "s" : "buy",
      "i" : "XRP_USD",
      "m" : "4611686018478655688"
    }, {
      "d" : "1756462998321013844",
      "t" : 1756462998321,
      "tn" : 1756462998321013844,
      "q" : "0.4",
      "p" : "2.8805",
      "s" : "buy",
      "i" : "XRP_USD",
      "m" : "4611686018478655687"
    }, {
      "d" : "1756462998320944320",
      "t" : 1756462998320,
      "tn" : 1756462998320944320,
      "q" : "0.4",
      "p" : "2.8805",
      "s" : "buy",
      "i" : "XRP_USD",
      "m" : "4611686018478655686"
    }, {
      "d" : "1756462998320819237",
      "t" : 1756462998320,
      "tn" : 1756462998320819237,
      "q" : "0.4",
      "p" : "2.8805",
      "s" : "buy",
      "i" : "XRP_USD",
      "m" : "4611686018478655685"
    }, {
      "d" : "1756462998320817044",
      "t" : 1756462998320,
      "tn" : 1756462998320817044,
      "q" : "0.4",
      "p" : "2.8805",
      "s" : "buy",
      "i" : "XRP_USD",
      "m" : "4611686018478655684"
    }, {
      "d" : "1756462998320763026",
      "t" : 1756462998320,
      "tn" : 1756462998320763026,
      "q" : "0.4",
      "p" : "2.8805",
      "s" : "buy",
      "i" : "XRP_USD",
      "m" : "4611686018478655683"
    }, {
      "d" : "1756462998281424706",
      "t" : 1756462998281,
      "tn" : 1756462998281424706,
      "q" : "16.0",
      "p" : "2.8803",
      "s" : "buy",
      "i" : "XRP_USD",
      "m" : "4611686018478655682"
    }, {
      "d" : "1756462998281099711",
      "t" : 1756462998281,
      "tn" : 1756462998281099711,
      "q" : "4.0",
      "p" : "2.8803",
      "s" : "buy",
      "i" : "XRP_USD",
      "m" : "4611686018478655681"
    }, {
      "d" : "1756462998281097286",
      "t" : 1756462998281,
      "tn" : 1756462998281097286,
      "q" : "4.0",
      "p" : "2.8803",
      "s" : "buy",
      "i" : "XRP_USD",
      "m" : "4611686018478655680"
    }, {
      "d" : "1756462998281094200",
      "t" : 1756462998281,
      "tn" : 1756462998281094200,
      "q" : "4.0",
      "p" : "2.8803",
      "s" : "buy",
      "i" : "XRP_USD",
      "m" : "4611686018478655679"
    }, {
      "d" : "1756462998280935914",
      "t" : 1756462998280,
      "tn" : 1756462998280935914,
      "q" : "4.0",
      "p" : "2.8803",
      "s" : "buy",
      "i" : "XRP_USD",
      "m" : "4611686018478655678"
    }, {
      "d" : "1756462998280868452",
      "t" : 1756462998280,
      "tn" : 1756462998280868452,
      "q" : "4.0",
      "p" : "2.8803",
      "s" : "buy",
      "i" : "XRP_USD",
      "m" : "4611686018478655677"
    }, {
      "d" : "1756462998280865513",
      "t" : 1756462998280,
      "tn" : 1756462998280865513,
      "q" : "4.0",
      "p" : "2.8803",
      "s" : "buy",
      "i" : "XRP_USD",
      "m" : "4611686018478655676"
    }, {
      "d" : "1756462998280810977",
      "t" : 1756462998280,
      "tn" : 1756462998280810977,
      "q" : "4.0",
      "p" : "2.8803",
      "s" : "buy",
      "i" : "XRP_USD",
      "m" : "4611686018478655675"
    }, {
      "d" : "1756462998280808549",
      "t" : 1756462998280,
      "tn" : 1756462998280808549,
      "q" : "4.0",
      "p" : "2.8803",
      "s" : "buy",
      "i" : "XRP_USD",
      "m" : "4611686018478655674"
    }, {
      "d" : "1756462998280805975",
      "t" : 1756462998280,
      "tn" : 1756462998280805975,
      "q" : "8.0",
      "p" : "2.8803",
      "s" : "buy",
      "i" : "XRP_USD",
      "m" : "4611686018478655673"
    }, {
      "d" : "1756462998280736429",
      "t" : 1756462998280,
      "tn" : 1756462998280736429,
      "q" : "3.5",
      "p" : "2.8803",
      "s" : "buy",
      "i" : "XRP_USD",
      "m" : "4611686018478655672"
    }, {
      "d" : "1756462998280734787",
      "t" : 1756462998280,
      "tn" : 1756462998280734786,
      "q" : "0.5",
      "p" : "2.8801",
      "s" : "buy",
      "i" : "XRP_USD",
      "m" : "4611686018478655671"
    }, {
      "d" : "1756462998280734786",
      "t" : 1756462998280,
      "tn" : 1756462998280734786,
      "q" : "1.0",
      "p" : "2.8801",
      "s" : "buy",
      "i" : "XRP_USD",
      "m" : "4611686018478655671"
    }, {
      "d" : "1756462995035292017",
      "t" : 1756462995035,
      "tn" : 1756462995035292017,
      "q" : "0.1",
      "p" : "2.8799",
      "s" : "buy",
      "i" : "XRP_USD",
      "m" : "4611686018478655670"
    }, {
      "d" : "1756462995035288970",
      "t" : 1756462995035,
      "tn" : 1756462995035288970,
      "q" : "0.4",
      "p" : "2.8799",
      "s" : "buy",
      "i" : "XRP_USD",
      "m" : "4611686018478655669"
    }, {
      "d" : "1756462994911918184",
      "t" : 1756462994911,
      "tn" : 1756462994911918184,
      "q" : "211.0",
      "p" : "2.8799",
      "s" : "buy",
      "i" : "XRP_USD",
      "m" : "4611686018478655668"
    }, {
      "d" : "1756462994910957347",
      "t" : 1756462994910,
      "tn" : 1756462994910957347,
      "q" : "40.0",
      "p" : "2.8799",
      "s" : "buy",
      "i" : "XRP_USD",
      "m" : "4611686018478655667"
    }, {
      "d" : "1756462994910136662",
      "t" : 1756462994910,
      "tn" : 1756462994910136662,
      "q" : "46.9",
      "p" : "2.8799",
      "s" : "buy",
      "i" : "XRP_USD",
      "m" : "4611686018478655666"
    }, {
      "d" : "1756462994910022093",
      "t" : 1756462994910,
      "tn" : 1756462994910022093,
      "q" : "449.9",
      "p" : "2.8799",
      "s" : "buy",
      "i" : "XRP_USD",
      "m" : "4611686018478655665"
    }, {
      "d" : "1756462994910019507",
      "t" : 1756462994910,
      "tn" : 1756462994910019507,
      "q" : "907.0",
      "p" : "2.8799",
      "s" : "buy",
      "i" : "XRP_USD",
      "m" : "4611686018478655664"
    }, {
      "d" : "1756462994909911779",
      "t" : 1756462994909,
      "tn" : 1756462994909911779,
      "q" : "92.9",
      "p" : "2.8799",
      "s" : "buy",
      "i" : "XRP_USD",
      "m" : "4611686018478655663"
    }, {
      "d" : "1756462990840040977",
      "t" : 1756462990840,
      "tn" : 1756462990840040975,
      "q" : "227.6",
      "p" : "2.8798",
      "s" : "sell",
      "i" : "XRP_USD",
      "m" : "4611686018478655662"
    }, {
      "d" : "1756462990840040976",
      "t" : 1756462990840,
      "tn" : 1756462990840040975,
      "q" : "52.0",
      "p" : "2.8798",
      "s" : "sell",
      "i" : "XRP_USD",
      "m" : "4611686018478655662"
    }, {
      "d" : "1756462990840040975",
      "t" : 1756462990840,
      "tn" : 1756462990840040975,
      "q" : "170.3",
      "p" : "2.8798",
      "s" : "sell",
      "i" : "XRP_USD",
      "m" : "4611686018478655662"
    }, {
      "d" : "1756462990840036489",
      "t" : 1756462990840,
      "tn" : 1756462990840036488,
      "q" : "298.0",
      "p" : "2.8798",
      "s" : "sell",
      "i" : "XRP_USD",
      "m" : "4611686018478655661"
    }, {
      "d" : "1756462990840036488",
      "t" : 1756462990840,
      "tn" : 1756462990840036488,
      "q" : "1.0",
      "p" : "2.8798",
      "s" : "sell",
      "i" : "XRP_USD",
      "m" : "4611686018478655661"
    }, {
      "d" : "1756462989847670668",
      "t" : 1756462989847,
      "tn" : 1756462989847670668,
      "q" : "55.2",
      "p" : "2.8799",
      "s" : "buy",
      "i" : "XRP_USD",
      "m" : "4611686018478655660"
    }, {
      "d" : "1756462985531526792",
      "t" : 1756462985531,
      "tn" : 1756462985531526792,
      "q" : "1.0",
      "p" : "2.8801",
      "s" : "buy",
      "i" : "XRP_USD",
      "m" : "4611686018478655659"
    }, {
      "d" : "1756462982668786073",
      "t" : 1756462982668,
      "tn" : 1756462982668786073,
      "q" : "170.0",
      "p" : "2.8801",
      "s" : "buy",
      "i" : "XRP_USD",
      "m" : "4611686018478655658"
    }, {
      "d" : "1756462981650378218",
      "t" : 1756462981650,
      "tn" : 1756462981650378218,
      "q" : "298.8",
      "p" : "2.8802",
      "s" : "sell",
      "i" : "XRP_USD",
      "m" : "4611686018478655657"
    }, {
      "d" : "1756462981650253875",
      "t" : 1756462981650,
      "tn" : 1756462981650253875,
      "q" : "907.8",
      "p" : "2.8802",
      "s" : "sell",
      "i" : "XRP_USD",
      "m" : "4611686018478655656"
    }, {
      "d" : "1756462981650252543",
      "t" : 1756462981650,
      "tn" : 1756462981650252543,
      "q" : "92.0",
      "p" : "2.8803",
      "s" : "sell",
      "i" : "XRP_USD",
      "m" : "4611686018478655655"
    }, {
      "d" : "1756462979267547219",
      "t" : 1756462979267,
      "tn" : 1756462979267547214,
      "q" : "418.9",
      "p" : "2.8807",
      "s" : "buy",
      "i" : "XRP_USD",
      "m" : "4611686018478655654"
    }, {
      "d" : "1756462979267547218",
      "t" : 1756462979267,
      "tn" : 1756462979267547214,
      "q" : "139.5",
      "p" : "2.8807",
      "s" : "buy",
      "i" : "XRP_USD",
      "m" : "4611686018478655654"
    }, {
      "d" : "1756462979267547217",
      "t" : 1756462979267,
      "tn" : 1756462979267547214,
      "q" : "0.5",
      "p" : "2.8807",
      "s" : "buy",
      "i" : "XRP_USD",
      "m" : "4611686018478655654"
    }, {
      "d" : "1756462979267547216",
      "t" : 1756462979267,
      "tn" : 1756462979267547214,
      "q" : "329.7",
      "p" : "2.8807",
      "s" : "buy",
      "i" : "XRP_USD",
      "m" : "4611686018478655654"
    } ]
  }
}