{
  "id" : -1,
  "method" : "public/get-trades",
  "code" : 0,
  "result" : {
    "data" : [ {
      "d" : "1756462958041357277",
      "t" : 1756462958041,
      "tn" : 1756462958041357277,
      "q" : "2.8",
      "p" : "2.4724",
      "s" : "buy",
      "i" : "XRP_EUR",
      "m" : "4611686018429517552"
    }, {
      "d" : "1756462950350344745",
      "t" : 1756462950350,
      "tn" : 1756462950350344745,
      "q" : "0.7",
      "p" : "2.4711",
      "s" : "sell",
      "i" : "XRP_EUR",
      "m" : "4611686018429517551"
    }, {
      "d" : "1756462950275688607",
      "t" : 1756462950275,
      "tn" : 1756462950275688607,
      "q" : "0.7",
      "p" : "2.4712",
      "s" : "sell",
      "i" : "XRP_EUR",
      "m" : "4611686018429517550"
    }, {
      "d" : "1756462874592792236",
      "t" : 1756462874592,
      "tn" : 1756462874592792236,
      "q" : "0.7",
      "p" : "2.4726",
      "s" : "sell",
      "i" : "XRP_EUR",
      "m" : "4611686018429517549"
    }, {
      "d" : "1756462746537592370",
      "t" : 1756462746537,
      "tn" : 1756462746537592370,
      "q" : "27.7",
      "p" : "2.4696",
      "s" : "buy",
      "i" : "XRP_EUR",
      "m" : "4611686018429517548"
    }, {
      "d" : "1756462746537576317",
      "t" : 1756462746537,
      "tn" : 1756462746537576317,
      "q" : "0.7",
      "p" : "2.4695",
      "s" : "buy",
      "i" : "XRP_EUR",
      "m" : "4611686018429517547"
    }, {
      "d" : "1756462585559698903",
      "t" : 1756462585559,
      "tn" : 1756462585559698903,
      "q" : "0.7",
      "p" : "2.4685",
      "s" : "sell",
      "i" : "XRP_EUR",
      "m" : "4611686018429517546"
    }, {
      "d" : "1756462444483481905",
      "t" : 1756462444483,
      "tn" : 1756462444483481905,
      "q" : "4.5",
      "p" : "2.4692",
      "s" : "sell",
      "i" : "XRP_EUR",
      "m" : "4611686018429517545"
    }, {
      "d" : "1756462444280310304",
      "t" : 1756462444280,
      "tn" : 1756462444280310304,
      "q" : "8.8",
      "p" : "2.4692",
      "s" : "sell",
      "i" : "XRP_EUR",
      "m" : "4611686018429517544"
    }, {
      "d" : "1756462444077197165",
      "t" : 1756462444077,
      "tn" : 1756462444077197165,
      "q" : "23.2",
      "p" : "2.4692",
      "s" : "sell",
      "i" : "XRP_EUR",
      "m" : "4611686018429517543"
    }, {
      "d" : "1756462443873708218",
      "t" : 1756462443873,
      "tn" : 1756462443873708218,
      "q" : "36.2",
      "p" : "2.4692",
      "s" : "sell",
      "i" : "XRP_EUR",
      "m" : "4611686018429517542"
    }, {
      "d" : "1756462443670498447",
      "t" : 1756462443670,
      "tn" : 1756462443670498447,
      "q" : "56.5",
      "p" : "2.4692",
      "s" : "sell",
      "i" : "XRP_EUR",
      "m" : "4611686018429517541"
    }, {
      "d" : "1756462443475724645",
      "t" : 1756462443475,
      "tn" : 1756462443475724645,
      "q" : "50.9",
      "p" : "2.4692",
      "s" : "sell",
      "i" : "XRP_EUR",
      "m" : "4611686018429517540"
    }, {
      "d" : "1756462308319223804",
      "t" : 1756462308319,
      "tn" : 1756462308319223804,
      "q" : "0.7",
      "p" : "2.4704",
      "s" : "buy",
      "i" : "XRP_EUR",
      "m" : "4611686018429517539"
    }, {
      "d" : "1756462308219191849",
      "t" : 1756462308219,
      "tn" : 1756462308219191849,
      "q" : "0.7",
      "p" : "2.4703",
      "s" : "buy",
      "i" : "XRP_EUR",
      "m" : "4611686018429517538"
    }, {
      "d" : "1756462079079118377",
      "t" : 1756462079079,
      "tn" : 1756462079079118377,
      "q" : "0.7",
      "p" : "2.4691",
      "s" : "buy",
      "i" : "XRP_EUR",
      "m" : "4611686018429517537"
    }, {
      "d" : "1756461384697631899",
      "t" : 1756461384697,
      "tn" : 1756461384697631899,
      "q" : "5.7",
      "p" : "2.4627",
      "s" : "sell",
      "i" : "XRP_EUR",
      "m" : "4611686018429517536"
    }, {
      "d" : "1756461384697628445",
      "t" : 1756461384697,
      "tn" : 1756461384697628445,
      "q" : "239.7",
      "p" : "2.4628",
      "s" : "sell",
      "i" : "XRP_EUR",
      "m" : "4611686018429517535"
    }, {
      "d" : "1756460948774755219",
      "t" : 1756460948774,
      "tn" : 1756460948774755219,
      "q" : "0.7",
      "p" : "2.4609",
      "s" : "buy",
      "i" : "XRP_EUR",
      "m" : "4611686018429517534"
    }, {
      "d" : "1756460904650910897",
      "t" : 1756460904650,
      "tn" : 1756460904650910897,
      "q" : "0.7",
      "p" : "2.4590",
      "s" : "buy",
      "i" : "XRP_EUR",
      "m" : "4611686018429517533"
    }, {
      "d" : "1756460838842742034",
      "t" : 1756460838842,
      "tn" : 1756460838842742034,
      "q" : "0.7",
      "p" : "2.4567",
      "s" : "buy",
      "i" : "XRP_EUR",
      "m" : "4611686018429517532"
    }, {
      "d" : "1756460591711740506",
      "t" : 1756460591711,
      "tn" : 1756460591711740506,
      "q" : "0.7",
      "p" : "2.4504",
      "s" : "buy",
      "i" : "XRP_EUR",
      "m" : "4611686018429517531"
    }, {
      "d" : "1756460455556346768",
      "t" : 1756460455556,
      "tn" : 1756460455556346768,
      "q" : "0.7",
      "p" : "2.4515",
      "s" : "buy",
      "i" : "XRP_EUR",
      "m" : "4611686018429517530"
    }, {
      "d" : "1756460293810601994",
      "t" : 1756460293810,
      "tn" : 1756460293810601994,
      "q" : "0.7",
      "p" : "2.4517",
      "s" : "buy",
      "i" : "XRP_EUR",
      "m" : "4611686018429517529"
    }, {
      "d" : "1756460233202988920",
      "t" : 1756460233202,
      "tn" : 1756460233202988920,
      "q" : "0.4",
      "p" : "2.4525",
      "s" : "buy",
      "i" : "XRP_EUR",
      "m" : "4611686018429517528"
    }, {
      "d" : "1756460233202986794",
      "t" : 1756460233202,
      "tn" : 1756460233202986794,
      "q" : "0.7",
      "p" : "2.4524",
      "s" : "buy",
      "i" : "XRP_EUR",
      "m" : "4611686018429517527"
    }, {
      "d" : "1756459983684436733",
      "t" : 1756459983684,
      "tn" : 1756459983684436733,
      "q" : "0.7",
      "p" : "2.4514",
      "s" : "buy",
      "i" : "XRP_EUR",
      "m" : "4611686018429517526"
    }, {
      "d" : "1756459932366966709",
      "t" : 1756459932366,
      "tn" : 1756459932366966709,
      "q" : "283.3",
      "p" : "2.4534",
      "s" : "buy",
      "i" : "XRP_EUR",
      "m" : "4611686018429517525"
    }, {
      "d" : "1756459932366964155",
      "t" : 1756459932366,
      "tn" : 1756459932366964155,
      "q" : "250.2",
      "p" : "2.4530",
      "s" : "buy",
      "i" : "XRP_EUR",
      "m" : "4611686018429517524"
    }, {
      "d" : "1756459932366961774",
      "t" : 1756459932366,
      "tn" : 1756459932366961774,
      "q" : "74.2",
      "p" : "2.4529",
      "s" : "buy",
      "i" : "XRP_EUR",
      "m" : "4611686018429517523"
    }, {
      "d" : "1756459932366959026",
      "t" : 1756459932366,
      "tn" : 1756459932366959026,
      "q" : "240.9",
      "p" : "2.4528",
      "s" : "buy",
      "i" : "XRP_EUR",
      "m" : "4611686018429517522"
    }, {
      "d" : "1756459932366956277",
      "t" : 1756459932366,
      "tn" : 1756459932366956277,
      "q" : "0.7",
      "p" : "2.4512",
      "s" : "buy",
      "i" : "XRP_EUR",
      "m" : "4611686018429517521"
    }, {
      "d" : "1756459932366953228",
      "t" : 1756459932366,
      "tn" : 1756459932366953228,
      "q" : "0.7",
      "p" : "2.4511",
      "s" : "buy",
      "i" : "XRP_EUR",
      "m" : "4611686018429517520"
    }, {
      "d" : "1756459855307437899",
      "t" : 1756459855307,
      "tn" : 1756459855307437899,
      "q" : "0.7",
      "p" : "2.4511",
      "s" : "buy",
      "i" : "XRP_EUR",
      "m" : "4611686018429517519"
    }, {
      "d" : "1756459854343709669",
      "t" : 1756459854343,
      "tn" : 1756459854343709669,
      "q" : "0.7",
      "p" : "2.4510",
      "s" : "buy",
      "i" : "XRP_EUR",
      "m" : "4611686018429517518"
    }, {
      "d" : "1756459783846949539",
      "t" : 1756459783846,
      "tn" : 1756459783846949539,
      "q" : "0.7",
      "p" : "2.4507",
      "s" : "buy",
      "i" : "XRP_EUR",
      "m" : "4611686018429517517"
    }, {
      "d" : "1756459783791517084",
      "t" : 1756459783791,
      "tn" : 1756459783791517084,
      "q" : "0.7",
      "p" : "2.4506",
      "s" : "buy",
      "i" : "XRP_EUR",
      "m" : "4611686018429517516"
    }, {
      "d" : "1756459622062326927",
      "t" : 1756459622062,
      "tn" : 1756459622062326927,
      "q" : "14.2",
      "p" : "2.4504",
      "s" : "sell",
      "i" : "XRP_EUR",
      "m" : "4611686018429517515"
    }, {
      "d" : "1756459549987153262",
      "t" : 1756459549987,
      "tn" : 1756459549987153262,
      "q" : "0.7",
      "p" : "2.4501",
      "s" : "buy",
      "i" : "XRP_EUR",
      "m" : "4611686018429517514"
    }, {
      "d" : "1756459228672490118",
      "t" : 1756459228672,
      "tn" : 1756459228672490118,
      "q" : "0.7",
      "p" : "2.4510",
      "s" : "buy",
      "i" : "XRP_EUR",
      "m" : "4611686018429517513"
    }, {
      "d" : "1756459228187084363",
      "t" : 1756459228187,
      "tn" : 1756459228187084363,
      "q" : "0.7",
      "p" : "2.4509",
      "s" : "buy",
      "i" : "XRP_EUR",
      "m" : "4611686018429517512"
    }, {
      "d" : "1756459183741197764",
      "t" : 1756459183741,
      "tn" : 1756459183741197764,
      "q" : "0.7",
      "p" : "2.4485",
      "s" : "buy",
      "i" : "XRP_EUR",
      "m" : "4611686018429517511"
    }, {
      "d" : "1756459158683648033",
      "t" : 1756459158683,
      "tn" : 1756459158683648033,
      "q" : "0.7",
      "p" : "2.4461",
      "s" : "buy",
      "i" : "XRP_EUR",
      "m" : "4611686018429517510"
    }, {
      "d" : "1756459078866848014",
      "t" : 1756459078866,
      "tn" : 1756459078866848014,
      "q" : "0.7",
      "p" : "2.4424",
      "s" : "buy",
      "i" : "XRP_EUR",
      "m" : "4611686018429517509"
    }, {
      "d" : "1756458805692467480",
      "t" : 1756458805692,
      "tn" : 1756458805692467480,
      "q" : "1.1",
      "p" : "2.4436",
      "s" : "buy",
      "i" : "XRP_EUR",
      "m" : "4611686018429517508"
    }, {
      "d" : "1756458805692465445",
      "t" : 1756458805692,
      "tn" : 1756458805692465445,
      "q" : "0.7",
      "p" : "2.4435",
      "s" : "buy",
      "i" : "XRP_EUR",
      "m" : "4611686018429517507"
    }, {
      "d" : "1756458805692462651",
      "t" : 1756458805692,
      "tn" : 1756458805692462651,
      "q" : "0.7",
      "p" : "2.4434",
      "s" : "buy",
      "i" : "XRP_EUR",
      "m" : "4611686018429517506"
    }, {
      "d" : "1756458793121742138",
      "t" : 1756458793121,
      "tn" : 1756458793121742138,
      "q" : "8.6",
      "p" : "2.4436",
      "s" : "buy",
      "i" : "XRP_EUR",
      "m" : "4611686018429517505"
    }, {
      "d" : "1756458793121740259",
      "t" : 1756458793121,
      "tn" : 1756458793121740259,
      "q" : "0.7",
      "p" : "2.4435",
      "s" : "buy",
      "i" : "XRP_EUR",
      "m" : "4611686018429517504"
    }, {
      "d" : "1756458793121737704",
      "t" : 1756458793121,
      "tn" : 1756458793121737704,
      "q" : "0.7",
      "p" : "2.4434",
      "s" : "buy",
      "i" : "XRP_EUR",
      "m" : "4611686018429517503"
    }, {
      "d" : "1756458757845164485",
      "t" : 1756458757845,
      "tn" : 1756458757845164485,
      "q" : "100.3",
      "p" : "2.4412",
      "s" : "buy",
      "i" : "XRP_EUR",
      "m" : "4611686018429517502"
    }, {
      "d" : "1756458757845162637",
      "t" : 1756458757845,
      "tn" : 1756458757845162636,
      "q" : "21.0",
      "p" : "2.4411",
      "s" : "buy",
      "i" : "XRP_EUR",
      "m" : "4611686018429517501"
    }, {
      "d" : "1756458757845162636",
      "t" : 1756458757845,
      "tn" : 1756458757845162636,
      "q" : "0.7",
      "p" : "2.4411",
      "s" : "buy",
      "i" : "XRP_EUR",
      "m" : "4611686018429517501"
    }, {
      "d" : "1756458748805204309",
      "t" : 1756458748805,
      "tn" : 1756458748805204309,
      "q" : "90.0",
      "p" : "2.4412",
      "s" : "buy",
      "i" : "XRP_EUR",
      "m" : "4611686018429517500"
    }, {
      "d" : "1756458724973774192",
      "t" : 1756458724973,
      "tn" : 1756458724973774191,
      "q" : "108.0",
      "p" : "2.4434",
      "s" : "buy",
      "i" : "XRP_EUR",
      "m" : "4611686018429517499"
    }, {
      "d" : "1756458724973774191",
      "t" : 1756458724973,
      "tn" : 1756458724973774191,
      "q" : "175.4",
      "p" : "2.4434",
      "s" : "buy",
      "i" : "XRP_EUR",
      "m" : "4611686018429517499"
    }, {
      "d" : "1756458724973771403",
      "t" : 1756458724973,
      "tn" : 1756458724973771403,
      "q" : "91.7",
      "p" : "2.4433",
      "s" : "buy",
      "i" : "XRP_EUR",
      "m" : "4611686018429517498"
    }, {
      "d" : "1756458724973768612",
      "t" : 1756458724973,
      "tn" : 1756458724973768612,
      "q" : "24.2",
      "p" : "2.4424",
      "s" : "buy",
      "i" : "XRP_EUR",
      "m" : "4611686018429517497"
    }, {
      "d" : "1756458724973766834",
      "t" : 1756458724973,
      "tn" : 1756458724973766834,
      "q" : "0.7",
      "p" : "2.4415",
      "s" : "buy",
      "i" : "XRP_EUR",
      "m" : "4611686018429517496"
    }, {
      "d" : "1756458702579182879",
      "t" : 1756458702579,
      "tn" : 1756458702579182879,
      "q" : "33.1",
      "p" : "2.4406",
      "s" : "buy",
      "i" : "XRP_EUR",
      "m" : "4611686018429517495"
    }, {
      "d" : "1756458701922300913",
      "t" : 1756458701922,
      "tn" : 1756458701922300913,
      "q" : "32.6",
      "p" : "2.4406",
      "s" : "buy",
      "i" : "XRP_EUR",
      "m" : "4611686018429517494"
    }, {
      "d" : "1756458667102521640",
      "t" : 1756458667102,
      "tn" : 1756458667102521640,
      "q" : "0.7",
      "p" : "2.4392",
      "s" : "buy",
      "i" : "XRP_EUR",
      "m" : "4611686018429517493"
    }, {
      "d" : "1756458662109613045",
      "t" : 1756458662109,
      "tn" : 1756458662109613045,
      "q" : "0.7",
      "p" : "2.4391",
      "s" : "buy",
      "i" : "XRP_EUR",
      "m" : "4611686018429517492"
    }, {
      "d" : "1756458546331457739",
      "t" : 1756458546331,
      "tn" : 1756458546331457739,
      "q" : "1.6",
      "p" : "2.4390",
      "s" : "buy",
      "i" : "XRP_EUR",
      "m" : "4611686018429517491"
    }, {
      "d" : "1756458542384040028",
      "t" : 1756458542384,
      "tn" : 1756458542384040028,
      "q" : "0.7",
      "p" : "2.4387",
      "s" : "buy",
      "i" : "XRP_EUR",
      "m" : "4611686018429517490"
    }, {
      "d" : "1756458523744534930",
      "t" : 1756458523744,
      "tn" : 1756458523744534930,
      "q" : "28.2",
      "p" : "2.4385",
      "s" : "sell",
      "i" : "XRP_EUR",
      "m" : "4611686018429517489"
    }, {
      "d" : "1756458522415268671",
      "t" : 1756458522415,
      "tn" : 1756458522415268671,
      "q" : "2.4",
      "p" : "2.4376",
      "s" : "buy",
      "i" : "XRP_EUR",
      "m" : "4611686018429517488"
    }, {
      "d" : "1756458522415265560",
      "t" : 1756458522415,
      "tn" : 1756458522415265560,
      "q" : "0.7",
      "p" : "2.4375",
      "s" : "buy",
      "i" : "XRP_EUR",
      "m" : "4611686018429517487"
    }, {
      "d" : "1756458355898502052",
      "t" : 1756458355898,
      "tn" : 1756458355898502052,
      "q" : "0.7",
      "p" : "2.4394",
      "s" : "buy",
      "i" : "XRP_EUR",
      "m" : "4611686018429517486"
    }, {
      "d" : "1756458319027947879",
      "t" : 1756458319027,
      "tn" : 1756458319027947879,
      "q" : "22.9",
      "p" : "2.4396",
      "s" : "buy",
      "i" : "XRP_EUR",
      "m" : "4611686018429517485"
    }, {
      "d" : "1756458245904436960",
      "t" : 1756458245904,
      "tn" : 1756458245904436960,
      "q" : "28.4",
      "p" : "2.4376",
      "s" : "buy",
      "i" : "XRP_EUR",
      "m" : "4611686018429517484"
    }, {
      "d" : "1756458245266836340",
      "t" : 1756458245266,
      "tn" : 1756458245266836340,
      "q" : "0.7",
      "p" : "2.4375",
      "s" : "buy",
      "i" : "XRP_EUR",
      "m" : "4611686018429517483"
    }, {
      "d" : "1756458167449268268",
      "t" : 1756458167449,
      "tn" : 1756458167449268268,
      "q" : "21.2",
      "p" : "2.4400",
      "s" : "sell",
      "i" : "XRP_EUR",
      "m" : "4611686018429517482"
    }, {
      "d" : "1756458167282024679",
      "t" : 1756458167282,
      "tn" : 1756458167282024679,
      "q" : "33.5",
      "p" : "2.4400",
      "s" : "sell",
      "i" : "XRP_EUR",
      "m" : "4611686018429517481"
    }, {
      "d" : "1756458167111415091",
      "t" : 1756458167111,
      "tn" : 1756458167111415091,
      "q" : "32.6",
      "p" : "2.4400",
      "s" : "sell",
      "i" : "XRP_EUR",
      "m" : "4611686018429517480"
    }, {
      "d" : "1756458164904533483",
      "t" : 1756458164904,
      "tn" : 1756458164904533483,
      "q" : "29.4",
      "p" : "2.4400",
      "s" : "sell",
      "i" : "XRP_EUR",
      "m" : "4611686018429517479"
    }, {
      "d" : "1756458164635525930",
      "t" : 1756458164635,
      "tn" : 1756458164635525930,
      "q" : "33.3",
      "p" : "2.4400",
      "s" : "sell",
      "i" : "XRP_EUR",
      "m" : "4611686018429517478"
    }, {
      "d" : "1756457884462704882",
      "t" : 1756457884462,
      "tn" : 1756457884462704882,
      "q" : "0.7",
      "p" : "2.4430",
      "s" : "buy",
      "i" : "XRP_EUR",
      "m" : "4611686018429517477"
    }, {
      "d" : "1756457882465343655",
      "t" : 1756457882465,
      "tn" : 1756457882465343655,
      "q" : "14.4",
      "p" : "2.4427",
      "s" : "buy",
      "i" : "XRP_EUR",
      "m" : "4611686018429517476"
    }, {
      "d" : "1756457882429521032",
      "t" : 1756457882429,
      "tn" : 1756457882429521032,
      "q" : "1.4",
      "p" : "2.4427",
      "s" : "buy",
      "i" : "XRP_EUR",
      "m" : "4611686018429517475"
    }, {
      "d" : "1756457882367153406",
      "t" : 1756457882367,
      "tn" : 1756457882367153406,
      "q" : "31.6",
      "p" : "2.4427",
      "s" : "buy",
      "i" : "XRP_EUR",
      "m" : "4611686018429517474"
    }, {
      "d" : "1756457882230306065",
      "t" : 1756457882230,
      "tn" : 1756457882230306065,
      "q" : "26.8",
      "p" : "2.4427",
      "s" : "buy",
      "i" : "XRP_EUR",
      "m" : "4611686018429517473"
    }, {
      "d" : "1756457531770484911",
      "t" : 1756457531770,
      "tn" : 1756457531770484911,
      "q" : "479.9",
      "p" : "2.4508",
      "s" : "buy",
      "i" : "XRP_EUR",
      "m" : "4611686018429517472"
    }, {
      "d" : "1756457531770483050",
      "t" : 1756457531770,
      "tn" : 1756457531770483050,
      "q" : "174.9",
      "p" : "2.4500",
      "s" : "buy",
      "i" : "XRP_EUR",
      "m" : "4611686018429517471"
    }, {
      "d" : "1756457531770480828",
      "t" : 1756457531770,
      "tn" : 1756457531770480828,
      "q" : "178.8",
      "p" : "2.4498",
      "s" : "buy",
      "i" : "XRP_EUR",
      "m" : "4611686018429517470"
    }, {
      "d" : "1756457531770478576",
      "t" : 1756457531770,
      "tn" : 1756457531770478576,
      "q" : "91.8",
      "p" : "2.4497",
      "s" : "buy",
      "i" : "XRP_EUR",
      "m" : "4611686018429517469"
    }, {
      "d" : "1756457531770475663",
      "t" : 1756457531770,
      "tn" : 1756457531770475663,
      "q" : "2645.1",
      "p" : "2.4488",
      "s" : "buy",
      "i" : "XRP_EUR",
      "m" : "4611686018429517468"
    }, {
      "d" : "1756457531770472973",
      "t" : 1756457531770,
      "tn" : 1756457531770472973,
      "q" : "0.8",
      "p" : "2.4487",
      "s" : "buy",
      "i" : "XRP_EUR",
      "m" : "4611686018429517467"
    }, {
      "d" : "1756457531770471534",
      "t" : 1756457531770,
      "tn" : 1756457531770471533,
      "q" : "407.3",
      "p" : "2.4470",
      "s" : "buy",
      "i" : "XRP_EUR",
      "m" : "4611686018429517466"
    }, {
      "d" : "1756457531770471533",
      "t" : 1756457531770,
      "tn" : 1756457531770471533,
      "q" : "0.7",
      "p" : "2.4470",
      "s" : "buy",
      "i" : "XRP_EUR",
      "m" : "4611686018429517466"
    }, {
      "d" : "1756457531770464096",
      "t" : 1756457531770,
      "tn" : 1756457531770464096,
      "q" : "74.2",
      "p" : "2.4468",
      "s" : "buy",
      "i" : "XRP_EUR",
      "m" : "4611686018429517465"
    }, {
      "d" : "1756457516936268868",
      "t" : 1756457516936,
      "tn" : 1756457516936268868,
      "q" : "27.0",
      "p" : "2.4471",
      "s" : "buy",
      "i" : "XRP_EUR",
      "m" : "4611686018429517464"
    }, {
      "d" : "1756457515635574031",
      "t" : 1756457515635,
      "tn" : 1756457515635574031,
      "q" : "0.7",
      "p" : "2.4468",
      "s" : "buy",
      "i" : "XRP_EUR",
      "m" : "4611686018429517463"
    }, {
      "d" : "1756457319268305873",
      "t" : 1756457319268,
      "tn" : 1756457319268305873,
      "q" : "32.4",
      "p" : "2.4505",
      "s" : "buy",
      "i" : "XRP_EUR",
      "m" : "4611686018429517462"
    }, {
      "d" : "1756457319187519387",
      "t" : 1756457319187,
      "tn" : 1756457319187519387,
      "q" : "0.7",
      "p" : "2.4504",
      "s" : "buy",
      "i" : "XRP_EUR",
      "m" : "4611686018429517461"
    }, {
      "d" : "1756457145485142383",
      "t" : 1756457145485,
      "tn" : 1756457145485142383,
      "q" : "0.7",
      "p" : "2.4522",
      "s" : "buy",
      "i" : "XRP_EUR",
      "m" : "4611686018429517460"
    }, {
      "d" : "1756457145163088069",
      "t" : 1756457145163,
      "tn" : 1756457145163088069,
      "q" : "0.7",
      "p" : "2.4521",
      "s" : "buy",
      "i" : "XRP_EUR",
      "m" : "4611686018429517459"
    }, {
      "d" : "1756457102622169101",
      "t" : 1756457102622,
      "tn" : 1756457102622169100,
      "q" : "8.1",
      "p" : "2.4528",
      "s" : "buy",
      "i" : "XRP_EUR",
      "m" : "4611686018429517458"
    }, {
      "d" : "1756457102622169100",
      "t" : 1756457102622,
      "tn" : 1756457102622169100,
      "q" : "0.7",
      "p" : "2.4528",
      "s" : "buy",
      "i" : "XRP_EUR",
      "m" : "4611686018429517458"
    }, {
      "d" : "1756457102622165341",
      "t" : 1756457102622,
      "tn" : 1756457102622165341,
      "q" : "0.7",
      "p" : "2.4527",
      "s" : "buy",
      "i" : "XRP_EUR",
      "m" : "4611686018429517457"
    }, {
      "d" : "1756457080803092324",
      "t" : 1756457080803,
      "tn" : 1756457080803092324,
      "q" : "20.1",
      "p" : "2.4523",
      "s" : "buy",
      "i" : "XRP_EUR",
      "m" : "4611686018429517456"
    }, {
      "d" : "1756456864089367951",
      "t" : 1756456864089,
      "tn" : 1756456864089367951,
      "q" : "0.7",
      "p" : "2.4508",
      "s" : "buy",
      "i" : "XRP_EUR",
      "m" : "4611686018429517455"
    }, {
      "d" : "1756456861563102154",
      "t" : 1756456861563,
      "tn" : 1756456861563102154,
      "q" : "0.7",
      "p" : "2.4507",
      "s" : "buy",
      "i" : "XRP_EUR",
      "m" : "4611686018429517454"
    }, {
      "d" : "1756456811373367553",
      "t" : 1756456811373,
      "tn" : 1756456811373367553,
      "q" : "0.7",
      "p" : "2.4498",
      "s" : "buy",
      "i" : "XRP_EUR",
      "m" : "4611686018429517453"
    }, {
      "d" : "1756456811291443076",
      "t" : 1756456811291,
      "tn" : 1756456811291443076,
      "q" : "0.7",
      "p" : "2.4496",
      "s" : "buy",
      "i" : "XRP_EUR",
      "m" : "4611686018429517452"
    }, {
      "d" : "1756456811243036768",
      "t" : 1756456811243,
      "tn" : 1756456811243036768,
      "q" : "45.1",
      "p" : "2.4495",
      "s" : "buy",
      "i" : "XRP_EUR",
      "m" : "4611686018429517451"
    }, {
      "d" : "1756456758591510915",
      "t" : 1756456758591,
      "tn" : 1756456758591510914,
      "q" : "0.7",
      "p" : "2.4495",
      "s" : "buy",
      "i" : "XRP_EUR",
      "m" : "4611686018429517450"
    }, {
      "d" : "1756456758591510914",
      "t" : 1756456758591,
      "tn" : 1756456758591510914,
      "q" : "11.1",
      "p" : "2.4495",
      "s" : "buy",
      "i" : "XRP_EUR",
      "m" : "4611686018429517450"
    }, {
      "d" : "1756456758533484481",
      "t" : 1756456758533,
      "tn" : 1756456758533484481,
      "q" : "31.9",
      "p" : "2.4495",
      "s" : "buy",
      "i" : "XRP_EUR",
      "m" : "4611686018429517449"
    }, {
      "d" : "1756456758493154115",
      "t" : 1756456758493,
      "tn" : 1756456758493154115,
      "q" : "30.1",
      "p" : "2.4495",
      "s" : "buy",
      "i" : "XRP_EUR",
      "m" : "4611686018429517448"
    }, {
      "d" : "1756456758415668577",
      "t" : 1756456758415,
      "tn" : 1756456758415668577,
      "q" : "27.7",
      "p" : "2.4495",
      "s" : "buy",
      "i" : "XRP_EUR",
      "m" : "4611686018429517447"
    }, {
      "d" : "1756456755417547384",
      "t" : 1756456755417,
      "tn" : 1756456755417547384,
      "q" : "31.8",
      "p" : "2.4495",
      "s" : "buy",
      "i" : "XRP_EUR",
      "m" : "4611686018429517446"
    }, {
      "d" : "1756456754213879969",
      "t" : 1756456754213,
      "tn" : 1756456754213879969,
      "q" : "27.6",
      "p" : "2.4495",
      "s" : "buy",
      "i" : "XRP_EUR",
      "m" : "4611686018429517445"
    }, {
      "d" : "1756456681193228056",
      "t" : 1756456681193,
      "tn" : 1756456681193228056,
      "q" : "0.7",
      "p" : "2.4491",
      "s" : "buy",
      "i" : "XRP_EUR",
      "m" : "4611686018429517444"
    }, {
      "d" : "1756456598183031074",
      "t" : 1756456598183,
      "tn" : 1756456598183031074,
      "q" : "30.5",
      "p" : "2.4495",
      "s" : "buy",
      "i" : "XRP_EUR",
      "m" : "4611686018429517443"
    }, {
      "d" : "1756456598091808925",
      "t" : 1756456598091,
      "tn" : 1756456598091808925,
      "q" : "32.5",
      "p" : "2.4495",
      "s" : "buy",
      "i" : "XRP_EUR",
      "m" : "4611686018429517442"
    }, {
      "d" : "1756456596979396262",
      "t" : 1756456596979,
      "tn" : 1756456596979396262,
      "q" : "27.0",
      "p" : "2.4495",
      "s" : "buy",
      "i" : "XRP_EUR",
      "m" : "4611686018429517441"
    }, {
      "d" : "1756456596834482849",
      "t" : 1756456596834,
      "tn" : 1756456596834482849,
      "q" : "30.7",
      "p" : "2.4495",
      "s" : "buy",
      "i" : "XRP_EUR",
      "m" : "4611686018429517440"
    }, {
      "d" : "1756456592938383993",
      "t" : 1756456592938,
      "tn" : 1756456592938383993,
      "q" : "0.7",
      "p" : "2.4486",
      "s" : "buy",
      "i" : "XRP_EUR",
      "m" : "4611686018429517439"
    }, {
      "d" : "1756456589981126657",
      "t" : 1756456589981,
      "tn" : 1756456589981126657,
      "q" : "14.6",
      "p" : "2.4485",
      "s" : "buy",
      "i" : "XRP_EUR",
      "m" : "4611686018429517438"
    }, {
      "d" : "1756456589754908523",
      "t" : 1756456589754,
      "tn" : 1756456589754908523,
      "q" : "32.2",
      "p" : "2.4485",
      "s" : "buy",
      "i" : "XRP_EUR",
      "m" : "4611686018429517437"
    }, {
      "d" : "1756456587315244341",
      "t" : 1756456587315,
      "tn" : 1756456587315244341,
      "q" : "27.4",
      "p" : "2.4485",
      "s" : "buy",
      "i" : "XRP_EUR",
      "m" : "4611686018429517436"
    }, {
      "d" : "1756456561734523981",
      "t" : 1756456561734,
      "tn" : 1756456561734523981,
      "q" : "12.2",
      "p" : "2.4500",
      "s" : "sell",
      "i" : "XRP_EUR",
      "m" : "4611686018429517435"
    }, {
      "d" : "1756456561673646522",
      "t" : 1756456561673,
      "tn" : 1756456561673646521,
      "q" : "8.2",
      "p" : "2.4500",
      "s" : "sell",
      "i" : "XRP_EUR",
      "m" : "4611686018429517434"
    }, {
      "d" : "1756456561673646521",
      "t" : 1756456561673,
      "tn" : 1756456561673646521,
      "q" : "21.4",
      "p" : "2.4500",
      "s" : "sell",
      "i" : "XRP_EUR",
      "m" : "4611686018429517434"
    }, {
      "d" : "1756456561650170012",
      "t" : 1756456561650,
      "tn" : 1756456561650170012,
      "q" : "34.1",
      "p" : "2.4500",
      "s" : "sell",
      "i" : "XRP_EUR",
      "m" : "4611686018429517433"
    }, {
      "d" : "1756456561612132533",
      "t" : 1756456561612,
      "tn" : 1756456561612132533,
      "q" : "27.2",
      "p" : "2.4500",
      "s" : "sell",
      "i" : "XRP_EUR",
      "m" : "4611686018429517432"
    }, {
      "d" : "1756456561598734010",
      "t" : 1756456561598,
      "tn" : 1756456561598734010,
      "q" : "32.5",
      "p" : "2.4500",
      "s" : "sell",
      "i" : "XRP_EUR",
      "m" : "4611686018429517431"
    }, {
      "d" : "1756456561550436947",
      "t" : 1756456561550,
      "tn" : 1756456561550436947,
      "q" : "34.8",
      "p" : "2.4500",
      "s" : "sell",
      "i" : "XRP_EUR",
      "m" : "4611686018429517430"
    }, {
      "d" : "1756456479538315140",
      "t" : 1756456479538,
      "tn" : 1756456479538315140,
      "q" : "37.1",
      "p" : "2.4525",
      "s" : "buy",
      "i" : "XRP_EUR",
      "m" : "4611686018429517429"
    }, {
      "d" : "1756456479391903172",
      "t" : 1756456479391,
      "tn" : 1756456479391903172,
      "q" : "38.8",
      "p" : "2.4525",
      "s" : "buy",
      "i" : "XRP_EUR",
      "m" : "4611686018429517428"
    }, {
      "d" : "1756456461361654805",
      "t" : 1756456461361,
      "tn" : 1756456461361654805,
      "q" : "0.7",
      "p" : "2.4512",
      "s" : "buy",
      "i" : "XRP_EUR",
      "m" : "4611686018429517427"
    }, {
      "d" : "1756456326775028872",
      "t" : 1756456326775,
      "tn" : 1756456326775028872,
      "q" : "0.7",
      "p" : "2.4523",
      "s" : "buy",
      "i" : "XRP_EUR",
      "m" : "4611686018429517426"
    }, {
      "d" : "1756456269370008746",
      "t" : 1756456269370,
      "tn" : 1756456269370008746,
      "q" : "0.7",
      "p" : "2.4503",
      "s" : "sell",
      "i" : "XRP_EUR",
      "m" : "4611686018429517425"
    }, {
      "d" : "1756456021865108249",
      "t" : 1756456021865,
      "tn" : 1756456021865108249,
      "q" : "0.7",
      "p" : "2.4555",
      "s" : "sell",
      "i" : "XRP_EUR",
      "m" : "4611686018429517424"
    }, {
      "d" : "1756456021693533417",
      "t" : 1756456021693,
      "tn" : 1756456021693533417,
      "q" : "0.7",
      "p" : "2.4556",
      "s" : "sell",
      "i" : "XRP_EUR",
      "m" : "4611686018429517423"
    }, {
      "d" : "1756455875005418997",
      "t" : 1756455875005,
      "tn" : 1756455875005418997,
      "q" : "0.7",
      "p" : "2.4527",
      "s" : "sell",
      "i" : "XRP_EUR",
      "m" : "4611686018429517422"
    }, {
      "d" : "1756455707187044227",
      "t" : 1756455707187,
      "tn" : 1756455707187044227,
      "q" : "124.2",
      "p" : "2.4520",
      "s" : "buy",
      "i" : "XRP_EUR",
      "m" : "4611686018429517421"
    }, {
      "d" : "1756455675298475703",
      "t" : 1756455675298,
      "tn" : 1756455675298475703,
      "q" : "23.4",
      "p" : "2.4510",
      "s" : "sell",
      "i" : "XRP_EUR",
      "m" : "4611686018429517420"
    }, {
      "d" : "1756455675226565404",
      "t" : 1756455675226,
      "tn" : 1756455675226565404,
      "q" : "0.7",
      "p" : "2.4511",
      "s" : "sell",
      "i" : "XRP_EUR",
      "m" : "4611686018429517419"
    }, {
      "d" : "1756455675117955052",
      "t" : 1756455675117,
      "tn" : 1756455675117955052,
      "q" : "0.7",
      "p" : "2.4513",
      "s" : "sell",
      "i" : "XRP_EUR",
      "m" : "4611686018429517418"
    }, {
      "d" : "1756455648239153385",
      "t" : 1756455648239,
      "tn" : 1756455648239153385,
      "q" : "0.7",
      "p" : "2.4535",
      "s" : "sell",
      "i" : "XRP_EUR",
      "m" : "4611686018429517417"
    }, {
      "d" : "1756455636370121356",
      "t" : 1756455636370,
      "tn" : 1756455636370121356,
      "q" : "0.7",
      "p" : "2.4539",
      "s" : "buy",
      "i" : "XRP_EUR",
      "m" : "4611686018429517416"
    }, {
      "d" : "1756455628539589540",
      "t" : 1756455628539,
      "tn" : 1756455628539589540,
      "q" : "29.9",
      "p" : "2.4510",
      "s" : "sell",
      "i" : "XRP_EUR",
      "m" : "4611686018429517415"
    }, {
      "d" : "1756455616571668872",
      "t" : 1756455616571,
      "tn" : 1756455616571668872,
      "q" : "0.7",
      "p" : "2.4528",
      "s" : "sell",
      "i" : "XRP_EUR",
      "m" : "4611686018429517414"
    }, {
      "d" : "1756455571419324981",
      "t" : 1756455571419,
      "tn" : 1756455571419324981,
      "q" : "0.7",
      "p" : "2.4551",
      "s" : "sell",
      "i" : "XRP_EUR",
      "m" : "4611686018429517413"
    }, {
      "d" : "1756455442281711464",
      "t" : 1756455442281,
      "tn" : 1756455442281711464,
      "q" : "1.0",
      "p" : "2.4544",
      "s" : "sell",
      "i" : "XRP_EUR",
      "m" : "4611686018429517412"
    }, {
      "d" : "1756455430142750980",
      "t" : 1756455430142,
      "tn" : 1756455430142750980,
      "q" : "0.7",
      "p" : "2.4566",
      "s" : "sell",
      "i" : "XRP_EUR",
      "m" : "4611686018429517411"
    }, {
      "d" : "1756455414014366652",
      "t" : 1756455414014,
      "tn" : 1756455414014366652,
      "q" : "10.4",
      "p" : "2.4593",
      "s" : "buy",
      "i" : "XRP_EUR",
      "m" : "4611686018429517410"
    }, {
      "d" : "1756455393109319320",
      "t" : 1756455393109,
      "tn" : 1756455393109319320,
      "q" : "0.7",
      "p" : "2.4587",
      "s" : "sell",
      "i" : "XRP_EUR",
      "m" : "4611686018429517409"
    } ]
  }
}