{
  "id" : -1,
  "method" : "public/get-trades",
  "code" : 0,
  "result" : {
    "data" : [ {
      "d" : "1756459183576912104",
      "t" : 1756459183576,
      "tn" : 1756459183576912104,
      "q" : "0.6",
      "p" : "2.8569",
      "s" : "buy",
      "i" : "XRP_PYUSD",
      "m" : "4611686018429071170"
    }, {
      "d" : "1756456807033176002",
      "t" : 1756456807033,
      "tn" : 1756456807033176002,
      "q" : "1.4",
      "p" : "2.8616",
      "s" : "sell",
      "i" : "XRP_PYUSD",
      "m" : "4611686018429071169"
    }, {
      "d" : "1756455675061399715",
      "t" : 1756455675061,
      "tn" : 1756455675061399715,
      "q" : "0.6",
      "p" : "2.8623",
      "s" : "sell",
      "i" : "XRP_PYUSD",
      "m" : "4611686018429071168"
    }, {
      "d" : "1756454446586656782",
      "t" : 1756454446586,
      "tn" : 1756454446586656782,
      "q" : "0.6",
      "p" : "2.8712",
      "s" : "buy",
      "i" : "XRP_PYUSD",
      "m" : "4611686018429071167"
    }, {
      "d" : "1756451672450395906",
      "t" : 1756451672450,
      "tn" : 1756451672450395906,
      "q" : "0.6",
      "p" : "2.8745",
      "s" : "sell",
      "i" : "XRP_PYUSD",
      "m" : "4611686018429071166"
    }, {
      "d" : "1756451152678422357",
      "t" : 1756451152678,
      "tn" : 1756451152678422357,
      "q" : "1.1",
      "p" : "2.8929",
      "s" : "sell",
      "i" : "XRP_PYUSD",
      "m" : "4611686018429071165"
    }, {
      "d" : "1756451152367881137",
      "t" : 1756451152367,
      "tn" : 1756451152367881137,
      "q" : "2.0",
      "p" : "2.8929",
      "s" : "sell",
      "i" : "XRP_PYUSD",
      "m" : "4611686018429071164"
    }, {
      "d" : "1756451151489743268",
      "t" : 1756451151489,
      "tn" : 1756451151489743268,
      "q" : "1.4",
      "p" : "2.8929",
      "s" : "sell",
      "i" : "XRP_PYUSD",
      "m" : "4611686018429071163"
    }, {
      "d" : "1756451151046044137",
      "t" : 1756451151046,
      "tn" : 1756451151046044137,
      "q" : "1.4",
      "p" : "2.8929",
      "s" : "sell",
      "i" : "XRP_PYUSD",
      "m" : "4611686018429071162"
    }, {
      "d" : "1756451150532956845",
      "t" : 1756451150532,
      "tn" : 1756451150532956845,
      "q" : "1.4",
      "p" : "2.8929",
      "s" : "sell",
      "i" : "XRP_PYUSD",
      "m" : "4611686018429071161"
    }, {
      "d" : "1756451149862005569",
      "t" : 1756451149862,
      "tn" : 1756451149862005569,
      "q" : "3.2",
      "p" : "2.8929",
      "s" : "sell",
      "i" : "XRP_PYUSD",
      "m" : "4611686018429071160"
    }, {
      "d" : "1756451149251731552",
      "t" : 1756451149251,
      "tn" : 1756451149251731552,
      "q" : "6.4",
      "p" : "2.8929",
      "s" : "sell",
      "i" : "XRP_PYUSD",
      "m" : "4611686018429071159"
    }, {
      "d" : "1756451146558750427",
      "t" : 1756451146558,
      "tn" : 1756451146558750427,
      "q" : "0.6",
      "p" : "2.8927",
      "s" : "sell",
      "i" : "XRP_PYUSD",
      "m" : "4611686018429071158"
    }, {
      "d" : "1756450225383996502",
      "t" : 1756450225383,
      "tn" : 1756450225383996502,
      "q" : "4.1",
      "p" : "2.8960",
      "s" : "sell",
      "i" : "XRP_PYUSD",
      "m" : "4611686018429071157"
    }, {
      "d" : "1756450155685145390",
      "t" : 1756450155685,
      "tn" : 1756450155685145390,
      "q" : "0.5",
      "p" : "2.8963",
      "s" : "buy",
      "i" : "XRP_PYUSD",
      "m" : "4611686018429071156"
    }, {
      "d" : "1756450155685143718",
      "t" : 1756450155685,
      "tn" : 1756450155685143718,
      "q" : "0.1",
      "p" : "2.8962",
      "s" : "buy",
      "i" : "XRP_PYUSD",
      "m" : "4611686018429071155"
    }, {
      "d" : "1756450155646275466",
      "t" : 1756450155646,
      "tn" : 1756450155646275466,
      "q" : "0.6",
      "p" : "2.8962",
      "s" : "buy",
      "i" : "XRP_PYUSD",
      "m" : "4611686018429071154"
    }, {
      "d" : "1756450153543256762",
      "t" : 1756450153543,
      "tn" : 1756450153543256762,
      "q" : "24.0",
      "p" : "2.8960",
      "s" : "buy",
      "i" : "XRP_PYUSD",
      "m" : "4611686018429071153"
    }, {
      "d" : "1756450153541672316",
      "t" : 1756450153541,
      "tn" : 1756450153541672316,
      "q" : "4.1",
      "p" : "2.8960",
      "s" : "buy",
      "i" : "XRP_PYUSD",
      "m" : "4611686018429071152"
    }, {
      "d" : "1756450153482933384",
      "t" : 1756450153482,
      "tn" : 1756450153482933384,
      "q" : "3.4",
      "p" : "2.8959",
      "s" : "buy",
      "i" : "XRP_PYUSD",
      "m" : "4611686018429071151"
    }, {
      "d" : "1756450153479493154",
      "t" : 1756450153479,
      "tn" : 1756450153479493154,
      "q" : "31.1",
      "p" : "2.8959",
      "s" : "buy",
      "i" : "XRP_PYUSD",
      "m" : "4611686018429071150"
    }, {
      "d" : "1756450153473048417",
      "t" : 1756450153473,
      "tn" : 1756450153473048417,
      "q" : "31.1",
      "p" : "2.8959",
      "s" : "buy",
      "i" : "XRP_PYUSD",
      "m" : "4611686018429071149"
    }, {
      "d" : "1756450153469513691",
      "t" : 1756450153469,
      "tn" : 1756450153469513691,
      "q" : "31.1",
      "p" : "2.8959",
      "s" : "buy",
      "i" : "XRP_PYUSD",
      "m" : "4611686018429071148"
    }, {
      "d" : "1756450153463029798",
      "t" : 1756450153463,
      "tn" : 1756450153463029798,
      "q" : "31.1",
      "p" : "2.8959",
      "s" : "buy",
      "i" : "XRP_PYUSD",
      "m" : "4611686018429071147"
    }, {
      "d" : "1756450153001761637",
      "t" : 1756450153001,
      "tn" : 1756450153001761637,
      "q" : "31.1",
      "p" : "2.8959",
      "s" : "buy",
      "i" : "XRP_PYUSD",
      "m" : "4611686018429071146"
    }, {
      "d" : "1756450152998280116",
      "t" : 1756450152998,
      "tn" : 1756450152998280116,
      "q" : "31.1",
      "p" : "2.8959",
      "s" : "buy",
      "i" : "XRP_PYUSD",
      "m" : "4611686018429071145"
    }, {
      "d" : "1756443924251239460",
      "t" : 1756443924251,
      "tn" : 1756443924251239460,
      "q" : "1.4",
      "p" : "2.9092",
      "s" : "sell",
      "i" : "XRP_PYUSD",
      "m" : "4611686018429071144"
    }, {
      "d" : "1756443923788994418",
      "t" : 1756443923788,
      "tn" : 1756443923788994418,
      "q" : "1.4",
      "p" : "2.9092",
      "s" : "sell",
      "i" : "XRP_PYUSD",
      "m" : "4611686018429071143"
    }, {
      "d" : "1756443923235889337",
      "t" : 1756443923235,
      "tn" : 1756443923235889337,
      "q" : "1.5",
      "p" : "2.9092",
      "s" : "sell",
      "i" : "XRP_PYUSD",
      "m" : "4611686018429071142"
    }, {
      "d" : "1756443922770687058",
      "t" : 1756443922770,
      "tn" : 1756443922770687058,
      "q" : "1.4",
      "p" : "2.9092",
      "s" : "sell",
      "i" : "XRP_PYUSD",
      "m" : "4611686018429071141"
    }, {
      "d" : "1756443922220211589",
      "t" : 1756443922220,
      "tn" : 1756443922220211589,
      "q" : "4.3",
      "p" : "2.9092",
      "s" : "sell",
      "i" : "XRP_PYUSD",
      "m" : "4611686018429071140"
    }, {
      "d" : "1756439123270820195",
      "t" : 1756439123270,
      "tn" : 1756439123270820194,
      "q" : "0.6",
      "p" : "2.9422",
      "s" : "sell",
      "i" : "XRP_PYUSD",
      "m" : "4611686018429071139"
    }, {
      "d" : "1756439123270820194",
      "t" : 1756439123270,
      "tn" : 1756439123270820194,
      "q" : "0.4",
      "p" : "2.9422",
      "s" : "sell",
      "i" : "XRP_PYUSD",
      "m" : "4611686018429071139"
    }, {
      "d" : "1756438683526424143",
      "t" : 1756438683526,
      "tn" : 1756438683526424143,
      "q" : "0.6",
      "p" : "2.9423",
      "s" : "buy",
      "i" : "XRP_PYUSD",
      "m" : "4611686018429071138"
    }, {
      "d" : "1756438680383940992",
      "t" : 1756438680383,
      "tn" : 1756438680383940992,
      "q" : "0.7",
      "p" : "2.9422",
      "s" : "buy",
      "i" : "XRP_PYUSD",
      "m" : "4611686018429071137"
    }, {
      "d" : "1756429546402962770",
      "t" : 1756429546402,
      "tn" : 1756429546402962770,
      "q" : "0.7",
      "p" : "2.9533",
      "s" : "sell",
      "i" : "XRP_PYUSD",
      "m" : "4611686018429071136"
    }, {
      "d" : "1756429546209726106",
      "t" : 1756429546209,
      "tn" : 1756429546209726106,
      "q" : "0.7",
      "p" : "2.9534",
      "s" : "sell",
      "i" : "XRP_PYUSD",
      "m" : "4611686018429071135"
    }, {
      "d" : "1756427329299861829",
      "t" : 1756427329299,
      "tn" : 1756427329299861829,
      "q" : "0.6",
      "p" : "2.9680",
      "s" : "buy",
      "i" : "XRP_PYUSD",
      "m" : "4611686018429071134"
    }, {
      "d" : "1756427289148482573",
      "t" : 1756427289148,
      "tn" : 1756427289148482573,
      "q" : "1.4",
      "p" : "2.9643",
      "s" : "buy",
      "i" : "XRP_PYUSD",
      "m" : "4611686018429071133"
    }, {
      "d" : "1756427288334760447",
      "t" : 1756427288334,
      "tn" : 1756427288334760447,
      "q" : "2.8",
      "p" : "2.9643",
      "s" : "buy",
      "i" : "XRP_PYUSD",
      "m" : "4611686018429071132"
    }, {
      "d" : "1756411274557528212",
      "t" : 1756411274557,
      "tn" : 1756411274557528212,
      "q" : "0.6",
      "p" : "2.9484",
      "s" : "buy",
      "i" : "XRP_PYUSD",
      "m" : "4611686018429071131"
    }, {
      "d" : "1756410489536439553",
      "t" : 1756410489536,
      "tn" : 1756410489536439553,
      "q" : "0.4",
      "p" : "2.9673",
      "s" : "sell",
      "i" : "XRP_PYUSD",
      "m" : "4611686018429071130"
    }, {
      "d" : "1756410489536437724",
      "t" : 1756410489536,
      "tn" : 1756410489536437724,
      "q" : "0.7",
      "p" : "2.9674",
      "s" : "sell",
      "i" : "XRP_PYUSD",
      "m" : "4611686018429071129"
    }, {
      "d" : "1756400445063420516",
      "t" : 1756400445063,
      "tn" : 1756400445063420516,
      "q" : "2.9",
      "p" : "2.9654",
      "s" : "buy",
      "i" : "XRP_PYUSD",
      "m" : "4611686018429071128"
    }, {
      "d" : "1756400370435730266",
      "t" : 1756400370435,
      "tn" : 1756400370435730266,
      "q" : "0.6",
      "p" : "2.9650",
      "s" : "sell",
      "i" : "XRP_PYUSD",
      "m" : "4611686018429071127"
    }, {
      "d" : "1756400370150473982",
      "t" : 1756400370150,
      "tn" : 1756400370150473982,
      "q" : "1.2",
      "p" : "2.9654",
      "s" : "sell",
      "i" : "XRP_PYUSD",
      "m" : "4611686018429071126"
    }, {
      "d" : "1756400367703608211",
      "t" : 1756400367703,
      "tn" : 1756400367703608211,
      "q" : "0.5",
      "p" : "2.9654",
      "s" : "sell",
      "i" : "XRP_PYUSD",
      "m" : "4611686018429071125"
    }, {
      "d" : "1756400363314923827",
      "t" : 1756400363314,
      "tn" : 1756400363314923827,
      "q" : "1.4",
      "p" : "2.9653",
      "s" : "sell",
      "i" : "XRP_PYUSD",
      "m" : "4611686018429071124"
    }, {
      "d" : "1756400361246776734",
      "t" : 1756400361246,
      "tn" : 1756400361246776734,
      "q" : "2.2",
      "p" : "2.9653",
      "s" : "sell",
      "i" : "XRP_PYUSD",
      "m" : "4611686018429071123"
    }, {
      "d" : "1756400361244361138",
      "t" : 1756400361244,
      "tn" : 1756400361244361138,
      "q" : "4.1",
      "p" : "2.9653",
      "s" : "sell",
      "i" : "XRP_PYUSD",
      "m" : "4611686018429071122"
    }, {
      "d" : "1756400361215803138",
      "t" : 1756400361215,
      "tn" : 1756400361215803138,
      "q" : "2.2",
      "p" : "2.9653",
      "s" : "sell",
      "i" : "XRP_PYUSD",
      "m" : "4611686018429071121"
    }, {
      "d" : "1756400361212071934",
      "t" : 1756400361212,
      "tn" : 1756400361212071934,
      "q" : "4.1",
      "p" : "2.9653",
      "s" : "sell",
      "i" : "XRP_PYUSD",
      "m" : "4611686018429071120"
    }, {
      "d" : "1756400361200343876",
      "t" : 1756400361200,
      "tn" : 1756400361200343876,
      "q" : "2.2",
      "p" : "2.9653",
      "s" : "sell",
      "i" : "XRP_PYUSD",
      "m" : "4611686018429071119"
    }, {
      "d" : "1756400361191076190",
      "t" : 1756400361191,
      "tn" : 1756400361191076190,
      "q" : "2.2",
      "p" : "2.9653",
      "s" : "sell",
      "i" : "XRP_PYUSD",
      "m" : "4611686018429071118"
    }, {
      "d" : "1756400361189695274",
      "t" : 1756400361189,
      "tn" : 1756400361189695274,
      "q" : "4.1",
      "p" : "2.9653",
      "s" : "sell",
      "i" : "XRP_PYUSD",
      "m" : "4611686018429071117"
    }, {
      "d" : "1756400361185623500",
      "t" : 1756400361185,
      "tn" : 1756400361185623500,
      "q" : "2.2",
      "p" : "2.9653",
      "s" : "sell",
      "i" : "XRP_PYUSD",
      "m" : "4611686018429071116"
    }, {
      "d" : "1756400361153699699",
      "t" : 1756400361153,
      "tn" : 1756400361153699699,
      "q" : "26.1",
      "p" : "2.9654",
      "s" : "sell",
      "i" : "XRP_PYUSD",
      "m" : "4611686018429071115"
    }, {
      "d" : "1756400359970359329",
      "t" : 1756400359970,
      "tn" : 1756400359970359329,
      "q" : "1.4",
      "p" : "2.9652",
      "s" : "sell",
      "i" : "XRP_PYUSD",
      "m" : "4611686018429071114"
    }, {
      "d" : "1756400357512828369",
      "t" : 1756400357512,
      "tn" : 1756400357512828369,
      "q" : "1.7",
      "p" : "2.9652",
      "s" : "sell",
      "i" : "XRP_PYUSD",
      "m" : "4611686018429071113"
    }, {
      "d" : "1756399958515533887",
      "t" : 1756399958515,
      "tn" : 1756399958515533887,
      "q" : "0.7",
      "p" : "2.9860",
      "s" : "sell",
      "i" : "XRP_PYUSD",
      "m" : "4611686018429071112"
    }, {
      "d" : "1756398494656004536",
      "t" : 1756398494656,
      "tn" : 1756398494656004536,
      "q" : "1.7",
      "p" : "2.9963",
      "s" : "buy",
      "i" : "XRP_PYUSD",
      "m" : "4611686018429071111"
    }, {
      "d" : "1756398494109456888",
      "t" : 1756398494109,
      "tn" : 1756398494109456888,
      "q" : "3.4",
      "p" : "2.9963",
      "s" : "buy",
      "i" : "XRP_PYUSD",
      "m" : "4611686018429071110"
    }, {
      "d" : "1756395920358860581",
      "t" : 1756395920358,
      "tn" : 1756395920358860581,
      "q" : "0.7",
      "p" : "2.9831",
      "s" : "sell",
      "i" : "XRP_PYUSD",
      "m" : "4611686018429071109"
    }, {
      "d" : "1756394509356003464",
      "t" : 1756394509356,
      "tn" : 1756394509356003464,
      "q" : "0.5",
      "p" : "3.0022",
      "s" : "sell",
      "i" : "XRP_PYUSD",
      "m" : "4611686018429071108"
    }, {
      "d" : "1756394412943663194",
      "t" : 1756394412943,
      "tn" : 1756394412943663194,
      "q" : "0.7",
      "p" : "3.0079",
      "s" : "sell",
      "i" : "XRP_PYUSD",
      "m" : "4611686018429071107"
    }, {
      "d" : "1756391135216230031",
      "t" : 1756391135216,
      "tn" : 1756391135216230031,
      "q" : "1.4",
      "p" : "3.0070",
      "s" : "sell",
      "i" : "XRP_PYUSD",
      "m" : "4611686018429071106"
    }, {
      "d" : "1756391134390768814",
      "t" : 1756391134390,
      "tn" : 1756391134390768814,
      "q" : "1.4",
      "p" : "3.0069",
      "s" : "sell",
      "i" : "XRP_PYUSD",
      "m" : "4611686018429071105"
    }, {
      "d" : "1756391133611765640",
      "t" : 1756391133611,
      "tn" : 1756391133611765640,
      "q" : "1.5",
      "p" : "3.0069",
      "s" : "sell",
      "i" : "XRP_PYUSD",
      "m" : "4611686018429071104"
    }, {
      "d" : "1756391132757464079",
      "t" : 1756391132757,
      "tn" : 1756391132757464079,
      "q" : "3.3",
      "p" : "3.0069",
      "s" : "sell",
      "i" : "XRP_PYUSD",
      "m" : "4611686018429071103"
    }, {
      "d" : "1756389883951578706",
      "t" : 1756389883951,
      "tn" : 1756389883951578706,
      "q" : "1.4",
      "p" : "3.0040",
      "s" : "sell",
      "i" : "XRP_PYUSD",
      "m" : "4611686018429071102"
    }, {
      "d" : "1756389881805816196",
      "t" : 1756389881805,
      "tn" : 1756389881805816196,
      "q" : "1.4",
      "p" : "3.0040",
      "s" : "sell",
      "i" : "XRP_PYUSD",
      "m" : "4611686018429071101"
    }, {
      "d" : "1756389879498211953",
      "t" : 1756389879498,
      "tn" : 1756389879498211953,
      "q" : "2.2",
      "p" : "3.0040",
      "s" : "sell",
      "i" : "XRP_PYUSD",
      "m" : "4611686018429071100"
    }, {
      "d" : "1756388542593937948",
      "t" : 1756388542593,
      "tn" : 1756388542593937948,
      "q" : "0.6",
      "p" : "3.0174",
      "s" : "buy",
      "i" : "XRP_PYUSD",
      "m" : "4611686018429071099"
    }, {
      "d" : "1756388149580168885",
      "t" : 1756388149580,
      "tn" : 1756388149580168885,
      "q" : "0.6",
      "p" : "3.0131",
      "s" : "sell",
      "i" : "XRP_PYUSD",
      "m" : "4611686018429071098"
    }, {
      "d" : "1756384515556212206",
      "t" : 1756384515556,
      "tn" : 1756384515556212206,
      "q" : "80.1",
      "p" : "3.0141",
      "s" : "sell",
      "i" : "XRP_PYUSD",
      "m" : "4611686018429071097"
    }, {
      "d" : "1756384515551242531",
      "t" : 1756384515551,
      "tn" : 1756384515551242531,
      "q" : "0.5",
      "p" : "3.0141",
      "s" : "sell",
      "i" : "XRP_PYUSD",
      "m" : "4611686018429071096"
    }, {
      "d" : "1756384514940391201",
      "t" : 1756384514940,
      "tn" : 1756384514940391201,
      "q" : "4.0",
      "p" : "3.0141",
      "s" : "sell",
      "i" : "XRP_PYUSD",
      "m" : "4611686018429071095"
    }, {
      "d" : "1756384514940032553",
      "t" : 1756384514940,
      "tn" : 1756384514940032553,
      "q" : "2.1",
      "p" : "3.0141",
      "s" : "sell",
      "i" : "XRP_PYUSD",
      "m" : "4611686018429071094"
    }, {
      "d" : "1756384514935246718",
      "t" : 1756384514935,
      "tn" : 1756384514935246718,
      "q" : "2.1",
      "p" : "3.0141",
      "s" : "sell",
      "i" : "XRP_PYUSD",
      "m" : "4611686018429071093"
    }, {
      "d" : "1756384514931613725",
      "t" : 1756384514931,
      "tn" : 1756384514931613725,
      "q" : "4.0",
      "p" : "3.0141",
      "s" : "sell",
      "i" : "XRP_PYUSD",
      "m" : "4611686018429071092"
    }, {
      "d" : "1756384514926898518",
      "t" : 1756384514926,
      "tn" : 1756384514926898517,
      "q" : "2.0",
      "p" : "3.0141",
      "s" : "sell",
      "i" : "XRP_PYUSD",
      "m" : "4611686018429071091"
    }, {
      "d" : "1756384514926898517",
      "t" : 1756384514926,
      "tn" : 1756384514926898517,
      "q" : "0.1",
      "p" : "3.0141",
      "s" : "sell",
      "i" : "XRP_PYUSD",
      "m" : "4611686018429071091"
    }, {
      "d" : "1756384514526189549",
      "t" : 1756384514526,
      "tn" : 1756384514526189549,
      "q" : "0.6",
      "p" : "3.0141",
      "s" : "sell",
      "i" : "XRP_PYUSD",
      "m" : "4611686018429071090"
    }, {
      "d" : "1756384206300901639",
      "t" : 1756384206300,
      "tn" : 1756384206300901639,
      "q" : "0.7",
      "p" : "3.0108",
      "s" : "buy",
      "i" : "XRP_PYUSD",
      "m" : "4611686018429071089"
    }, {
      "d" : "1756384204375978428",
      "t" : 1756384204375,
      "tn" : 1756384204375978428,
      "q" : "0.1",
      "p" : "3.0107",
      "s" : "buy",
      "i" : "XRP_PYUSD",
      "m" : "4611686018429071088"
    }, {
      "d" : "1756384204372523793",
      "t" : 1756384204372,
      "tn" : 1756384204372523793,
      "q" : "0.6",
      "p" : "3.0107",
      "s" : "buy",
      "i" : "XRP_PYUSD",
      "m" : "4611686018429071087"
    }, {
      "d" : "1756384204372522364",
      "t" : 1756384204372,
      "tn" : 1756384204372522364,
      "q" : "12.7",
      "p" : "3.0106",
      "s" : "buy",
      "i" : "XRP_PYUSD",
      "m" : "4611686018429071086"
    }, {
      "d" : "1756384204347493740",
      "t" : 1756384204347,
      "tn" : 1756384204347493740,
      "q" : "63.3",
      "p" : "3.0106",
      "s" : "buy",
      "i" : "XRP_PYUSD",
      "m" : "4611686018429071085"
    }, {
      "d" : "1756384204346537036",
      "t" : 1756384204346,
      "tn" : 1756384204346537036,
      "q" : "0.7",
      "p" : "3.0106",
      "s" : "buy",
      "i" : "XRP_PYUSD",
      "m" : "4611686018429071084"
    }, {
      "d" : "1756384204345227647",
      "t" : 1756384204345,
      "tn" : 1756384204345227647,
      "q" : "0.7",
      "p" : "3.0106",
      "s" : "buy",
      "i" : "XRP_PYUSD",
      "m" : "4611686018429071083"
    }, {
      "d" : "1756384204344012328",
      "t" : 1756384204344,
      "tn" : 1756384204344012328,
      "q" : "0.7",
      "p" : "3.0106",
      "s" : "buy",
      "i" : "XRP_PYUSD",
      "m" : "4611686018429071082"
    }, {
      "d" : "1756384204342907468",
      "t" : 1756384204342,
      "tn" : 1756384204342907468,
      "q" : "0.7",
      "p" : "3.0106",
      "s" : "buy",
      "i" : "XRP_PYUSD",
      "m" : "4611686018429071081"
    }, {
      "d" : "1756384204341782272",
      "t" : 1756384204341,
      "tn" : 1756384204341782272,
      "q" : "0.7",
      "p" : "3.0106",
      "s" : "buy",
      "i" : "XRP_PYUSD",
      "m" : "4611686018429071080"
    }, {
      "d" : "1756384204339941929",
      "t" : 1756384204339,
      "tn" : 1756384204339941929,
      "q" : "21.7",
      "p" : "3.0106",
      "s" : "buy",
      "i" : "XRP_PYUSD",
      "m" : "4611686018429071079"
    }, {
      "d" : "1756384204300262139",
      "t" : 1756384204300,
      "tn" : 1756384204300262139,
      "q" : "80.2",
      "p" : "3.0106",
      "s" : "buy",
      "i" : "XRP_PYUSD",
      "m" : "4611686018429071078"
    }, {
      "d" : "1756384204300260824",
      "t" : 1756384204300,
      "tn" : 1756384204300260824,
      "q" : "9.0",
      "p" : "3.0105",
      "s" : "buy",
      "i" : "XRP_PYUSD",
      "m" : "4611686018429071077"
    }, {
      "d" : "1756384204295370972",
      "t" : 1756384204295,
      "tn" : 1756384204295370972,
      "q" : "11.0",
      "p" : "3.0105",
      "s" : "buy",
      "i" : "XRP_PYUSD",
      "m" : "4611686018429071076"
    } ]
  }
}