{
  "id" : -1,
  "method" : "public/get-trades",
  "code" : 0,
  "result" : {
    "data" : [ {
      "d" : "1756463031807754255",
      "t" : 1756463031807,
      "tn" : 1756463031807754255,
      "q" : "4",
      "p" : "2.8806",
      "s" : "sell",
      "i" : "XRPUSD-PERP",
      "m" : "4611686018456546001"
    }, {
      "d" : "1756463031807752281",
      "t" : 1756463031807,
      "tn" : 1756463031807752281,
      "q" : "4",
      "p" : "2.8806",
      "s" : "sell",
      "i" : "XRPUSD-PERP",
      "m" : "4611686018456546000"
    }, {
      "d" : "1756463031807749908",
      "t" : 1756463031807,
      "tn" : 1756463031807749908,
      "q" : "4",
      "p" : "2.8806",
      "s" : "sell",
      "i" : "XRPUSD-PERP",
      "m" : "4611686018456545999"
    }, {
      "d" : "1756463031807747744",
      "t" : 1756463031807,
      "tn" : 1756463031807747744,
      "q" : "4",
      "p" : "2.8806",
      "s" : "sell",
      "i" : "XRPUSD-PERP",
      "m" : "4611686018456545998"
    }, {
      "d" : "1756463031807745692",
      "t" : 1756463031807,
      "tn" : 1756463031807745692,
      "q" : "4",
      "p" : "2.8806",
      "s" : "sell",
      "i" : "XRPUSD-PERP",
      "m" : "4611686018456545997"
    }, {
      "d" : "1756463031807741857",
      "t" : 1756463031807,
      "tn" : 1756463031807741857,
      "q" : "4",
      "p" : "2.8806",
      "s" : "sell",
      "i" : "XRPUSD-PERP",
      "m" : "4611686018456545996"
    }, {
      "d" : "1756463031807739961",
      "t" : 1756463031807,
      "tn" : 1756463031807739961,
      "q" : "4",
      "p" : "2.8806",
      "s" : "sell",
      "i" : "XRPUSD-PERP",
      "m" : "4611686018456545995"
    }, {
      "d" : "1756463031807737961",
      "t" : 1756463031807,
      "tn" : 1756463031807737961,
      "q" : "4",
      "p" : "2.8806",
      "s" : "sell",
      "i" : "XRPUSD-PERP",
      "m" : "4611686018456545994"
    }, {
      "d" : "1756463031807735677",
      "t" : 1756463031807,
      "tn" : 1756463031807735677,
      "q" : "4",
      "p" : "2.8806",
      "s" : "sell",
      "i" : "XRPUSD-PERP",
      "m" : "4611686018456545993"
    }, {
      "d" : "1756463031807733721",
      "t" : 1756463031807,
      "tn" : 1756463031807733721,
      "q" : "4",
      "p" : "2.8806",
      "s" : "sell",
      "i" : "XRPUSD-PERP",
      "m" : "4611686018456545992"
    }, {
      "d" : "1756463031807660645",
      "t" : 1756463031807,
      "tn" : 1756463031807660645,
      "q" : "4",
      "p" : "2.8806",
      "s" : "sell",
      "i" : "XRPUSD-PERP",
      "m" : "4611686018456545991"
    }, {
      "d" : "1756463031807616388",
      "t" : 1756463031807,
      "tn" : 1756463031807616388,
      "q" : "4",
      "p" : "2.8806",
      "s" : "sell",
      "i" : "XRPUSD-PERP",
      "m" : "4611686018456545990"
    }, {
      "d" : "1756463031807597537",
      "t" : 1756463031807,
      "tn" : 1756463031807597537,
      "q" : "4",
      "p" : "2.8806",
      "s" : "sell",
      "i" : "XRPUSD-PERP",
      "m" : "4611686018456545989"
    }, {
      "d" : "1756463031807595137",
      "t" : 1756463031807,
      "tn" : 1756463031807595137,
      "q" : "4",
      "p" : "2.8806",
      "s" : "sell",
      "i" : "XRPUSD-PERP",
      "m" : "4611686018456545988"
    }, {
      "d" : "1756463031807592568",
      "t" : 1756463031807,
      "tn" : 1756463031807592567,
      "q" : "2",
      "p" : "2.8806",
      "s" : "sell",
      "i" : "XRPUSD-PERP",
      "m" : "4611686018456545987"
    }, {
      "d" : "1756463031807592567",
      "t" : 1756463031807,
      "tn" : 1756463031807592567,
      "q" : "2",
      "p" : "2.8806",
      "s" : "sell",
      "i" : "XRPUSD-PERP",
      "m" : "4611686018456545987"
    }, {
      "d" : "1756463029375609105",
      "t" : 1756463029375,
      "tn" : 1756463029375609103,
      "q" : "500",
      "p" : "2.8808",
      "s" : "sell",
      "i" : "XRPUSD-PERP",
      "m" : "4611686018456545986"
    }, {
      "d" : "1756463029375609104",
      "t" : 1756463029375,
      "tn" : 1756463029375609103,
      "q" : "5",
      "p" : "2.8808",
      "s" : "sell",
      "i" : "XRPUSD-PERP",
      "m" : "4611686018456545986"
    }, {
      "d" : "1756463029375609103",
      "t" : 1756463029375,
      "tn" : 1756463029375609103,
      "q" : "287",
      "p" : "2.8808",
      "s" : "sell",
      "i" : "XRPUSD-PERP",
      "m" : "4611686018456545986"
    }, {
      "d" : "1756463029375592863",
      "t" : 1756463029375,
      "tn" : 1756463029375592863,
      "q" : "4",
      "p" : "2.8808",
      "s" : "sell",
      "i" : "XRPUSD-PERP",
      "m" : "4611686018456545985"
    }, {
      "d" : "1756463029375589667",
      "t" : 1756463029375,
      "tn" : 1756463029375589667,
      "q" : "4",
      "p" : "2.8808",
      "s" : "sell",
      "i" : "XRPUSD-PERP",
      "m" : "4611686018456545984"
    }, {
      "d" : "1756463029375521651",
      "t" : 1756463029375,
      "tn" : 1756463029375521651,
      "q" : "4",
      "p" : "2.8808",
      "s" : "sell",
      "i" : "XRPUSD-PERP",
      "m" : "4611686018456545983"
    }, {
      "d" : "1756463029375442998",
      "t" : 1756463029375,
      "tn" : 1756463029375442998,
      "q" : "4",
      "p" : "2.8808",
      "s" : "sell",
      "i" : "XRPUSD-PERP",
      "m" : "4611686018456545982"
    }, {
      "d" : "1756463029375441210",
      "t" : 1756463029375,
      "tn" : 1756463029375441210,
      "q" : "4",
      "p" : "2.8808",
      "s" : "sell",
      "i" : "XRPUSD-PERP",
      "m" : "4611686018456545981"
    }, {
      "d" : "1756463029375369100",
      "t" : 1756463029375,
      "tn" : 1756463029375369100,
      "q" : "4",
      "p" : "2.8808",
      "s" : "sell",
      "i" : "XRPUSD-PERP",
      "m" : "4611686018456545980"
    }, {
      "d" : "1756463029375365374",
      "t" : 1756463029375,
      "tn" : 1756463029375365374,
      "q" : "4",
      "p" : "2.8808",
      "s" : "sell",
      "i" : "XRPUSD-PERP",
      "m" : "4611686018456545979"
    }, {
      "d" : "1756463029375364914",
      "t" : 1756463029375,
      "tn" : 1756463029375364914,
      "q" : "4",
      "p" : "2.8808",
      "s" : "sell",
      "i" : "XRPUSD-PERP",
      "m" : "4611686018456545978"
    }, {
      "d" : "1756463029375305356",
      "t" : 1756463029375,
      "tn" : 1756463029375305356,
      "q" : "4",
      "p" : "2.8808",
      "s" : "sell",
      "i" : "XRPUSD-PERP",
      "m" : "4611686018456545977"
    }, {
      "d" : "1756463029375303969",
      "t" : 1756463029375,
      "tn" : 1756463029375303969,
      "q" : "4",
      "p" : "2.8808",
      "s" : "sell",
      "i" : "XRPUSD-PERP",
      "m" : "4611686018456545976"
    }, {
      "d" : "1756463029375303526",
      "t" : 1756463029375,
      "tn" : 1756463029375303526,
      "q" : "4",
      "p" : "2.8808",
      "s" : "sell",
      "i" : "XRPUSD-PERP",
      "m" : "4611686018456545975"
    }, {
      "d" : "1756463029375299582",
      "t" : 1756463029375,
      "tn" : 1756463029375299582,
      "q" : "4",
      "p" : "2.8808",
      "s" : "sell",
      "i" : "XRPUSD-PERP",
      "m" : "4611686018456545974"
    }, {
      "d" : "1756463029375228785",
      "t" : 1756463029375,
      "tn" : 1756463029375228785,
      "q" : "4",
      "p" : "2.8808",
      "s" : "sell",
      "i" : "XRPUSD-PERP",
      "m" : "4611686018456545973"
    }, {
      "d" : "1756463029375226178",
      "t" : 1756463029375,
      "tn" : 1756463029375226178,
      "q" : "4",
      "p" : "2.8808",
      "s" : "sell",
      "i" : "XRPUSD-PERP",
      "m" : "4611686018456545972"
    }, {
      "d" : "1756463029375223401",
      "t" : 1756463029375,
      "tn" : 1756463029375223401,
      "q" : "4",
      "p" : "2.8808",
      "s" : "sell",
      "i" : "XRPUSD-PERP",
      "m" : "4611686018456545971"
    }, {
      "d" : "1756463028179685820",
      "t" : 1756463028179,
      "tn" : 1756463028179685820,
      "q" : "4",
      "p" : "2.8808",
      "s" : "sell",
      "i" : "XRPUSD-PERP",
      "m" : "4611686018456545970"
    }, {
      "d" : "1756463028179685372",
      "t" : 1756463028179,
      "tn" : 1756463028179685372,
      "q" : "4",
      "p" : "2.8808",
      "s" : "sell",
      "i" : "XRPUSD-PERP",
      "m" : "4611686018456545969"
    }, {
      "d" : "1756463028179608224",
      "t" : 1756463028179,
      "tn" : 1756463028179608224,
      "q" : "4",
      "p" : "2.8808",
      "s" : "sell",
      "i" : "XRPUSD-PERP",
      "m" : "4611686018456545968"
    }, {
      "d" : "1756463028179585688",
      "t" : 1756463028179,
      "tn" : 1756463028179585688,
      "q" : "4",
      "p" : "2.8808",
      "s" : "sell",
      "i" : "XRPUSD-PERP",
      "m" : "4611686018456545967"
    }, {
      "d" : "1756463028179583642",
      "t" : 1756463028179,
      "tn" : 1756463028179583642,
      "q" : "4",
      "p" : "2.8808",
      "s" : "sell",
      "i" : "XRPUSD-PERP",
      "m" : "4611686018456545966"
    }, {
      "d" : "1756463028179581531",
      "t" : 1756463028179,
      "tn" : 1756463028179581531,
      "q" : "4",
      "p" : "2.8808",
      "s" : "sell",
      "i" : "XRPUSD-PERP",
      "m" : "4611686018456545965"
    }, {
      "d" : "1756463028179372751",
      "t" : 1756463028179,
      "tn" : 1756463028179372751,
      "q" : "4",
      "p" : "2.8808",
      "s" : "sell",
      "i" : "XRPUSD-PERP",
      "m" : "4611686018456545964"
    }, {
      "d" : "1756463028179304328",
      "t" : 1756463028179,
      "tn" : 1756463028179304328,
      "q" : "4",
      "p" : "2.8808",
      "s" : "sell",
      "i" : "XRPUSD-PERP",
      "m" : "4611686018456545963"
    }, {
      "d" : "1756463028179293158",
      "t" : 1756463028179,
      "tn" : 1756463028179293158,
      "q" : "4",
      "p" : "2.8808",
      "s" : "sell",
      "i" : "XRPUSD-PERP",
      "m" : "4611686018456545962"
    }, {
      "d" : "1756463028179063080",
      "t" : 1756463028179,
      "tn" : 1756463028179063080,
      "q" : "4",
      "p" : "2.8808",
      "s" : "sell",
      "i" : "XRPUSD-PERP",
      "m" : "4611686018456545961"
    }, {
      "d" : "1756463028179059244",
      "t" : 1756463028179,
      "tn" : 1756463028179059244,
      "q" : "4",
      "p" : "2.8808",
      "s" : "sell",
      "i" : "XRPUSD-PERP",
      "m" : "4611686018456545960"
    }, {
      "d" : "1756463028179028056",
      "t" : 1756463028179,
      "tn" : 1756463028179028056,
      "q" : "4",
      "p" : "2.8808",
      "s" : "sell",
      "i" : "XRPUSD-PERP",
      "m" : "4611686018456545959"
    }, {
      "d" : "1756463028178933836",
      "t" : 1756463028178,
      "tn" : 1756463028178933836,
      "q" : "4",
      "p" : "2.8808",
      "s" : "sell",
      "i" : "XRPUSD-PERP",
      "m" : "4611686018456545958"
    }, {
      "d" : "1756463028178919156",
      "t" : 1756463028178,
      "tn" : 1756463028178919156,
      "q" : "4",
      "p" : "2.8808",
      "s" : "sell",
      "i" : "XRPUSD-PERP",
      "m" : "4611686018456545957"
    }, {
      "d" : "1756463028178916811",
      "t" : 1756463028178,
      "tn" : 1756463028178916811,
      "q" : "4",
      "p" : "2.8808",
      "s" : "sell",
      "i" : "XRPUSD-PERP",
      "m" : "4611686018456545956"
    }, {
      "d" : "1756463026701386389",
      "t" : 1756463026701,
      "tn" : 1756463026701386389,
      "q" : "1",
      "p" : "2.8811",
      "s" : "sell",
      "i" : "XRPUSD-PERP",
      "m" : "4611686018456545955"
    }, {
      "d" : "1756463026701378370",
      "t" : 1756463026701,
      "tn" : 1756463026701378369,
      "q" : "346",
      "p" : "2.8811",
      "s" : "sell",
      "i" : "XRPUSD-PERP",
      "m" : "4611686018456545954"
    }, {
      "d" : "1756463026701378369",
      "t" : 1756463026701,
      "tn" : 1756463026701378369,
      "q" : "300",
      "p" : "2.8811",
      "s" : "sell",
      "i" : "XRPUSD-PERP",
      "m" : "4611686018456545954"
    }, {
      "d" : "1756463026700258347",
      "t" : 1756463026700,
      "tn" : 1756463026700258347,
      "q" : "1",
      "p" : "2.8812",
      "s" : "sell",
      "i" : "XRPUSD-PERP",
      "m" : "4611686018456545953"
    }, {
      "d" : "1756463026700214973",
      "t" : 1756463026700,
      "tn" : 1756463026700214973,
      "q" : "1",
      "p" : "2.8812",
      "s" : "sell",
      "i" : "XRPUSD-PERP",
      "m" : "4611686018456545952"
    }, {
      "d" : "1756463026700164053",
      "t" : 1756463026700,
      "tn" : 1756463026700164053,
      "q" : "1",
      "p" : "2.8812",
      "s" : "sell",
      "i" : "XRPUSD-PERP",
      "m" : "4611686018456545951"
    }, {
      "d" : "1756463025048851546",
      "t" : 1756463025048,
      "tn" : 1756463025048851546,
      "q" : "346",
      "p" : "2.8810",
      "s" : "sell",
      "i" : "XRPUSD-PERP",
      "m" : "4611686018456545950"
    }, {
      "d" : "1756463025048632939",
      "t" : 1756463025048,
      "tn" : 1756463025048632939,
      "q" : "1",
      "p" : "2.8810",
      "s" : "sell",
      "i" : "XRPUSD-PERP",
      "m" : "4611686018456545949"
    }, {
      "d" : "1756463025048620672",
      "t" : 1756463025048,
      "tn" : 1756463025048620672,
      "q" : "92",
      "p" : "2.8811",
      "s" : "sell",
      "i" : "XRPUSD-PERP",
      "m" : "4611686018456545948"
    }, {
      "d" : "1756463025048560167",
      "t" : 1756463025048,
      "tn" : 1756463025048560167,
      "q" : "149",
      "p" : "2.8811",
      "s" : "sell",
      "i" : "XRPUSD-PERP",
      "m" : "4611686018456545947"
    }, {
      "d" : "1756463025048332652",
      "t" : 1756463025048,
      "tn" : 1756463025048332652,
      "q" : "4",
      "p" : "2.8811",
      "s" : "sell",
      "i" : "XRPUSD-PERP",
      "m" : "4611686018456545946"
    }, {
      "d" : "1756463025048264290",
      "t" : 1756463025048,
      "tn" : 1756463025048264290,
      "q" : "4",
      "p" : "2.8811",
      "s" : "sell",
      "i" : "XRPUSD-PERP",
      "m" : "4611686018456545945"
    }, {
      "d" : "1756463025048262148",
      "t" : 1756463025048,
      "tn" : 1756463025048262148,
      "q" : "4",
      "p" : "2.8811",
      "s" : "sell",
      "i" : "XRPUSD-PERP",
      "m" : "4611686018456545944"
    }, {
      "d" : "1756463025048260363",
      "t" : 1756463025048,
      "tn" : 1756463025048260363,
      "q" : "4",
      "p" : "2.8811",
      "s" : "sell",
      "i" : "XRPUSD-PERP",
      "m" : "4611686018456545943"
    }, {
      "d" : "1756463025048258299",
      "t" : 1756463025048,
      "tn" : 1756463025048258299,
      "q" : "4",
      "p" : "2.8811",
      "s" : "sell",
      "i" : "XRPUSD-PERP",
      "m" : "4611686018456545942"
    }, {
      "d" : "1756463025048257813",
      "t" : 1756463025048,
      "tn" : 1756463025048257813,
      "q" : "4",
      "p" : "2.8811",
      "s" : "sell",
      "i" : "XRPUSD-PERP",
      "m" : "4611686018456545941"
    }, {
      "d" : "1756463025048199023",
      "t" : 1756463025048,
      "tn" : 1756463025048199023,
      "q" : "4",
      "p" : "2.8811",
      "s" : "sell",
      "i" : "XRPUSD-PERP",
      "m" : "4611686018456545940"
    }, {
      "d" : "1756463025048197390",
      "t" : 1756463025048,
      "tn" : 1756463025048197390,
      "q" : "4",
      "p" : "2.8811",
      "s" : "sell",
      "i" : "XRPUSD-PERP",
      "m" : "4611686018456545939"
    }, {
      "d" : "1756463025048190120",
      "t" : 1756463025048,
      "tn" : 1756463025048190120,
      "q" : "4",
      "p" : "2.8811",
      "s" : "sell",
      "i" : "XRPUSD-PERP",
      "m" : "4611686018456545938"
    }, {
      "d" : "1756463025048183392",
      "t" : 1756463025048,
      "tn" : 1756463025048183392,
      "q" : "4",
      "p" : "2.8811",
      "s" : "sell",
      "i" : "XRPUSD-PERP",
      "m" : "4611686018456545937"
    }, {
      "d" : "1756463025048181140",
      "t" : 1756463025048,
      "tn" : 1756463025048181140,
      "q" : "4",
      "p" : "2.8811",
      "s" : "sell",
      "i" : "XRPUSD-PERP",
      "m" : "4611686018456545936"
    }, {
      "d" : "1756463025048175617",
      "t" : 1756463025048,
      "tn" : 1756463025048175617,
      "q" : "4",
      "p" : "2.8811",
      "s" : "sell",
      "i" : "XRPUSD-PERP",
      "m" : "4611686018456545935"
    }, {
      "d" : "1756463025048171506",
      "t" : 1756463025048,
      "tn" : 1756463025048171506,
      "q" : "4",
      "p" : "2.8811",
      "s" : "sell",
      "i" : "XRPUSD-PERP",
      "m" : "4611686018456545934"
    }, {
      "d" : "1756463025048169375",
      "t" : 1756463025048,
      "tn" : 1756463025048169375,
      "q" : "4",
      "p" : "2.8811",
      "s" : "sell",
      "i" : "XRPUSD-PERP",
      "m" : "4611686018456545933"
    }, {
      "d" : "1756463025048166437",
      "t" : 1756463025048,
      "tn" : 1756463025048166436,
      "q" : "3",
      "p" : "2.8811",
      "s" : "sell",
      "i" : "XRPUSD-PERP",
      "m" : "4611686018456545932"
    }, {
      "d" : "1756463025048166436",
      "t" : 1756463025048,
      "tn" : 1756463025048166436,
      "q" : "1",
      "p" : "2.8811",
      "s" : "sell",
      "i" : "XRPUSD-PERP",
      "m" : "4611686018456545932"
    }, {
      "d" : "1756463023732010432",
      "t" : 1756463023732,
      "tn" : 1756463023732010432,
      "q" : "1000",
      "p" : "2.8812",
      "s" : "sell",
      "i" : "XRPUSD-PERP",
      "m" : "4611686018456545931"
    }, {
      "d" : "1756463023732008225",
      "t" : 1756463023732,
      "tn" : 1756463023732008225,
      "q" : "1",
      "p" : "2.8813",
      "s" : "sell",
      "i" : "XRPUSD-PERP",
      "m" : "4611686018456545930"
    }, {
      "d" : "1756463023105754897",
      "t" : 1756463023105,
      "tn" : 1756463023105754896,
      "q" : "700",
      "p" : "2.8813",
      "s" : "sell",
      "i" : "XRPUSD-PERP",
      "m" : "4611686018456545929"
    }, {
      "d" : "1756463023105754896",
      "t" : 1756463023105,
      "tn" : 1756463023105754896,
      "q" : "300",
      "p" : "2.8813",
      "s" : "sell",
      "i" : "XRPUSD-PERP",
      "m" : "4611686018456545929"
    }, {
      "d" : "1756463023104204805",
      "t" : 1756463023104,
      "tn" : 1756463023104204805,
      "q" : "300",
      "p" : "2.8814",
      "s" : "sell",
      "i" : "XRPUSD-PERP",
      "m" : "4611686018456545928"
    }, {
      "d" : "1756463023104062829",
      "t" : 1756463023104,
      "tn" : 1756463023104062828,
      "q" : "300",
      "p" : "2.8815",
      "s" : "sell",
      "i" : "XRPUSD-PERP",
      "m" : "4611686018456545927"
    }, {
      "d" : "1756463023104062828",
      "t" : 1756463023104,
      "tn" : 1756463023104062828,
      "q" : "182",
      "p" : "2.8815",
      "s" : "sell",
      "i" : "XRPUSD-PERP",
      "m" : "4611686018456545927"
    }, {
      "d" : "1756463023104051243",
      "t" : 1756463023104,
      "tn" : 1756463023104051243,
      "q" : "314",
      "p" : "2.8815",
      "s" : "sell",
      "i" : "XRPUSD-PERP",
      "m" : "4611686018456545926"
    }, {
      "d" : "1756463023104029520",
      "t" : 1756463023104,
      "tn" : 1756463023104029519,
      "q" : "504",
      "p" : "2.8815",
      "s" : "sell",
      "i" : "XRPUSD-PERP",
      "m" : "4611686018456545925"
    }, {
      "d" : "1756463023104029519",
      "t" : 1756463023104,
      "tn" : 1756463023104029519,
      "q" : "327",
      "p" : "2.8815",
      "s" : "sell",
      "i" : "XRPUSD-PERP",
      "m" : "4611686018456545925"
    }, {
      "d" : "1756463023103851284",
      "t" : 1756463023103,
      "tn" : 1756463023103851284,
      "q" : "1",
      "p" : "2.8815",
      "s" : "sell",
      "i" : "XRPUSD-PERP",
      "m" : "4611686018456545924"
    }, {
      "d" : "1756463023103788657",
      "t" : 1756463023103,
      "tn" : 1756463023103788655,
      "q" : "172",
      "p" : "2.8815",
      "s" : "sell",
      "i" : "XRPUSD-PERP",
      "m" : "4611686018456545923"
    }, {
      "d" : "1756463023103788656",
      "t" : 1756463023103,
      "tn" : 1756463023103788655,
      "q" : "450",
      "p" : "2.8815",
      "s" : "sell",
      "i" : "XRPUSD-PERP",
      "m" : "4611686018456545923"
    }, {
      "d" : "1756463023103788655",
      "t" : 1756463023103,
      "tn" : 1756463023103788655,
      "q" : "346",
      "p" : "2.8815",
      "s" : "sell",
      "i" : "XRPUSD-PERP",
      "m" : "4611686018456545923"
    }, {
      "d" : "1756463023103748528",
      "t" : 1756463023103,
      "tn" : 1756463023103748528,
      "q" : "1",
      "p" : "2.8815",
      "s" : "sell",
      "i" : "XRPUSD-PERP",
      "m" : "4611686018456545922"
    }, {
      "d" : "1756463022895995398",
      "t" : 1756463022895,
      "tn" : 1756463022895995398,
      "q" : "3",
      "p" : "2.8814",
      "s" : "buy",
      "i" : "XRPUSD-PERP",
      "m" : "4611686018456545921"
    }, {
      "d" : "1756463022480826403",
      "t" : 1756463022480,
      "tn" : 1756463022480826403,
      "q" : "1",
      "p" : "2.8814",
      "s" : "buy",
      "i" : "XRPUSD-PERP",
      "m" : "4611686018456545920"
    }, {
      "d" : "1756463022480722835",
      "t" : 1756463022480,
      "tn" : 1756463022480722835,
      "q" : "224",
      "p" : "2.8814",
      "s" : "buy",
      "i" : "XRPUSD-PERP",
      "m" : "4611686018456545919"
    }, {
      "d" : "1756463022480719966",
      "t" : 1756463022480,
      "tn" : 1756463022480719966,
      "q" : "2",
      "p" : "2.8813",
      "s" : "buy",
      "i" : "XRPUSD-PERP",
      "m" : "4611686018456545918"
    }, {
      "d" : "1756463019873233326",
      "t" : 1756463019873,
      "tn" : 1756463019873233326,
      "q" : "2",
      "p" : "2.8810",
      "s" : "buy",
      "i" : "XRPUSD-PERP",
      "m" : "4611686018456545917"
    }, {
      "d" : "1756463016761332334",
      "t" : 1756463016761,
      "tn" : 1756463016761332334,
      "q" : "37",
      "p" : "2.8809",
      "s" : "buy",
      "i" : "XRPUSD-PERP",
      "m" : "4611686018456545916"
    }, {
      "d" : "1756463010677016768",
      "t" : 1756463010677,
      "tn" : 1756463010677016768,
      "q" : "500",
      "p" : "2.8806",
      "s" : "buy",
      "i" : "XRPUSD-PERP",
      "m" : "4611686018456545915"
    }, {
      "d" : "1756463010674714142",
      "t" : 1756463010674,
      "tn" : 1756463010674714141,
      "q" : "300",
      "p" : "2.8805",
      "s" : "buy",
      "i" : "XRPUSD-PERP",
      "m" : "4611686018456545914"
    }, {
      "d" : "1756463010674714141",
      "t" : 1756463010674,
      "tn" : 1756463010674714141,
      "q" : "450",
      "p" : "2.8805",
      "s" : "buy",
      "i" : "XRPUSD-PERP",
      "m" : "4611686018456545914"
    }, {
      "d" : "1756463007591402967",
      "t" : 1756463007591,
      "tn" : 1756463007591402967,
      "q" : "1",
      "p" : "2.8801",
      "s" : "buy",
      "i" : "XRPUSD-PERP",
      "m" : "4611686018456545913"
    }, {
      "d" : "1756462998280203322",
      "t" : 1756462998280,
      "tn" : 1756462998280203322,
      "q" : "4",
      "p" : "2.8800",
      "s" : "buy",
      "i" : "XRPUSD-PERP",
      "m" : "4611686018456545912"
    }, {
      "d" : "1756462998280142675",
      "t" : 1756462998280,
      "tn" : 1756462998280142675,
      "q" : "4",
      "p" : "2.8800",
      "s" : "buy",
      "i" : "XRPUSD-PERP",
      "m" : "4611686018456545911"
    }, {
      "d" : "1756462998280140503",
      "t" : 1756462998280,
      "tn" : 1756462998280140503,
      "q" : "4",
      "p" : "2.8800",
      "s" : "buy",
      "i" : "XRPUSD-PERP",
      "m" : "4611686018456545910"
    }, {
      "d" : "1756462998280138359",
      "t" : 1756462998280,
      "tn" : 1756462998280138359,
      "q" : "4",
      "p" : "2.8800",
      "s" : "buy",
      "i" : "XRPUSD-PERP",
      "m" : "4611686018456545909"
    }, {
      "d" : "1756462998280136469",
      "t" : 1756462998280,
      "tn" : 1756462998280136469,
      "q" : "4",
      "p" : "2.8800",
      "s" : "buy",
      "i" : "XRPUSD-PERP",
      "m" : "4611686018456545908"
    }, {
      "d" : "1756462998280134189",
      "t" : 1756462998280,
      "tn" : 1756462998280134189,
      "q" : "4",
      "p" : "2.8800",
      "s" : "buy",
      "i" : "XRPUSD-PERP",
      "m" : "4611686018456545907"
    }, {
      "d" : "1756462998280133822",
      "t" : 1756462998280,
      "tn" : 1756462998280133822,
      "q" : "4",
      "p" : "2.8800",
      "s" : "buy",
      "i" : "XRPUSD-PERP",
      "m" : "4611686018456545906"
    }, {
      "d" : "1756462998280133181",
      "t" : 1756462998280,
      "tn" : 1756462998280133181,
      "q" : "4",
      "p" : "2.8800",
      "s" : "buy",
      "i" : "XRPUSD-PERP",
      "m" : "4611686018456545905"
    }, {
      "d" : "1756462998280132586",
      "t" : 1756462998280,
      "tn" : 1756462998280132586,
      "q" : "4",
      "p" : "2.8800",
      "s" : "buy",
      "i" : "XRPUSD-PERP",
      "m" : "4611686018456545904"
    }, {
      "d" : "1756462998280054831",
      "t" : 1756462998280,
      "tn" : 1756462998280054831,
      "q" : "4",
      "p" : "2.8800",
      "s" : "buy",
      "i" : "XRPUSD-PERP",
      "m" : "4611686018456545903"
    }, {
      "d" : "1756462998280053315",
      "t" : 1756462998280,
      "tn" : 1756462998280053315,
      "q" : "4",
      "p" : "2.8800",
      "s" : "buy",
      "i" : "XRPUSD-PERP",
      "m" : "4611686018456545902"
    }, {
      "d" : "1756462998280051020",
      "t" : 1756462998280,
      "tn" : 1756462998280051020,
      "q" : "4",
      "p" : "2.8800",
      "s" : "buy",
      "i" : "XRPUSD-PERP",
      "m" : "4611686018456545901"
    }, {
      "d" : "1756462998280015220",
      "t" : 1756462998280,
      "tn" : 1756462998280015220,
      "q" : "4",
      "p" : "2.8800",
      "s" : "buy",
      "i" : "XRPUSD-PERP",
      "m" : "4611686018456545900"
    }, {
      "d" : "1756462998280012772",
      "t" : 1756462998280,
      "tn" : 1756462998280012772,
      "q" : "4",
      "p" : "2.8800",
      "s" : "buy",
      "i" : "XRPUSD-PERP",
      "m" : "4611686018456545899"
    }, {
      "d" : "1756462998280009736",
      "t" : 1756462998280,
      "tn" : 1756462998280009736,
      "q" : "4",
      "p" : "2.8800",
      "s" : "buy",
      "i" : "XRPUSD-PERP",
      "m" : "4611686018456545898"
    }, {
      "d" : "1756462995034938901",
      "t" : 1756462995034,
      "tn" : 1756462995034938901,
      "q" : "4",
      "p" : "2.8798",
      "s" : "buy",
      "i" : "XRPUSD-PERP",
      "m" : "4611686018456545897"
    }, {
      "d" : "1756462995034935526",
      "t" : 1756462995034,
      "tn" : 1756462995034935526,
      "q" : "4",
      "p" : "2.8798",
      "s" : "buy",
      "i" : "XRPUSD-PERP",
      "m" : "4611686018456545896"
    }, {
      "d" : "1756462995034858473",
      "t" : 1756462995034,
      "tn" : 1756462995034858473,
      "q" : "4",
      "p" : "2.8798",
      "s" : "buy",
      "i" : "XRPUSD-PERP",
      "m" : "4611686018456545895"
    }, {
      "d" : "1756462995034855750",
      "t" : 1756462995034,
      "tn" : 1756462995034855750,
      "q" : "4",
      "p" : "2.8798",
      "s" : "buy",
      "i" : "XRPUSD-PERP",
      "m" : "4611686018456545894"
    }, {
      "d" : "1756462995034854622",
      "t" : 1756462995034,
      "tn" : 1756462995034854622,
      "q" : "4",
      "p" : "2.8798",
      "s" : "buy",
      "i" : "XRPUSD-PERP",
      "m" : "4611686018456545893"
    }, {
      "d" : "1756462995034854101",
      "t" : 1756462995034,
      "tn" : 1756462995034854101,
      "q" : "4",
      "p" : "2.8798",
      "s" : "buy",
      "i" : "XRPUSD-PERP",
      "m" : "4611686018456545892"
    }, {
      "d" : "1756462995034811536",
      "t" : 1756462995034,
      "tn" : 1756462995034811536,
      "q" : "4",
      "p" : "2.8798",
      "s" : "buy",
      "i" : "XRPUSD-PERP",
      "m" : "4611686018456545891"
    }, {
      "d" : "1756462995034809261",
      "t" : 1756462995034,
      "tn" : 1756462995034809261,
      "q" : "4",
      "p" : "2.8798",
      "s" : "buy",
      "i" : "XRPUSD-PERP",
      "m" : "4611686018456545890"
    }, {
      "d" : "1756462995034807338",
      "t" : 1756462995034,
      "tn" : 1756462995034807338,
      "q" : "4",
      "p" : "2.8798",
      "s" : "buy",
      "i" : "XRPUSD-PERP",
      "m" : "4611686018456545889"
    }, {
      "d" : "1756462995034805231",
      "t" : 1756462995034,
      "tn" : 1756462995034805231,
      "q" : "4",
      "p" : "2.8798",
      "s" : "buy",
      "i" : "XRPUSD-PERP",
      "m" : "4611686018456545888"
    }, {
      "d" : "1756462995034802924",
      "t" : 1756462995034,
      "tn" : 1756462995034802924,
      "q" : "4",
      "p" : "2.8798",
      "s" : "buy",
      "i" : "XRPUSD-PERP",
      "m" : "4611686018456545887"
    }, {
      "d" : "1756462995034801541",
      "t" : 1756462995034,
      "tn" : 1756462995034801541,
      "q" : "4",
      "p" : "2.8798",
      "s" : "buy",
      "i" : "XRPUSD-PERP",
      "m" : "4611686018456545886"
    }, {
      "d" : "1756462995034799598",
      "t" : 1756462995034,
      "tn" : 1756462995034799598,
      "q" : "4",
      "p" : "2.8798",
      "s" : "buy",
      "i" : "XRPUSD-PERP",
      "m" : "4611686018456545885"
    }, {
      "d" : "1756462995034730279",
      "t" : 1756462995034,
      "tn" : 1756462995034730279,
      "q" : "4",
      "p" : "2.8798",
      "s" : "buy",
      "i" : "XRPUSD-PERP",
      "m" : "4611686018456545884"
    }, {
      "d" : "1756462995034707479",
      "t" : 1756462995034,
      "tn" : 1756462995034707479,
      "q" : "4",
      "p" : "2.8798",
      "s" : "buy",
      "i" : "XRPUSD-PERP",
      "m" : "4611686018456545883"
    }, {
      "d" : "1756462994911413988",
      "t" : 1756462994911,
      "tn" : 1756462994911413988,
      "q" : "1",
      "p" : "2.8796",
      "s" : "buy",
      "i" : "XRPUSD-PERP",
      "m" : "4611686018456545882"
    }, {
      "d" : "1756462994911410203",
      "t" : 1756462994911,
      "tn" : 1756462994911410203,
      "q" : "1",
      "p" : "2.8796",
      "s" : "buy",
      "i" : "XRPUSD-PERP",
      "m" : "4611686018456545881"
    }, {
      "d" : "1756462994911407281",
      "t" : 1756462994911,
      "tn" : 1756462994911407281,
      "q" : "210",
      "p" : "2.8796",
      "s" : "buy",
      "i" : "XRPUSD-PERP",
      "m" : "4611686018456545880"
    }, {
      "d" : "1756462994910521368",
      "t" : 1756462994910,
      "tn" : 1756462994910521368,
      "q" : "1",
      "p" : "2.8796",
      "s" : "buy",
      "i" : "XRPUSD-PERP",
      "m" : "4611686018456545879"
    }, {
      "d" : "1756462994910503430",
      "t" : 1756462994910,
      "tn" : 1756462994910503430,
      "q" : "40",
      "p" : "2.8796",
      "s" : "buy",
      "i" : "XRPUSD-PERP",
      "m" : "4611686018456545878"
    }, {
      "d" : "1756462994909569031",
      "t" : 1756462994909,
      "tn" : 1756462994909569030,
      "q" : "48",
      "p" : "2.8796",
      "s" : "buy",
      "i" : "XRPUSD-PERP",
      "m" : "4611686018456545877"
    }, {
      "d" : "1756462994909569030",
      "t" : 1756462994909,
      "tn" : 1756462994909569030,
      "q" : "906",
      "p" : "2.8796",
      "s" : "buy",
      "i" : "XRPUSD-PERP",
      "m" : "4611686018456545877"
    }, {
      "d" : "1756462994909399018",
      "t" : 1756462994909,
      "tn" : 1756462994909399018,
      "q" : "1",
      "p" : "2.8796",
      "s" : "buy",
      "i" : "XRPUSD-PERP",
      "m" : "4611686018456545876"
    }, {
      "d" : "1756462994909396116",
      "t" : 1756462994909,
      "tn" : 1756462994909396115,
      "q" : "93",
      "p" : "2.8796",
      "s" : "buy",
      "i" : "XRPUSD-PERP",
      "m" : "4611686018456545875"
    }, {
      "d" : "1756462994909396115",
      "t" : 1756462994909,
      "tn" : 1756462994909396115,
      "q" : "450",
      "p" : "2.8796",
      "s" : "buy",
      "i" : "XRPUSD-PERP",
      "m" : "4611686018456545875"
    }, {
      "d" : "1756462990839409439",
      "t" : 1756462990839,
      "tn" : 1756462990839409439,
      "q" : "1",
      "p" : "2.8796",
      "s" : "sell",
      "i" : "XRPUSD-PERP",
      "m" : "4611686018456545874"
    }, {
      "d" : "1756462990839314868",
      "t" : 1756462990839,
      "tn" : 1756462990839314866,
      "q" : "299",
      "p" : "2.8796",
      "s" : "sell",
      "i" : "XRPUSD-PERP",
      "m" : "4611686018456545873"
    }, {
      "d" : "1756462990839314867",
      "t" : 1756462990839,
      "tn" : 1756462990839314866,
      "q" : "450",
      "p" : "2.8796",
      "s" : "sell",
      "i" : "XRPUSD-PERP",
      "m" : "4611686018456545873"
    }, {
      "d" : "1756462990839314866",
      "t" : 1756462990839,
      "tn" : 1756462990839314866,
      "q" : "3",
      "p" : "2.8796",
      "s" : "sell",
      "i" : "XRPUSD-PERP",
      "m" : "4611686018456545873"
    }, {
      "d" : "1756462987725438420",
      "t" : 1756462987725,
      "tn" : 1756462987725438420,
      "q" : "1",
      "p" : "2.8796",
      "s" : "buy",
      "i" : "XRPUSD-PERP",
      "m" : "4611686018456545872"
    }, {
      "d" : "1756462987725252842",
      "t" : 1756462987725,
      "tn" : 1756462987725252842,
      "q" : "129",
      "p" : "2.8796",
      "s" : "buy",
      "i" : "XRPUSD-PERP",
      "m" : "4611686018456545871"
    }, {
      "d" : "1756462987724767928",
      "t" : 1756462987724,
      "tn" : 1756462987724767927,
      "q" : "47",
      "p" : "2.8796",
      "s" : "buy",
      "i" : "XRPUSD-PERP",
      "m" : "4611686018456545870"
    }, {
      "d" : "1756462987724767927",
      "t" : 1756462987724,
      "tn" : 1756462987724767927,
      "q" : "79",
      "p" : "2.8796",
      "s" : "buy",
      "i" : "XRPUSD-PERP",
      "m" : "4611686018456545870"
    }, {
      "d" : "1756462987724626737",
      "t" : 1756462987724,
      "tn" : 1756462987724626737,
      "q" : "1",
      "p" : "2.8796",
      "s" : "buy",
      "i" : "XRPUSD-PERP",
      "m" : "4611686018456545869"
    }, {
      "d" : "1756462987724612011",
      "t" : 1756462987724,
      "tn" : 1756462987724612011,
      "q" : "133",
      "p" : "2.8796",
      "s" : "buy",
      "i" : "XRPUSD-PERP",
      "m" : "4611686018456545868"
    } ]
  }
}