{
  "id" : -1,
  "method" : "public/get-trades",
  "code" : 0,
  "result" : {
    "data" : [ {
      "d" : "1756462325375301326",
      "t" : 1756462325375,
      "tn" : 1756462325375301326,
      "q" : "1532.0",
      "p" : "0.7336",
      "s" : "sell",
      "i" : "XTZ_USD",
      "m" : "4611686018430668887"
    }, {
      "d" : "1756462322174582417",
      "t" : 1756462322174,
      "tn" : 1756462322174582417,
      "q" : "52.8",
      "p" : "0.7337",
      "s" : "buy",
      "i" : "XTZ_USD",
      "m" : "4611686018430668886"
    }, {
      "d" : "1756462322173880692",
      "t" : 1756462322173,
      "tn" : 1756462322173880692,
      "q" : "1986.5",
      "p" : "0.7337",
      "s" : "buy",
      "i" : "XTZ_USD",
      "m" : "4611686018430668885"
    }, {
      "d" : "1756462322172523948",
      "t" : 1756462322172,
      "tn" : 1756462322172523948,
      "q" : "340.7",
      "p" : "0.7337",
      "s" : "sell",
      "i" : "XTZ_USD",
      "m" : "4611686018430668884"
    }, {
      "d" : "1756462321912210140",
      "t" : 1756462321912,
      "tn" : 1756462321912210140,
      "q" : "1985.3",
      "p" : "0.7338",
      "s" : "buy",
      "i" : "XTZ_USD",
      "m" : "4611686018430668883"
    }, {
      "d" : "1756462321908484777",
      "t" : 1756462321908,
      "tn" : 1756462321908484776,
      "q" : "335.2",
      "p" : "0.7338",
      "s" : "sell",
      "i" : "XTZ_USD",
      "m" : "4611686018430668882"
    }, {
      "d" : "1756462321908484776",
      "t" : 1756462321908,
      "tn" : 1756462321908484776,
      "q" : "59.5",
      "p" : "0.7338",
      "s" : "sell",
      "i" : "XTZ_USD",
      "m" : "4611686018430668882"
    }, {
      "d" : "1756462090490783567",
      "t" : 1756462090490,
      "tn" : 1756462090490783567,
      "q" : "57.5",
      "p" : "0.7351",
      "s" : "buy",
      "i" : "XTZ_USD",
      "m" : "4611686018430668881"
    }, {
      "d" : "1756461814332814774",
      "t" : 1756461814332,
      "tn" : 1756461814332814774,
      "q" : "3.2",
      "p" : "0.7349",
      "s" : "buy",
      "i" : "XTZ_USD",
      "m" : "4611686018430668880"
    }, {
      "d" : "1756461490637779026",
      "t" : 1756461490637,
      "tn" : 1756461490637779026,
      "q" : "10.0",
      "p" : "0.7343",
      "s" : "sell",
      "i" : "XTZ_USD",
      "m" : "4611686018430668879"
    }, {
      "d" : "1756461064150965412",
      "t" : 1756461064150,
      "tn" : 1756461064150965412,
      "q" : "2.3",
      "p" : "0.7361",
      "s" : "buy",
      "i" : "XTZ_USD",
      "m" : "4611686018430668878"
    }, {
      "d" : "1756459602317753176",
      "t" : 1756459602317,
      "tn" : 1756459602317753176,
      "q" : "310.0",
      "p" : "0.7392",
      "s" : "buy",
      "i" : "XTZ_USD",
      "m" : "4611686018430668877"
    }, {
      "d" : "1756459548123637805",
      "t" : 1756459548123,
      "tn" : 1756459548123637804,
      "q" : "60.7",
      "p" : "0.7386",
      "s" : "buy",
      "i" : "XTZ_USD",
      "m" : "4611686018430668876"
    }, {
      "d" : "1756459548123637804",
      "t" : 1756459548123,
      "tn" : 1756459548123637804,
      "q" : "297.5",
      "p" : "0.7386",
      "s" : "buy",
      "i" : "XTZ_USD",
      "m" : "4611686018430668876"
    }, {
      "d" : "1756459470986048518",
      "t" : 1756459470986,
      "tn" : 1756459470986048518,
      "q" : "1.6",
      "p" : "0.7388",
      "s" : "buy",
      "i" : "XTZ_USD",
      "m" : "4611686018430668875"
    }, {
      "d" : "1756458176993836503",
      "t" : 1756458176993,
      "tn" : 1756458176993836503,
      "q" : "2043.8",
      "p" : "0.7342",
      "s" : "sell",
      "i" : "XTZ_USD",
      "m" : "4611686018430668874"
    }, {
      "d" : "1756458157793615076",
      "t" : 1756458157793,
      "tn" : 1756458157793615076,
      "q" : "528.1",
      "p" : "0.7349",
      "s" : "sell",
      "i" : "XTZ_USD",
      "m" : "4611686018430668873"
    }, {
      "d" : "1756457758085854203",
      "t" : 1756457758085,
      "tn" : 1756457758085854203,
      "q" : "1.7",
      "p" : "0.7403",
      "s" : "buy",
      "i" : "XTZ_USD",
      "m" : "4611686018430668872"
    }, {
      "d" : "1756457637430029963",
      "t" : 1756457637430,
      "tn" : 1756457637430029963,
      "q" : "4.0",
      "p" : "0.7409",
      "s" : "buy",
      "i" : "XTZ_USD",
      "m" : "4611686018430668871"
    }, {
      "d" : "1756457160111650462",
      "t" : 1756457160111,
      "tn" : 1756457160111650462,
      "q" : "200.0",
      "p" : "0.7425",
      "s" : "sell",
      "i" : "XTZ_USD",
      "m" : "4611686018430668870"
    }, {
      "d" : "1756456396962696456",
      "t" : 1756456396962,
      "tn" : 1756456396962696455,
      "q" : "74.5",
      "p" : "0.7444",
      "s" : "sell",
      "i" : "XTZ_USD",
      "m" : "4611686018430668869"
    }, {
      "d" : "1756456396962696455",
      "t" : 1756456396962,
      "tn" : 1756456396962696455,
      "q" : "293.0",
      "p" : "0.7444",
      "s" : "sell",
      "i" : "XTZ_USD",
      "m" : "4611686018430668869"
    }, {
      "d" : "1756456267545919969",
      "t" : 1756456267545,
      "tn" : 1756456267545919969,
      "q" : "340.6",
      "p" : "0.7436",
      "s" : "sell",
      "i" : "XTZ_USD",
      "m" : "4611686018430668868"
    }, {
      "d" : "1756455232002243514",
      "t" : 1756455232002,
      "tn" : 1756455232002243514,
      "q" : "1.6",
      "p" : "0.7453",
      "s" : "buy",
      "i" : "XTZ_USD",
      "m" : "4611686018430668867"
    }, {
      "d" : "1756455188299097355",
      "t" : 1756455188299,
      "tn" : 1756455188299097354,
      "q" : "95.2",
      "p" : "0.7447",
      "s" : "buy",
      "i" : "XTZ_USD",
      "m" : "4611686018430668866"
    }, {
      "d" : "1756455188299097354",
      "t" : 1756455188299,
      "tn" : 1756455188299097354,
      "q" : "283.7",
      "p" : "0.7447",
      "s" : "buy",
      "i" : "XTZ_USD",
      "m" : "4611686018430668866"
    }, {
      "d" : "1756455177556147887",
      "t" : 1756455177556,
      "tn" : 1756455177556147887,
      "q" : "40.0",
      "p" : "0.7441",
      "s" : "sell",
      "i" : "XTZ_USD",
      "m" : "4611686018430668865"
    }, {
      "d" : "1756454715061838568",
      "t" : 1756454715061,
      "tn" : 1756454715061838568,
      "q" : "1.6",
      "p" : "0.7453",
      "s" : "sell",
      "i" : "XTZ_USD",
      "m" : "4611686018430668864"
    }, {
      "d" : "1756453116127349112",
      "t" : 1756453116127,
      "tn" : 1756453116127349111,
      "q" : "294.3",
      "p" : "0.7497",
      "s" : "buy",
      "i" : "XTZ_USD",
      "m" : "4611686018430668863"
    }, {
      "d" : "1756453116127349111",
      "t" : 1756453116127,
      "tn" : 1756453116127349111,
      "q" : "95.9",
      "p" : "0.7497",
      "s" : "buy",
      "i" : "XTZ_USD",
      "m" : "4611686018430668863"
    }, {
      "d" : "1756453061611261718",
      "t" : 1756453061611,
      "tn" : 1756453061611261718,
      "q" : "2029.1",
      "p" : "0.7481",
      "s" : "buy",
      "i" : "XTZ_USD",
      "m" : "4611686018430668862"
    }, {
      "d" : "1756452909744736849",
      "t" : 1756452909744,
      "tn" : 1756452909744736849,
      "q" : "13.4",
      "p" : "0.7483",
      "s" : "sell",
      "i" : "XTZ_USD",
      "m" : "4611686018430668861"
    }, {
      "d" : "1756452909731690180",
      "t" : 1756452909731,
      "tn" : 1756452909731690180,
      "q" : "13.4",
      "p" : "0.7483",
      "s" : "sell",
      "i" : "XTZ_USD",
      "m" : "4611686018430668860"
    }, {
      "d" : "1756452684188255581",
      "t" : 1756452684188,
      "tn" : 1756452684188255580,
      "q" : "286.6",
      "p" : "0.7458",
      "s" : "buy",
      "i" : "XTZ_USD",
      "m" : "4611686018430668859"
    }, {
      "d" : "1756452684188255580",
      "t" : 1756452684188,
      "tn" : 1756452684188255580,
      "q" : "62.0",
      "p" : "0.7458",
      "s" : "buy",
      "i" : "XTZ_USD",
      "m" : "4611686018430668859"
    }, {
      "d" : "1756452513018775088",
      "t" : 1756452513018,
      "tn" : 1756452513018775088,
      "q" : "10.0",
      "p" : "0.7459",
      "s" : "buy",
      "i" : "XTZ_USD",
      "m" : "4611686018430668858"
    }, {
      "d" : "1756452129710139755",
      "t" : 1756452129710,
      "tn" : 1756452129710139754,
      "q" : "122.7",
      "p" : "0.7458",
      "s" : "sell",
      "i" : "XTZ_USD",
      "m" : "4611686018430668857"
    }, {
      "d" : "1756452129710139754",
      "t" : 1756452129710,
      "tn" : 1756452129710139754,
      "q" : "68.7",
      "p" : "0.7458",
      "s" : "sell",
      "i" : "XTZ_USD",
      "m" : "4611686018430668857"
    }, {
      "d" : "1756451976695164853",
      "t" : 1756451976695,
      "tn" : 1756451976695164853,
      "q" : "93.8",
      "p" : "0.7467",
      "s" : "buy",
      "i" : "XTZ_USD",
      "m" : "4611686018430668856"
    }, {
      "d" : "1756451553583117243",
      "t" : 1756451553583,
      "tn" : 1756451553583117243,
      "q" : "338.7",
      "p" : "0.7494",
      "s" : "sell",
      "i" : "XTZ_USD",
      "m" : "4611686018430668855"
    }, {
      "d" : "1756451407883383689",
      "t" : 1756451407883,
      "tn" : 1756451407883383689,
      "q" : "249.8",
      "p" : "0.7506",
      "s" : "buy",
      "i" : "XTZ_USD",
      "m" : "4611686018430668854"
    }, {
      "d" : "1756451248117324579",
      "t" : 1756451248117,
      "tn" : 1756451248117324579,
      "q" : "13.3",
      "p" : "0.7505",
      "s" : "sell",
      "i" : "XTZ_USD",
      "m" : "4611686018430668853"
    }, {
      "d" : "1756451220809942369",
      "t" : 1756451220809,
      "tn" : 1756451220809942369,
      "q" : "13.3",
      "p" : "0.7515",
      "s" : "sell",
      "i" : "XTZ_USD",
      "m" : "4611686018430668852"
    }, {
      "d" : "1756451208875893712",
      "t" : 1756451208875,
      "tn" : 1756451208875893712,
      "q" : "13.3",
      "p" : "0.7515",
      "s" : "sell",
      "i" : "XTZ_USD",
      "m" : "4611686018430668851"
    }, {
      "d" : "1756451208767106996",
      "t" : 1756451208767,
      "tn" : 1756451208767106996,
      "q" : "13.3",
      "p" : "0.7515",
      "s" : "sell",
      "i" : "XTZ_USD",
      "m" : "4611686018430668850"
    }, {
      "d" : "1756451208581340777",
      "t" : 1756451208581,
      "tn" : 1756451208581340777,
      "q" : "13.3",
      "p" : "0.7515",
      "s" : "sell",
      "i" : "XTZ_USD",
      "m" : "4611686018430668849"
    }, {
      "d" : "1756451196245801082",
      "t" : 1756451196245,
      "tn" : 1756451196245801082,
      "q" : "13.3",
      "p" : "0.7525",
      "s" : "sell",
      "i" : "XTZ_USD",
      "m" : "4611686018430668848"
    }, {
      "d" : "1756451196242747020",
      "t" : 1756451196242,
      "tn" : 1756451196242747020,
      "q" : "13.3",
      "p" : "0.7525",
      "s" : "sell",
      "i" : "XTZ_USD",
      "m" : "4611686018430668847"
    }, {
      "d" : "1756451195884192060",
      "t" : 1756451195884,
      "tn" : 1756451195884192060,
      "q" : "13.3",
      "p" : "0.7525",
      "s" : "sell",
      "i" : "XTZ_USD",
      "m" : "4611686018430668846"
    }, {
      "d" : "1756451195783050896",
      "t" : 1756451195783,
      "tn" : 1756451195783050896,
      "q" : "13.3",
      "p" : "0.7525",
      "s" : "sell",
      "i" : "XTZ_USD",
      "m" : "4611686018430668845"
    }, {
      "d" : "1756451195644806347",
      "t" : 1756451195644,
      "tn" : 1756451195644806347,
      "q" : "13.3",
      "p" : "0.7525",
      "s" : "sell",
      "i" : "XTZ_USD",
      "m" : "4611686018430668844"
    }, {
      "d" : "1756451162887666752",
      "t" : 1756451162887,
      "tn" : 1756451162887666752,
      "q" : "13.3",
      "p" : "0.7525",
      "s" : "sell",
      "i" : "XTZ_USD",
      "m" : "4611686018430668843"
    }, {
      "d" : "1756451162872762801",
      "t" : 1756451162872,
      "tn" : 1756451162872762801,
      "q" : "13.3",
      "p" : "0.7525",
      "s" : "sell",
      "i" : "XTZ_USD",
      "m" : "4611686018430668842"
    }, {
      "d" : "1756451137810335120",
      "t" : 1756451137810,
      "tn" : 1756451137810335120,
      "q" : "13.3",
      "p" : "0.7535",
      "s" : "sell",
      "i" : "XTZ_USD",
      "m" : "4611686018430668841"
    }, {
      "d" : "1756451137779160052",
      "t" : 1756451137779,
      "tn" : 1756451137779160052,
      "q" : "13.3",
      "p" : "0.7535",
      "s" : "sell",
      "i" : "XTZ_USD",
      "m" : "4611686018430668840"
    }, {
      "d" : "1756451018630678687",
      "t" : 1756451018630,
      "tn" : 1756451018630678687,
      "q" : "236.6",
      "p" : "0.7516",
      "s" : "buy",
      "i" : "XTZ_USD",
      "m" : "4611686018430668839"
    }, {
      "d" : "1756450899548395638",
      "t" : 1756450899548,
      "tn" : 1756450899548395638,
      "q" : "13.2",
      "p" : "0.7545",
      "s" : "sell",
      "i" : "XTZ_USD",
      "m" : "4611686018430668838"
    }, {
      "d" : "1756450899413020292",
      "t" : 1756450899413,
      "tn" : 1756450899413020292,
      "q" : "13.2",
      "p" : "0.7545",
      "s" : "sell",
      "i" : "XTZ_USD",
      "m" : "4611686018430668837"
    }, {
      "d" : "1756450899231135477",
      "t" : 1756450899231,
      "tn" : 1756450899231135477,
      "q" : "13.2",
      "p" : "0.7545",
      "s" : "sell",
      "i" : "XTZ_USD",
      "m" : "4611686018430668836"
    }, {
      "d" : "1756450899016631510",
      "t" : 1756450899016,
      "tn" : 1756450899016631510,
      "q" : "13.2",
      "p" : "0.7545",
      "s" : "sell",
      "i" : "XTZ_USD",
      "m" : "4611686018430668835"
    }, {
      "d" : "1756450898830565203",
      "t" : 1756450898830,
      "tn" : 1756450898830565203,
      "q" : "13.2",
      "p" : "0.7545",
      "s" : "sell",
      "i" : "XTZ_USD",
      "m" : "4611686018430668834"
    }, {
      "d" : "1756450898700045082",
      "t" : 1756450898700,
      "tn" : 1756450898700045082,
      "q" : "13.2",
      "p" : "0.7545",
      "s" : "sell",
      "i" : "XTZ_USD",
      "m" : "4611686018430668833"
    }, {
      "d" : "1756450898679222078",
      "t" : 1756450898679,
      "tn" : 1756450898679222078,
      "q" : "13.2",
      "p" : "0.7545",
      "s" : "sell",
      "i" : "XTZ_USD",
      "m" : "4611686018430668832"
    }, {
      "d" : "1756450898050914143",
      "t" : 1756450898050,
      "tn" : 1756450898050914143,
      "q" : "13.2",
      "p" : "0.7553",
      "s" : "sell",
      "i" : "XTZ_USD",
      "m" : "4611686018430668831"
    }, {
      "d" : "1756450897917548820",
      "t" : 1756450897917,
      "tn" : 1756450897917548820,
      "q" : "13.2",
      "p" : "0.7553",
      "s" : "sell",
      "i" : "XTZ_USD",
      "m" : "4611686018430668830"
    }, {
      "d" : "1756450897766202252",
      "t" : 1756450897766,
      "tn" : 1756450897766202252,
      "q" : "19.9",
      "p" : "0.7552",
      "s" : "sell",
      "i" : "XTZ_USD",
      "m" : "4611686018430668829"
    }, {
      "d" : "1756450897610735969",
      "t" : 1756450897610,
      "tn" : 1756450897610735969,
      "q" : "19.9",
      "p" : "0.7552",
      "s" : "sell",
      "i" : "XTZ_USD",
      "m" : "4611686018430668828"
    }, {
      "d" : "1756450897489835161",
      "t" : 1756450897489,
      "tn" : 1756450897489835161,
      "q" : "13.2",
      "p" : "0.7555",
      "s" : "sell",
      "i" : "XTZ_USD",
      "m" : "4611686018430668827"
    }, {
      "d" : "1756450897339342403",
      "t" : 1756450897339,
      "tn" : 1756450897339342403,
      "q" : "13.2",
      "p" : "0.7555",
      "s" : "sell",
      "i" : "XTZ_USD",
      "m" : "4611686018430668826"
    }, {
      "d" : "1756450897256428225",
      "t" : 1756450897256,
      "tn" : 1756450897256428225,
      "q" : "112.4",
      "p" : "0.7549",
      "s" : "sell",
      "i" : "XTZ_USD",
      "m" : "4611686018430668825"
    }, {
      "d" : "1756450897203307917",
      "t" : 1756450897203,
      "tn" : 1756450897203307917,
      "q" : "13.2",
      "p" : "0.7555",
      "s" : "sell",
      "i" : "XTZ_USD",
      "m" : "4611686018430668824"
    }, {
      "d" : "1756450897082555316",
      "t" : 1756450897082,
      "tn" : 1756450897082555316,
      "q" : "13.2",
      "p" : "0.7555",
      "s" : "sell",
      "i" : "XTZ_USD",
      "m" : "4611686018430668823"
    }, {
      "d" : "1756450896947045003",
      "t" : 1756450896947,
      "tn" : 1756450896947045003,
      "q" : "13.2",
      "p" : "0.7555",
      "s" : "sell",
      "i" : "XTZ_USD",
      "m" : "4611686018430668822"
    }, {
      "d" : "1756450896798251005",
      "t" : 1756450896798,
      "tn" : 1756450896798251005,
      "q" : "13.2",
      "p" : "0.7555",
      "s" : "sell",
      "i" : "XTZ_USD",
      "m" : "4611686018430668821"
    }, {
      "d" : "1756450896645733284",
      "t" : 1756450896645,
      "tn" : 1756450896645733284,
      "q" : "13.2",
      "p" : "0.7555",
      "s" : "sell",
      "i" : "XTZ_USD",
      "m" : "4611686018430668820"
    }, {
      "d" : "1756450896495310117",
      "t" : 1756450896495,
      "tn" : 1756450896495310117,
      "q" : "13.2",
      "p" : "0.7555",
      "s" : "sell",
      "i" : "XTZ_USD",
      "m" : "4611686018430668819"
    }, {
      "d" : "1756450896370155417",
      "t" : 1756450896370,
      "tn" : 1756450896370155417,
      "q" : "13.2",
      "p" : "0.7555",
      "s" : "sell",
      "i" : "XTZ_USD",
      "m" : "4611686018430668818"
    }, {
      "d" : "1756450896245101375",
      "t" : 1756450896245,
      "tn" : 1756450896245101375,
      "q" : "13.2",
      "p" : "0.7555",
      "s" : "sell",
      "i" : "XTZ_USD",
      "m" : "4611686018430668817"
    }, {
      "d" : "1756450896099834435",
      "t" : 1756450896099,
      "tn" : 1756450896099834435,
      "q" : "13.2",
      "p" : "0.7555",
      "s" : "sell",
      "i" : "XTZ_USD",
      "m" : "4611686018430668816"
    }, {
      "d" : "1756450895944495133",
      "t" : 1756450895944,
      "tn" : 1756450895944495133,
      "q" : "13.2",
      "p" : "0.7555",
      "s" : "sell",
      "i" : "XTZ_USD",
      "m" : "4611686018430668815"
    }, {
      "d" : "1756450895748402693",
      "t" : 1756450895748,
      "tn" : 1756450895748402693,
      "q" : "13.2",
      "p" : "0.7555",
      "s" : "sell",
      "i" : "XTZ_USD",
      "m" : "4611686018430668814"
    }, {
      "d" : "1756450895540267835",
      "t" : 1756450895540,
      "tn" : 1756450895540267835,
      "q" : "13.2",
      "p" : "0.7555",
      "s" : "sell",
      "i" : "XTZ_USD",
      "m" : "4611686018430668813"
    }, {
      "d" : "1756450895337655912",
      "t" : 1756450895337,
      "tn" : 1756450895337655912,
      "q" : "185.4",
      "p" : "0.7551",
      "s" : "sell",
      "i" : "XTZ_USD",
      "m" : "4611686018430668812"
    }, {
      "d" : "1756450895337654549",
      "t" : 1756450895337,
      "tn" : 1756450895337654549,
      "q" : "13.2",
      "p" : "0.7555",
      "s" : "sell",
      "i" : "XTZ_USD",
      "m" : "4611686018430668811"
    }, {
      "d" : "1756450895207551931",
      "t" : 1756450895207,
      "tn" : 1756450895207551931,
      "q" : "13.2",
      "p" : "0.7555",
      "s" : "sell",
      "i" : "XTZ_USD",
      "m" : "4611686018430668810"
    }, {
      "d" : "1756450895072384651",
      "t" : 1756450895072,
      "tn" : 1756450895072384651,
      "q" : "198.6",
      "p" : "0.7551",
      "s" : "sell",
      "i" : "XTZ_USD",
      "m" : "4611686018430668809"
    }, {
      "d" : "1756450895062408934",
      "t" : 1756450895062,
      "tn" : 1756450895062408934,
      "q" : "27.1",
      "p" : "0.7550",
      "s" : "sell",
      "i" : "XTZ_USD",
      "m" : "4611686018430668808"
    }, {
      "d" : "1756450895057277481",
      "t" : 1756450895057,
      "tn" : 1756450895057277481,
      "q" : "13.2",
      "p" : "0.7555",
      "s" : "sell",
      "i" : "XTZ_USD",
      "m" : "4611686018430668807"
    }, {
      "d" : "1756450894866185229",
      "t" : 1756450894866,
      "tn" : 1756450894866185229,
      "q" : "13.2",
      "p" : "0.7555",
      "s" : "sell",
      "i" : "XTZ_USD",
      "m" : "4611686018430668806"
    }, {
      "d" : "1756450894745824554",
      "t" : 1756450894745,
      "tn" : 1756450894745824554,
      "q" : "13.2",
      "p" : "0.7555",
      "s" : "sell",
      "i" : "XTZ_USD",
      "m" : "4611686018430668805"
    }, {
      "d" : "1756450894595671696",
      "t" : 1756450894595,
      "tn" : 1756450894595671696,
      "q" : "13.2",
      "p" : "0.7555",
      "s" : "sell",
      "i" : "XTZ_USD",
      "m" : "4611686018430668804"
    }, {
      "d" : "1756450894466999164",
      "t" : 1756450894466,
      "tn" : 1756450894466999164,
      "q" : "13.2",
      "p" : "0.7555",
      "s" : "sell",
      "i" : "XTZ_USD",
      "m" : "4611686018430668803"
    }, {
      "d" : "1756450894345107437",
      "t" : 1756450894345,
      "tn" : 1756450894345107437,
      "q" : "13.2",
      "p" : "0.7555",
      "s" : "sell",
      "i" : "XTZ_USD",
      "m" : "4611686018430668802"
    }, {
      "d" : "1756450894189966288",
      "t" : 1756450894189,
      "tn" : 1756450894189966288,
      "q" : "13.2",
      "p" : "0.7555",
      "s" : "sell",
      "i" : "XTZ_USD",
      "m" : "4611686018430668801"
    }, {
      "d" : "1756450894064814822",
      "t" : 1756450894064,
      "tn" : 1756450894064814822,
      "q" : "13.2",
      "p" : "0.7555",
      "s" : "sell",
      "i" : "XTZ_USD",
      "m" : "4611686018430668800"
    }, {
      "d" : "1756450893944639533",
      "t" : 1756450893944,
      "tn" : 1756450893944639533,
      "q" : "13.2",
      "p" : "0.7555",
      "s" : "sell",
      "i" : "XTZ_USD",
      "m" : "4611686018430668799"
    }, {
      "d" : "1756450893733311309",
      "t" : 1756450893733,
      "tn" : 1756450893733311309,
      "q" : "13.2",
      "p" : "0.7555",
      "s" : "sell",
      "i" : "XTZ_USD",
      "m" : "4611686018430668798"
    }, {
      "d" : "1756450893608193035",
      "t" : 1756450893608,
      "tn" : 1756450893608193035,
      "q" : "13.2",
      "p" : "0.7555",
      "s" : "sell",
      "i" : "XTZ_USD",
      "m" : "4611686018430668797"
    }, {
      "d" : "1756450893435338644",
      "t" : 1756450893435,
      "tn" : 1756450893435338643,
      "q" : "77.6",
      "p" : "0.7552",
      "s" : "sell",
      "i" : "XTZ_USD",
      "m" : "4611686018430668796"
    }, {
      "d" : "1756450893435338643",
      "t" : 1756450893435,
      "tn" : 1756450893435338643,
      "q" : "286.5",
      "p" : "0.7552",
      "s" : "sell",
      "i" : "XTZ_USD",
      "m" : "4611686018430668796"
    }, {
      "d" : "1756450893075733474",
      "t" : 1756450893075,
      "tn" : 1756450893075733474,
      "q" : "13.2",
      "p" : "0.7555",
      "s" : "sell",
      "i" : "XTZ_USD",
      "m" : "4611686018430668795"
    }, {
      "d" : "1756450892940494974",
      "t" : 1756450892940,
      "tn" : 1756450892940494974,
      "q" : "13.2",
      "p" : "0.7555",
      "s" : "sell",
      "i" : "XTZ_USD",
      "m" : "4611686018430668794"
    }, {
      "d" : "1756450892774193772",
      "t" : 1756450892774,
      "tn" : 1756450892774193772,
      "q" : "13.2",
      "p" : "0.7555",
      "s" : "sell",
      "i" : "XTZ_USD",
      "m" : "4611686018430668793"
    }, {
      "d" : "1756450892638952993",
      "t" : 1756450892638,
      "tn" : 1756450892638952993,
      "q" : "13.2",
      "p" : "0.7555",
      "s" : "sell",
      "i" : "XTZ_USD",
      "m" : "4611686018430668792"
    }, {
      "d" : "1756450892513652333",
      "t" : 1756450892513,
      "tn" : 1756450892513652333,
      "q" : "13.2",
      "p" : "0.7555",
      "s" : "sell",
      "i" : "XTZ_USD",
      "m" : "4611686018430668791"
    }, {
      "d" : "1756450892497910775",
      "t" : 1756450892497,
      "tn" : 1756450892497910775,
      "q" : "13.2",
      "p" : "0.7555",
      "s" : "sell",
      "i" : "XTZ_USD",
      "m" : "4611686018430668790"
    }, {
      "d" : "1756450885449331316",
      "t" : 1756450885449,
      "tn" : 1756450885449331315,
      "q" : "83.6",
      "p" : "0.7556",
      "s" : "sell",
      "i" : "XTZ_USD",
      "m" : "4611686018430668789"
    }, {
      "d" : "1756450885449331315",
      "t" : 1756450885449,
      "tn" : 1756450885449331315,
      "q" : "337.5",
      "p" : "0.7556",
      "s" : "sell",
      "i" : "XTZ_USD",
      "m" : "4611686018430668789"
    }, {
      "d" : "1756450690342539379",
      "t" : 1756450690342,
      "tn" : 1756450690342539379,
      "q" : "13.2",
      "p" : "0.7562",
      "s" : "buy",
      "i" : "XTZ_USD",
      "m" : "4611686018430668788"
    }, {
      "d" : "1756450689337925996",
      "t" : 1756450689337,
      "tn" : 1756450689337925996,
      "q" : "13.2",
      "p" : "0.7562",
      "s" : "buy",
      "i" : "XTZ_USD",
      "m" : "4611686018430668787"
    }, {
      "d" : "1756450688285076041",
      "t" : 1756450688285,
      "tn" : 1756450688285076041,
      "q" : "13.2",
      "p" : "0.7562",
      "s" : "buy",
      "i" : "XTZ_USD",
      "m" : "4611686018430668786"
    }, {
      "d" : "1756450687232042256",
      "t" : 1756450687232,
      "tn" : 1756450687232042256,
      "q" : "13.2",
      "p" : "0.7562",
      "s" : "buy",
      "i" : "XTZ_USD",
      "m" : "4611686018430668785"
    }, {
      "d" : "1756450686184992208",
      "t" : 1756450686184,
      "tn" : 1756450686184992208,
      "q" : "13.2",
      "p" : "0.7562",
      "s" : "buy",
      "i" : "XTZ_USD",
      "m" : "4611686018430668784"
    }, {
      "d" : "1756450685159172611",
      "t" : 1756450685159,
      "tn" : 1756450685159172611,
      "q" : "13.2",
      "p" : "0.7562",
      "s" : "buy",
      "i" : "XTZ_USD",
      "m" : "4611686018430668783"
    }, {
      "d" : "1756449702137542238",
      "t" : 1756449702137,
      "tn" : 1756449702137542238,
      "q" : "46.5",
      "p" : "0.7542",
      "s" : "buy",
      "i" : "XTZ_USD",
      "m" : "4611686018430668782"
    }, {
      "d" : "1756449603616422712",
      "t" : 1756449603616,
      "tn" : 1756449603616422712,
      "q" : "284.3",
      "p" : "0.7536",
      "s" : "sell",
      "i" : "XTZ_USD",
      "m" : "4611686018430668781"
    }, {
      "d" : "1756449593489921296",
      "t" : 1756449593489,
      "tn" : 1756449593489921296,
      "q" : "4.1",
      "p" : "0.7537",
      "s" : "sell",
      "i" : "XTZ_USD",
      "m" : "4611686018430668780"
    }, {
      "d" : "1756449401226331379",
      "t" : 1756449401226,
      "tn" : 1756449401226331379,
      "q" : "43.7",
      "p" : "0.7528",
      "s" : "sell",
      "i" : "XTZ_USD",
      "m" : "4611686018430668779"
    }, {
      "d" : "1756448657038860938",
      "t" : 1756448657038,
      "tn" : 1756448657038860938,
      "q" : "381.5",
      "p" : "0.7528",
      "s" : "sell",
      "i" : "XTZ_USD",
      "m" : "4611686018430668778"
    }, {
      "d" : "1756448657038858678",
      "t" : 1756448657038,
      "tn" : 1756448657038858677,
      "q" : "299.5",
      "p" : "0.7531",
      "s" : "sell",
      "i" : "XTZ_USD",
      "m" : "4611686018430668777"
    }, {
      "d" : "1756448657038858677",
      "t" : 1756448657038,
      "tn" : 1756448657038858677,
      "q" : "70.0",
      "p" : "0.7531",
      "s" : "sell",
      "i" : "XTZ_USD",
      "m" : "4611686018430668777"
    }, {
      "d" : "1756448191292415174",
      "t" : 1756448191292,
      "tn" : 1756448191292415174,
      "q" : "2.9",
      "p" : "0.7551",
      "s" : "buy",
      "i" : "XTZ_USD",
      "m" : "4611686018430668776"
    }, {
      "d" : "1756448057952714397",
      "t" : 1756448057952,
      "tn" : 1756448057952714397,
      "q" : "31.1",
      "p" : "0.7567",
      "s" : "sell",
      "i" : "XTZ_USD",
      "m" : "4611686018430668775"
    }, {
      "d" : "1756447791868988897",
      "t" : 1756447791868,
      "tn" : 1756447791868988897,
      "q" : "1.6",
      "p" : "0.7574",
      "s" : "sell",
      "i" : "XTZ_USD",
      "m" : "4611686018430668774"
    }, {
      "d" : "1756447302737624575",
      "t" : 1756447302737,
      "tn" : 1756447302737624575,
      "q" : "19.1",
      "p" : "0.7601",
      "s" : "buy",
      "i" : "XTZ_USD",
      "m" : "4611686018430668773"
    }, {
      "d" : "1756447220125776951",
      "t" : 1756447220125,
      "tn" : 1756447220125776950,
      "q" : "125.0",
      "p" : "0.7601",
      "s" : "buy",
      "i" : "XTZ_USD",
      "m" : "4611686018430668772"
    }, {
      "d" : "1756447220125776950",
      "t" : 1756447220125,
      "tn" : 1756447220125776950,
      "q" : "56.5",
      "p" : "0.7601",
      "s" : "buy",
      "i" : "XTZ_USD",
      "m" : "4611686018430668772"
    }, {
      "d" : "1756446772539221757",
      "t" : 1756446772539,
      "tn" : 1756446772539221757,
      "q" : "320.3",
      "p" : "0.7594",
      "s" : "sell",
      "i" : "XTZ_USD",
      "m" : "4611686018430668771"
    }, {
      "d" : "1756446138685153919",
      "t" : 1756446138685,
      "tn" : 1756446138685153919,
      "q" : "32.9",
      "p" : "0.7585",
      "s" : "buy",
      "i" : "XTZ_USD",
      "m" : "4611686018430668770"
    }, {
      "d" : "1756446136878003160",
      "t" : 1756446136878,
      "tn" : 1756446136878003160,
      "q" : "32.9",
      "p" : "0.7585",
      "s" : "buy",
      "i" : "XTZ_USD",
      "m" : "4611686018430668769"
    }, {
      "d" : "1756446095682128515",
      "t" : 1756446095682,
      "tn" : 1756446095682128515,
      "q" : "32.9",
      "p" : "0.7585",
      "s" : "buy",
      "i" : "XTZ_USD",
      "m" : "4611686018430668768"
    }, {
      "d" : "1756446093681493247",
      "t" : 1756446093681,
      "tn" : 1756446093681493247,
      "q" : "32.9",
      "p" : "0.7585",
      "s" : "buy",
      "i" : "XTZ_USD",
      "m" : "4611686018430668767"
    }, {
      "d" : "1756446091684835939",
      "t" : 1756446091684,
      "tn" : 1756446091684835939,
      "q" : "32.9",
      "p" : "0.7585",
      "s" : "buy",
      "i" : "XTZ_USD",
      "m" : "4611686018430668766"
    }, {
      "d" : "1756446089682956341",
      "t" : 1756446089682,
      "tn" : 1756446089682956341,
      "q" : "32.9",
      "p" : "0.7585",
      "s" : "buy",
      "i" : "XTZ_USD",
      "m" : "4611686018430668765"
    }, {
      "d" : "1756446087683709052",
      "t" : 1756446087683,
      "tn" : 1756446087683709052,
      "q" : "32.9",
      "p" : "0.7585",
      "s" : "buy",
      "i" : "XTZ_USD",
      "m" : "4611686018430668764"
    }, {
      "d" : "1756446086631821477",
      "t" : 1756446086631,
      "tn" : 1756446086631821477,
      "q" : "32.9",
      "p" : "0.7585",
      "s" : "buy",
      "i" : "XTZ_USD",
      "m" : "4611686018430668763"
    }, {
      "d" : "1756446084021880236",
      "t" : 1756446084021,
      "tn" : 1756446084021880236,
      "q" : "32.9",
      "p" : "0.7585",
      "s" : "buy",
      "i" : "XTZ_USD",
      "m" : "4611686018430668762"
    }, {
      "d" : "1756446026499411152",
      "t" : 1756446026499,
      "tn" : 1756446026499411152,
      "q" : "32.9",
      "p" : "0.7585",
      "s" : "buy",
      "i" : "XTZ_USD",
      "m" : "4611686018430668761"
    }, {
      "d" : "1756445767091343697",
      "t" : 1756445767091,
      "tn" : 1756445767091343697,
      "q" : "0.2",
      "p" : "0.7585",
      "s" : "buy",
      "i" : "XTZ_USD",
      "m" : "4611686018430668760"
    }, {
      "d" : "1756445358784571302",
      "t" : 1756445358784,
      "tn" : 1756445358784571302,
      "q" : "674.6",
      "p" : "0.7577",
      "s" : "sell",
      "i" : "XTZ_USD",
      "m" : "4611686018430668759"
    }, {
      "d" : "1756445358681920387",
      "t" : 1756445358681,
      "tn" : 1756445358681920387,
      "q" : "65.9",
      "p" : "0.7581",
      "s" : "buy",
      "i" : "XTZ_USD",
      "m" : "4611686018430668758"
    }, {
      "d" : "1756445356682534702",
      "t" : 1756445356682,
      "tn" : 1756445356682534702,
      "q" : "65.9",
      "p" : "0.7581",
      "s" : "buy",
      "i" : "XTZ_USD",
      "m" : "4611686018430668757"
    }, {
      "d" : "1756445355936711480",
      "t" : 1756445355936,
      "tn" : 1756445355936711480,
      "q" : "1210.5",
      "p" : "0.7577",
      "s" : "buy",
      "i" : "XTZ_USD",
      "m" : "4611686018430668756"
    }, {
      "d" : "1756445355933841086",
      "t" : 1756445355933,
      "tn" : 1756445355933841085,
      "q" : "288.0",
      "p" : "0.7577",
      "s" : "sell",
      "i" : "XTZ_USD",
      "m" : "4611686018430668755"
    }, {
      "d" : "1756445355933841085",
      "t" : 1756445355933,
      "tn" : 1756445355933841085,
      "q" : "881.5",
      "p" : "0.7577",
      "s" : "sell",
      "i" : "XTZ_USD",
      "m" : "4611686018430668755"
    }, {
      "d" : "1756445354683717583",
      "t" : 1756445354683,
      "tn" : 1756445354683717583,
      "q" : "65.9",
      "p" : "0.7581",
      "s" : "buy",
      "i" : "XTZ_USD",
      "m" : "4611686018430668754"
    }, {
      "d" : "1756445352683958137",
      "t" : 1756445352683,
      "tn" : 1756445352683958137,
      "q" : "65.9",
      "p" : "0.7581",
      "s" : "buy",
      "i" : "XTZ_USD",
      "m" : "4611686018430668753"
    }, {
      "d" : "1756445351255264339",
      "t" : 1756445351255,
      "tn" : 1756445351255264339,
      "q" : "65.9",
      "p" : "0.7581",
      "s" : "buy",
      "i" : "XTZ_USD",
      "m" : "4611686018430668752"
    }, {
      "d" : "1756445349760928890",
      "t" : 1756445349760,
      "tn" : 1756445349760928890,
      "q" : "65.9",
      "p" : "0.7581",
      "s" : "buy",
      "i" : "XTZ_USD",
      "m" : "4611686018430668751"
    }, {
      "d" : "1756445028222065368",
      "t" : 1756445028222,
      "tn" : 1756445028222065368,
      "q" : "33.9",
      "p" : "0.7597",
      "s" : "buy",
      "i" : "XTZ_USD",
      "m" : "4611686018430668750"
    } ]
  }
}