{
  "id" : -1,
  "method" : "public/get-trades",
  "code" : 0,
  "result" : {
    "data" : [ {
      "d" : "1756462153781262498",
      "t" : 1756462153781,
      "tn" : 1756462153781262498,
      "q" : "0.2",
      "p" : "0.7349",
      "s" : "sell",
      "i" : "XTZ_USDT",
      "m" : "4611686018430986986"
    }, {
      "d" : "1756462150774875609",
      "t" : 1756462150774,
      "tn" : 1756462150774875609,
      "q" : "229.9",
      "p" : "0.7349",
      "s" : "sell",
      "i" : "XTZ_USDT",
      "m" : "4611686018430986985"
    }, {
      "d" : "1756461340766086831",
      "t" : 1756461340766,
      "tn" : 1756461340766086830,
      "q" : "98.0",
      "p" : "0.7343",
      "s" : "sell",
      "i" : "XTZ_USDT",
      "m" : "4611686018430986984"
    }, {
      "d" : "1756461340766086830",
      "t" : 1756461340766,
      "tn" : 1756461340766086830,
      "q" : "294.3",
      "p" : "0.7343",
      "s" : "sell",
      "i" : "XTZ_USDT",
      "m" : "4611686018430986984"
    }, {
      "d" : "1756459546106001142",
      "t" : 1756459546106,
      "tn" : 1756459546106001142,
      "q" : "229.9",
      "p" : "0.7384",
      "s" : "buy",
      "i" : "XTZ_USDT",
      "m" : "4611686018430986983"
    }, {
      "d" : "1756458160868266314",
      "t" : 1756458160868,
      "tn" : 1756458160868266314,
      "q" : "14.5",
      "p" : "0.7353",
      "s" : "buy",
      "i" : "XTZ_USDT",
      "m" : "4611686018430986982"
    }, {
      "d" : "1756458136388442886",
      "t" : 1756458136388,
      "tn" : 1756458136388442886,
      "q" : "65.6",
      "p" : "0.7369",
      "s" : "buy",
      "i" : "XTZ_USDT",
      "m" : "4611686018430986981"
    }, {
      "d" : "1756457234538932012",
      "t" : 1756457234538,
      "tn" : 1756457234538932012,
      "q" : "61.9",
      "p" : "0.7411",
      "s" : "sell",
      "i" : "XTZ_USDT",
      "m" : "4611686018430986980"
    }, {
      "d" : "1756457164103680051",
      "t" : 1756457164103,
      "tn" : 1756457164103680051,
      "q" : "8.0",
      "p" : "0.7421",
      "s" : "sell",
      "i" : "XTZ_USDT",
      "m" : "4611686018430986979"
    }, {
      "d" : "1756457161086050416",
      "t" : 1756457161086,
      "tn" : 1756457161086050416,
      "q" : "40.0",
      "p" : "0.7422",
      "s" : "sell",
      "i" : "XTZ_USDT",
      "m" : "4611686018430986978"
    }, {
      "d" : "1756457071798149120",
      "t" : 1756457071798,
      "tn" : 1756457071798149120,
      "q" : "229.9",
      "p" : "0.7428",
      "s" : "buy",
      "i" : "XTZ_USDT",
      "m" : "4611686018430986977"
    }, {
      "d" : "1756457020067933662",
      "t" : 1756457020067,
      "tn" : 1756457020067933662,
      "q" : "229.9",
      "p" : "0.7432",
      "s" : "buy",
      "i" : "XTZ_USDT",
      "m" : "4611686018430986976"
    }, {
      "d" : "1756456811794764034",
      "t" : 1756456811794,
      "tn" : 1756456811794764034,
      "q" : "229.9",
      "p" : "0.7441",
      "s" : "buy",
      "i" : "XTZ_USDT",
      "m" : "4611686018430986975"
    }, {
      "d" : "1756456807274577885",
      "t" : 1756456807274,
      "tn" : 1756456807274577885,
      "q" : "229.9",
      "p" : "0.7434",
      "s" : "buy",
      "i" : "XTZ_USDT",
      "m" : "4611686018430986974"
    }, {
      "d" : "1756456798331526195",
      "t" : 1756456798331,
      "tn" : 1756456798331526195,
      "q" : "80.6",
      "p" : "0.7438",
      "s" : "sell",
      "i" : "XTZ_USDT",
      "m" : "4611686018430986973"
    }, {
      "d" : "1756456396962726511",
      "t" : 1756456396962,
      "tn" : 1756456396962726511,
      "q" : "287.8",
      "p" : "0.7443",
      "s" : "sell",
      "i" : "XTZ_USDT",
      "m" : "4611686018430986972"
    }, {
      "d" : "1756456310889143634",
      "t" : 1756456310889,
      "tn" : 1756456310889143634,
      "q" : "8.1",
      "p" : "0.7443",
      "s" : "buy",
      "i" : "XTZ_USDT",
      "m" : "4611686018430986971"
    }, {
      "d" : "1756456309777151582",
      "t" : 1756456309777,
      "tn" : 1756456309777151582,
      "q" : "221.8",
      "p" : "0.7443",
      "s" : "buy",
      "i" : "XTZ_USDT",
      "m" : "4611686018430986970"
    }, {
      "d" : "1756456269182539313",
      "t" : 1756456269182,
      "tn" : 1756456269182539313,
      "q" : "284.5",
      "p" : "0.7434",
      "s" : "sell",
      "i" : "XTZ_USDT",
      "m" : "4611686018430986969"
    }, {
      "d" : "1756456020597824847",
      "t" : 1756456020597,
      "tn" : 1756456020597824847,
      "q" : "323.8",
      "p" : "0.7442",
      "s" : "sell",
      "i" : "XTZ_USDT",
      "m" : "4611686018430986968"
    }, {
      "d" : "1756455683774898821",
      "t" : 1756455683774,
      "tn" : 1756455683774898821,
      "q" : "160.3",
      "p" : "0.7426",
      "s" : "buy",
      "i" : "XTZ_USDT",
      "m" : "4611686018430986967"
    }, {
      "d" : "1756455679136613409",
      "t" : 1756455679136,
      "tn" : 1756455679136613408,
      "q" : "210.0",
      "p" : "0.7421",
      "s" : "buy",
      "i" : "XTZ_USDT",
      "m" : "4611686018430986966"
    }, {
      "d" : "1756455679136613408",
      "t" : 1756455679136,
      "tn" : 1756455679136613408,
      "q" : "20.0",
      "p" : "0.7421",
      "s" : "buy",
      "i" : "XTZ_USDT",
      "m" : "4611686018430986966"
    }, {
      "d" : "1756455673654522746",
      "t" : 1756455673654,
      "tn" : 1756455673654522746,
      "q" : "69.6",
      "p" : "0.7426",
      "s" : "buy",
      "i" : "XTZ_USDT",
      "m" : "4611686018430986965"
    }, {
      "d" : "1756455627588796710",
      "t" : 1756455627588,
      "tn" : 1756455627588796709,
      "q" : "294.7",
      "p" : "0.7429",
      "s" : "sell",
      "i" : "XTZ_USDT",
      "m" : "4611686018430986964"
    }, {
      "d" : "1756455627588796709",
      "t" : 1756455627588,
      "tn" : 1756455627588796709,
      "q" : "73.8",
      "p" : "0.7429",
      "s" : "sell",
      "i" : "XTZ_USDT",
      "m" : "4611686018430986964"
    }, {
      "d" : "1756455188299750982",
      "t" : 1756455188299,
      "tn" : 1756455188299750982,
      "q" : "340.6",
      "p" : "0.7446",
      "s" : "buy",
      "i" : "XTZ_USDT",
      "m" : "4611686018430986963"
    }, {
      "d" : "1756455076661535111",
      "t" : 1756455076661,
      "tn" : 1756455076661535111,
      "q" : "280.5",
      "p" : "0.7437",
      "s" : "buy",
      "i" : "XTZ_USDT",
      "m" : "4611686018430986962"
    }, {
      "d" : "1756454761885552792",
      "t" : 1756454761885,
      "tn" : 1756454761885552791,
      "q" : "331.6",
      "p" : "0.7455",
      "s" : "buy",
      "i" : "XTZ_USDT",
      "m" : "4611686018430986961"
    }, {
      "d" : "1756454761885552791",
      "t" : 1756454761885,
      "tn" : 1756454761885552791,
      "q" : "83.5",
      "p" : "0.7455",
      "s" : "buy",
      "i" : "XTZ_USDT",
      "m" : "4611686018430986961"
    }, {
      "d" : "1756454447071600864",
      "t" : 1756454447071,
      "tn" : 1756454447071600863,
      "q" : "196.1",
      "p" : "0.7463",
      "s" : "buy",
      "i" : "XTZ_USDT",
      "m" : "4611686018430986960"
    }, {
      "d" : "1756454447071600863",
      "t" : 1756454447071,
      "tn" : 1756454447071600863,
      "q" : "69.8",
      "p" : "0.7463",
      "s" : "buy",
      "i" : "XTZ_USDT",
      "m" : "4611686018430986960"
    }, {
      "d" : "1756454308102561545",
      "t" : 1756454308102,
      "tn" : 1756454308102561544,
      "q" : "55.5",
      "p" : "0.7455",
      "s" : "sell",
      "i" : "XTZ_USDT",
      "m" : "4611686018430986959"
    }, {
      "d" : "1756454308102561544",
      "t" : 1756454308102,
      "tn" : 1756454308102561544,
      "q" : "297.4",
      "p" : "0.7455",
      "s" : "sell",
      "i" : "XTZ_USDT",
      "m" : "4611686018430986959"
    }, {
      "d" : "1756454157538779041",
      "t" : 1756454157538,
      "tn" : 1756454157538779040,
      "q" : "257.9",
      "p" : "0.7471",
      "s" : "sell",
      "i" : "XTZ_USDT",
      "m" : "4611686018430986958"
    }, {
      "d" : "1756454157538779040",
      "t" : 1756454157538,
      "tn" : 1756454157538779040,
      "q" : "96.6",
      "p" : "0.7471",
      "s" : "sell",
      "i" : "XTZ_USDT",
      "m" : "4611686018430986958"
    }, {
      "d" : "1756453167377520755",
      "t" : 1756453167377,
      "tn" : 1756453167377520755,
      "q" : "117.0",
      "p" : "0.7506",
      "s" : "buy",
      "i" : "XTZ_USDT",
      "m" : "4611686018430986957"
    }, {
      "d" : "1756453114606473639",
      "t" : 1756453114606,
      "tn" : 1756453114606473639,
      "q" : "109.9",
      "p" : "0.7493",
      "s" : "buy",
      "i" : "XTZ_USDT",
      "m" : "4611686018430986956"
    }, {
      "d" : "1756452948157620140",
      "t" : 1756452948157,
      "tn" : 1756452948157620140,
      "q" : "90.9",
      "p" : "0.7484",
      "s" : "buy",
      "i" : "XTZ_USDT",
      "m" : "4611686018430986955"
    }, {
      "d" : "1756452942602722016",
      "t" : 1756452942602,
      "tn" : 1756452942602722016,
      "q" : "19.0",
      "p" : "0.7484",
      "s" : "buy",
      "i" : "XTZ_USDT",
      "m" : "4611686018430986954"
    }, {
      "d" : "1756452942589033654",
      "t" : 1756452942589,
      "tn" : 1756452942589033654,
      "q" : "295.1",
      "p" : "0.7480",
      "s" : "buy",
      "i" : "XTZ_USDT",
      "m" : "4611686018430986953"
    }, {
      "d" : "1756452758324903285",
      "t" : 1756452758324,
      "tn" : 1756452758324903285,
      "q" : "284.0",
      "p" : "0.7477",
      "s" : "buy",
      "i" : "XTZ_USDT",
      "m" : "4611686018430986952"
    }, {
      "d" : "1756452725352684267",
      "t" : 1756452725352,
      "tn" : 1756452725352684267,
      "q" : "253.7",
      "p" : "0.7463",
      "s" : "buy",
      "i" : "XTZ_USDT",
      "m" : "4611686018430986951"
    }, {
      "d" : "1756452157778878823",
      "t" : 1756452157778,
      "tn" : 1756452157778878823,
      "q" : "219.9",
      "p" : "0.7453",
      "s" : "buy",
      "i" : "XTZ_USDT",
      "m" : "4611686018430986950"
    }, {
      "d" : "1756452135193745806",
      "t" : 1756452135193,
      "tn" : 1756452135193745806,
      "q" : "38.2",
      "p" : "0.7451",
      "s" : "sell",
      "i" : "XTZ_USDT",
      "m" : "4611686018430986949"
    }, {
      "d" : "1756451829175620528",
      "t" : 1756451829175,
      "tn" : 1756451829175620528,
      "q" : "292.9",
      "p" : "0.7458",
      "s" : "sell",
      "i" : "XTZ_USDT",
      "m" : "4611686018430986948"
    }, {
      "d" : "1756451489643442376",
      "t" : 1756451489643,
      "tn" : 1756451489643442375,
      "q" : "290.1",
      "p" : "0.7499",
      "s" : "sell",
      "i" : "XTZ_USDT",
      "m" : "4611686018430986947"
    }, {
      "d" : "1756451489643442375",
      "t" : 1756451489643,
      "tn" : 1756451489643442375,
      "q" : "62.5",
      "p" : "0.7499",
      "s" : "sell",
      "i" : "XTZ_USDT",
      "m" : "4611686018430986947"
    }, {
      "d" : "1756451455234417388",
      "t" : 1756451455234,
      "tn" : 1756451455234417388,
      "q" : "292.4",
      "p" : "0.7503",
      "s" : "sell",
      "i" : "XTZ_USDT",
      "m" : "4611686018430986946"
    }, {
      "d" : "1756451449103565830",
      "t" : 1756451449103,
      "tn" : 1756451449103565830,
      "q" : "341.9",
      "p" : "0.7508",
      "s" : "sell",
      "i" : "XTZ_USDT",
      "m" : "4611686018430986945"
    }, {
      "d" : "1756451292229010388",
      "t" : 1756451292229,
      "tn" : 1756451292229010388,
      "q" : "334.4",
      "p" : "0.7495",
      "s" : "sell",
      "i" : "XTZ_USDT",
      "m" : "4611686018430986944"
    }, {
      "d" : "1756451248460611709",
      "t" : 1756451248460,
      "tn" : 1756451248460611709,
      "q" : "320.1",
      "p" : "0.7494",
      "s" : "sell",
      "i" : "XTZ_USDT",
      "m" : "4611686018430986943"
    }, {
      "d" : "1756451208581357071",
      "t" : 1756451208581,
      "tn" : 1756451208581357070,
      "q" : "117.1",
      "p" : "0.7512",
      "s" : "sell",
      "i" : "XTZ_USDT",
      "m" : "4611686018430986942"
    }, {
      "d" : "1756451208581357070",
      "t" : 1756451208581,
      "tn" : 1756451208581357070,
      "q" : "220.1",
      "p" : "0.7512",
      "s" : "sell",
      "i" : "XTZ_USDT",
      "m" : "4611686018430986942"
    }, {
      "d" : "1756451137779077398",
      "t" : 1756451137779,
      "tn" : 1756451137779077398,
      "q" : "335.6",
      "p" : "0.7532",
      "s" : "sell",
      "i" : "XTZ_USDT",
      "m" : "4611686018430986941"
    }, {
      "d" : "1756451018619630315",
      "t" : 1756451018619,
      "tn" : 1756451018619630315,
      "q" : "266.9",
      "p" : "0.7515",
      "s" : "buy",
      "i" : "XTZ_USDT",
      "m" : "4611686018430986940"
    }, {
      "d" : "1756450893443011212",
      "t" : 1756450893443,
      "tn" : 1756450893443011212,
      "q" : "15.2",
      "p" : "0.7550",
      "s" : "sell",
      "i" : "XTZ_USDT",
      "m" : "4611686018430986939"
    }, {
      "d" : "1756449603616486044",
      "t" : 1756449603616,
      "tn" : 1756449603616486043,
      "q" : "315.7",
      "p" : "0.7535",
      "s" : "sell",
      "i" : "XTZ_USDT",
      "m" : "4611686018430986938"
    }, {
      "d" : "1756449603616486043",
      "t" : 1756449603616,
      "tn" : 1756449603616486043,
      "q" : "55.6",
      "p" : "0.7535",
      "s" : "sell",
      "i" : "XTZ_USDT",
      "m" : "4611686018430986938"
    }, {
      "d" : "1756448215246374431",
      "t" : 1756448215246,
      "tn" : 1756448215246374430,
      "q" : "43.0",
      "p" : "0.7540",
      "s" : "sell",
      "i" : "XTZ_USDT",
      "m" : "4611686018430986937"
    }, {
      "d" : "1756448215246374430",
      "t" : 1756448215246,
      "tn" : 1756448215246374430,
      "q" : "100.0",
      "p" : "0.7540",
      "s" : "sell",
      "i" : "XTZ_USDT",
      "m" : "4611686018430986937"
    }, {
      "d" : "1756447701745576964",
      "t" : 1756447701745,
      "tn" : 1756447701745576964,
      "q" : "48.2",
      "p" : "0.7577",
      "s" : "sell",
      "i" : "XTZ_USDT",
      "m" : "4611686018430986936"
    }, {
      "d" : "1756447516685039889",
      "t" : 1756447516685,
      "tn" : 1756447516685039888,
      "q" : "82.8",
      "p" : "0.7585",
      "s" : "sell",
      "i" : "XTZ_USDT",
      "m" : "4611686018430986935"
    }, {
      "d" : "1756447516685039888",
      "t" : 1756447516685,
      "tn" : 1756447516685039888,
      "q" : "61.3",
      "p" : "0.7585",
      "s" : "sell",
      "i" : "XTZ_USDT",
      "m" : "4611686018430986935"
    }, {
      "d" : "1756447516684209864",
      "t" : 1756447516684,
      "tn" : 1756447516684209864,
      "q" : "43.1",
      "p" : "0.7585",
      "s" : "sell",
      "i" : "XTZ_USDT",
      "m" : "4611686018430986934"
    }, {
      "d" : "1756446136882420753",
      "t" : 1756446136882,
      "tn" : 1756446136882420753,
      "q" : "32.9",
      "p" : "0.7585",
      "s" : "buy",
      "i" : "XTZ_USDT",
      "m" : "4611686018430986933"
    }, {
      "d" : "1756446026499634810",
      "t" : 1756446026499,
      "tn" : 1756446026499634810,
      "q" : "32.9",
      "p" : "0.7585",
      "s" : "buy",
      "i" : "XTZ_USDT",
      "m" : "4611686018430986932"
    }, {
      "d" : "1756445537826012817",
      "t" : 1756445537826,
      "tn" : 1756445537826012817,
      "q" : "63.8",
      "p" : "0.7585",
      "s" : "sell",
      "i" : "XTZ_USDT",
      "m" : "4611686018430986931"
    }, {
      "d" : "1756445537826010767",
      "t" : 1756445537826,
      "tn" : 1756445537826010767,
      "q" : "187.2",
      "p" : "0.7586",
      "s" : "sell",
      "i" : "XTZ_USDT",
      "m" : "4611686018430986930"
    }, {
      "d" : "1756445514067696492",
      "t" : 1756445514067,
      "tn" : 1756445514067696492,
      "q" : "32.9",
      "p" : "0.7584",
      "s" : "buy",
      "i" : "XTZ_USDT",
      "m" : "4611686018430986929"
    }, {
      "d" : "1756445503198657504",
      "t" : 1756445503198,
      "tn" : 1756445503198657503,
      "q" : "56.1",
      "p" : "0.7579",
      "s" : "sell",
      "i" : "XTZ_USDT",
      "m" : "4611686018430986928"
    }, {
      "d" : "1756445503198657503",
      "t" : 1756445503198,
      "tn" : 1756445503198657503,
      "q" : "171.9",
      "p" : "0.7579",
      "s" : "sell",
      "i" : "XTZ_USDT",
      "m" : "4611686018430986928"
    }, {
      "d" : "1756445349760023244",
      "t" : 1756445349760,
      "tn" : 1756445349760023244,
      "q" : "65.9",
      "p" : "0.7579",
      "s" : "buy",
      "i" : "XTZ_USDT",
      "m" : "4611686018430986927"
    }, {
      "d" : "1756445275837220374",
      "t" : 1756445275837,
      "tn" : 1756445275837220374,
      "q" : "220.1",
      "p" : "0.7579",
      "s" : "sell",
      "i" : "XTZ_USDT",
      "m" : "4611686018430986926"
    }, {
      "d" : "1756444944238218525",
      "t" : 1756444944238,
      "tn" : 1756444944238218525,
      "q" : "120.3",
      "p" : "0.7596",
      "s" : "sell",
      "i" : "XTZ_USDT",
      "m" : "4611686018430986925"
    }, {
      "d" : "1756444937400771531",
      "t" : 1756444937400,
      "tn" : 1756444937400771531,
      "q" : "33.9",
      "p" : "0.7598",
      "s" : "sell",
      "i" : "XTZ_USDT",
      "m" : "4611686018430986924"
    }, {
      "d" : "1756444820108545577",
      "t" : 1756444820108,
      "tn" : 1756444820108545577,
      "q" : "65.8",
      "p" : "0.7598",
      "s" : "buy",
      "i" : "XTZ_USDT",
      "m" : "4611686018430986923"
    }, {
      "d" : "1756444049745401055",
      "t" : 1756444049745,
      "tn" : 1756444049745401055,
      "q" : "172.5",
      "p" : "0.7607",
      "s" : "buy",
      "i" : "XTZ_USDT",
      "m" : "4611686018430986922"
    }, {
      "d" : "1756444047800040652",
      "t" : 1756444047800,
      "tn" : 1756444047800040652,
      "q" : "156.1",
      "p" : "0.7607",
      "s" : "buy",
      "i" : "XTZ_USDT",
      "m" : "4611686018430986921"
    }, {
      "d" : "1756444042653287313",
      "t" : 1756444042653,
      "tn" : 1756444042653287313,
      "q" : "328.6",
      "p" : "0.7607",
      "s" : "buy",
      "i" : "XTZ_USDT",
      "m" : "4611686018430986920"
    }, {
      "d" : "1756444031913970619",
      "t" : 1756444031913,
      "tn" : 1756444031913970619,
      "q" : "328.6",
      "p" : "0.7607",
      "s" : "buy",
      "i" : "XTZ_USDT",
      "m" : "4611686018430986919"
    }, {
      "d" : "1756444030541828951",
      "t" : 1756444030541,
      "tn" : 1756444030541828951,
      "q" : "310.6",
      "p" : "0.7607",
      "s" : "buy",
      "i" : "XTZ_USDT",
      "m" : "4611686018430986918"
    }, {
      "d" : "1756444028857216076",
      "t" : 1756444028857,
      "tn" : 1756444028857216076,
      "q" : "328.6",
      "p" : "0.7607",
      "s" : "buy",
      "i" : "XTZ_USDT",
      "m" : "4611686018430986917"
    }, {
      "d" : "1756444026856810745",
      "t" : 1756444026856,
      "tn" : 1756444026856810745,
      "q" : "328.6",
      "p" : "0.7607",
      "s" : "buy",
      "i" : "XTZ_USDT",
      "m" : "4611686018430986916"
    }, {
      "d" : "1756444025402278255",
      "t" : 1756444025402,
      "tn" : 1756444025402278255,
      "q" : "328.6",
      "p" : "0.7607",
      "s" : "buy",
      "i" : "XTZ_USDT",
      "m" : "4611686018430986915"
    }, {
      "d" : "1756444023914072685",
      "t" : 1756444023914,
      "tn" : 1756444023914072685,
      "q" : "328.6",
      "p" : "0.7607",
      "s" : "buy",
      "i" : "XTZ_USDT",
      "m" : "4611686018430986914"
    }, {
      "d" : "1756444022523890346",
      "t" : 1756444022523,
      "tn" : 1756444022523890346,
      "q" : "220.1",
      "p" : "0.7607",
      "s" : "buy",
      "i" : "XTZ_USDT",
      "m" : "4611686018430986913"
    }, {
      "d" : "1756443961132334377",
      "t" : 1756443961132,
      "tn" : 1756443961132334377,
      "q" : "199.8",
      "p" : "0.7601",
      "s" : "sell",
      "i" : "XTZ_USDT",
      "m" : "4611686018430986912"
    }, {
      "d" : "1756443823355205457",
      "t" : 1756443823355,
      "tn" : 1756443823355205457,
      "q" : "63.8",
      "p" : "0.7618",
      "s" : "sell",
      "i" : "XTZ_USDT",
      "m" : "4611686018430986911"
    }, {
      "d" : "1756443193589794832",
      "t" : 1756443193589,
      "tn" : 1756443193589794832,
      "q" : "2.6",
      "p" : "0.7620",
      "s" : "sell",
      "i" : "XTZ_USDT",
      "m" : "4611686018430986910"
    }, {
      "d" : "1756443185079183174",
      "t" : 1756443185079,
      "tn" : 1756443185079183174,
      "q" : "217.5",
      "p" : "0.7620",
      "s" : "sell",
      "i" : "XTZ_USDT",
      "m" : "4611686018430986909"
    }, {
      "d" : "1756443183063885119",
      "t" : 1756443183063,
      "tn" : 1756443183063885117,
      "q" : "191.6",
      "p" : "0.7624",
      "s" : "sell",
      "i" : "XTZ_USDT",
      "m" : "4611686018430986908"
    }, {
      "d" : "1756443183063885118",
      "t" : 1756443183063,
      "tn" : 1756443183063885117,
      "q" : "28.5",
      "p" : "0.7624",
      "s" : "sell",
      "i" : "XTZ_USDT",
      "m" : "4611686018430986908"
    }, {
      "d" : "1756443183063885117",
      "t" : 1756443183063,
      "tn" : 1756443183063885117,
      "q" : "220.1",
      "p" : "0.7624",
      "s" : "sell",
      "i" : "XTZ_USDT",
      "m" : "4611686018430986908"
    }, {
      "d" : "1756442835168248060",
      "t" : 1756442835168,
      "tn" : 1756442835168248060,
      "q" : "182.7",
      "p" : "0.7635",
      "s" : "buy",
      "i" : "XTZ_USDT",
      "m" : "4611686018430986907"
    }, {
      "d" : "1756442835168020047",
      "t" : 1756442835168,
      "tn" : 1756442835168020047,
      "q" : "144.6",
      "p" : "0.7635",
      "s" : "buy",
      "i" : "XTZ_USDT",
      "m" : "4611686018430986906"
    }, {
      "d" : "1756442803212665498",
      "t" : 1756442803212,
      "tn" : 1756442803212665498,
      "q" : "267.1",
      "p" : "0.7635",
      "s" : "buy",
      "i" : "XTZ_USDT",
      "m" : "4611686018430986905"
    }, {
      "d" : "1756442366485826275",
      "t" : 1756442366485,
      "tn" : 1756442366485826275,
      "q" : "220.1",
      "p" : "0.7639",
      "s" : "sell",
      "i" : "XTZ_USDT",
      "m" : "4611686018430986904"
    }, {
      "d" : "1756442362555430926",
      "t" : 1756442362555,
      "tn" : 1756442362555430926,
      "q" : "7.7",
      "p" : "0.7640",
      "s" : "sell",
      "i" : "XTZ_USDT",
      "m" : "4611686018430986903"
    }, {
      "d" : "1756442361489863614",
      "t" : 1756442361489,
      "tn" : 1756442361489863613,
      "q" : "67.9",
      "p" : "0.7640",
      "s" : "sell",
      "i" : "XTZ_USDT",
      "m" : "4611686018430986902"
    }, {
      "d" : "1756442361489863613",
      "t" : 1756442361489,
      "tn" : 1756442361489863613,
      "q" : "144.5",
      "p" : "0.7640",
      "s" : "sell",
      "i" : "XTZ_USDT",
      "m" : "4611686018430986902"
    }, {
      "d" : "1756442351168446886",
      "t" : 1756442351168,
      "tn" : 1756442351168446885,
      "q" : "144.2",
      "p" : "0.7642",
      "s" : "sell",
      "i" : "XTZ_USDT",
      "m" : "4611686018430986901"
    }, {
      "d" : "1756442351168446885",
      "t" : 1756442351168,
      "tn" : 1756442351168446885,
      "q" : "75.6",
      "p" : "0.7642",
      "s" : "sell",
      "i" : "XTZ_USDT",
      "m" : "4611686018430986901"
    }, {
      "d" : "1756442167436026229",
      "t" : 1756442167436,
      "tn" : 1756442167436026229,
      "q" : "191.9",
      "p" : "0.7641",
      "s" : "buy",
      "i" : "XTZ_USDT",
      "m" : "4611686018430986900"
    }, {
      "d" : "1756442166861514665",
      "t" : 1756442166861,
      "tn" : 1756442166861514665,
      "q" : "135.2",
      "p" : "0.7641",
      "s" : "buy",
      "i" : "XTZ_USDT",
      "m" : "4611686018430986899"
    }, {
      "d" : "1756442164858306911",
      "t" : 1756442164858,
      "tn" : 1756442164858306911,
      "q" : "327.1",
      "p" : "0.7641",
      "s" : "buy",
      "i" : "XTZ_USDT",
      "m" : "4611686018430986898"
    }, {
      "d" : "1756442162858223445",
      "t" : 1756442162858,
      "tn" : 1756442162858223445,
      "q" : "311.8",
      "p" : "0.7641",
      "s" : "buy",
      "i" : "XTZ_USDT",
      "m" : "4611686018430986897"
    }, {
      "d" : "1756442160858291897",
      "t" : 1756442160858,
      "tn" : 1756442160858291897,
      "q" : "305.4",
      "p" : "0.7641",
      "s" : "buy",
      "i" : "XTZ_USDT",
      "m" : "4611686018430986896"
    }, {
      "d" : "1756442158993743279",
      "t" : 1756442158993,
      "tn" : 1756442158993743279,
      "q" : "209.8",
      "p" : "0.7641",
      "s" : "buy",
      "i" : "XTZ_USDT",
      "m" : "4611686018430986895"
    }, {
      "d" : "1756442096678718476",
      "t" : 1756442096678,
      "tn" : 1756442096678718476,
      "q" : "16.3",
      "p" : "0.7641",
      "s" : "buy",
      "i" : "XTZ_USDT",
      "m" : "4611686018430986894"
    }, {
      "d" : "1756441995802866631",
      "t" : 1756441995802,
      "tn" : 1756441995802866631,
      "q" : "101.0",
      "p" : "0.7641",
      "s" : "buy",
      "i" : "XTZ_USDT",
      "m" : "4611686018430986893"
    }, {
      "d" : "1756441735419693904",
      "t" : 1756441735419,
      "tn" : 1756441735419693904,
      "q" : "160.1",
      "p" : "0.7647",
      "s" : "buy",
      "i" : "XTZ_USDT",
      "m" : "4611686018430986892"
    }, {
      "d" : "1756441726762468926",
      "t" : 1756441726762,
      "tn" : 1756441726762468925,
      "q" : "48.3",
      "p" : "0.7647",
      "s" : "buy",
      "i" : "XTZ_USDT",
      "m" : "4611686018430986891"
    }, {
      "d" : "1756441726762468925",
      "t" : 1756441726762,
      "tn" : 1756441726762468925,
      "q" : "326.9",
      "p" : "0.7647",
      "s" : "buy",
      "i" : "XTZ_USDT",
      "m" : "4611686018430986891"
    }, {
      "d" : "1756441698315377221",
      "t" : 1756441698315,
      "tn" : 1756441698315377220,
      "q" : "297.0",
      "p" : "0.7647",
      "s" : "buy",
      "i" : "XTZ_USDT",
      "m" : "4611686018430986890"
    }, {
      "d" : "1756441698315377220",
      "t" : 1756441698315,
      "tn" : 1756441698315377220,
      "q" : "241.8",
      "p" : "0.7647",
      "s" : "buy",
      "i" : "XTZ_USDT",
      "m" : "4611686018430986890"
    }, {
      "d" : "1756441687868087581",
      "t" : 1756441687868,
      "tn" : 1756441687868087580,
      "q" : "85.1",
      "p" : "0.7647",
      "s" : "buy",
      "i" : "XTZ_USDT",
      "m" : "4611686018430986889"
    }, {
      "d" : "1756441687868087580",
      "t" : 1756441687868,
      "tn" : 1756441687868087580,
      "q" : "326.9",
      "p" : "0.7647",
      "s" : "buy",
      "i" : "XTZ_USDT",
      "m" : "4611686018430986889"
    }, {
      "d" : "1756441685476434746",
      "t" : 1756441685476,
      "tn" : 1756441685476434746,
      "q" : "299.3",
      "p" : "0.7647",
      "s" : "buy",
      "i" : "XTZ_USDT",
      "m" : "4611686018430986888"
    }, {
      "d" : "1756441683127406230",
      "t" : 1756441683127,
      "tn" : 1756441683127406229,
      "q" : "326.9",
      "p" : "0.7647",
      "s" : "buy",
      "i" : "XTZ_USDT",
      "m" : "4611686018430986887"
    }, {
      "d" : "1756441683127406229",
      "t" : 1756441683127,
      "tn" : 1756441683127406229,
      "q" : "326.9",
      "p" : "0.7647",
      "s" : "buy",
      "i" : "XTZ_USDT",
      "m" : "4611686018430986887"
    }, {
      "d" : "1756441683076927227",
      "t" : 1756441683076,
      "tn" : 1756441683076927227,
      "q" : "315.0",
      "p" : "0.7647",
      "s" : "buy",
      "i" : "XTZ_USDT",
      "m" : "4611686018430986886"
    }, {
      "d" : "1756441675838834243",
      "t" : 1756441675838,
      "tn" : 1756441675838834241,
      "q" : "255.7",
      "p" : "0.7647",
      "s" : "buy",
      "i" : "XTZ_USDT",
      "m" : "4611686018430986885"
    }, {
      "d" : "1756441675838834242",
      "t" : 1756441675838,
      "tn" : 1756441675838834241,
      "q" : "326.9",
      "p" : "0.7647",
      "s" : "buy",
      "i" : "XTZ_USDT",
      "m" : "4611686018430986885"
    }, {
      "d" : "1756441675838834241",
      "t" : 1756441675838,
      "tn" : 1756441675838834241,
      "q" : "217.2",
      "p" : "0.7647",
      "s" : "buy",
      "i" : "XTZ_USDT",
      "m" : "4611686018430986885"
    }, {
      "d" : "1756441671687345584",
      "t" : 1756441671687,
      "tn" : 1756441671687345583,
      "q" : "109.7",
      "p" : "0.7647",
      "s" : "buy",
      "i" : "XTZ_USDT",
      "m" : "4611686018430986884"
    }, {
      "d" : "1756441671687345583",
      "t" : 1756441671687,
      "tn" : 1756441671687345583,
      "q" : "219.3",
      "p" : "0.7647",
      "s" : "buy",
      "i" : "XTZ_USDT",
      "m" : "4611686018430986884"
    }, {
      "d" : "1756441671586400541",
      "t" : 1756441671586,
      "tn" : 1756441671586400540,
      "q" : "107.6",
      "p" : "0.7647",
      "s" : "buy",
      "i" : "XTZ_USDT",
      "m" : "4611686018430986883"
    }, {
      "d" : "1756441671586400540",
      "t" : 1756441671586,
      "tn" : 1756441671586400540,
      "q" : "310.3",
      "p" : "0.7647",
      "s" : "buy",
      "i" : "XTZ_USDT",
      "m" : "4611686018430986883"
    }, {
      "d" : "1756441662162925174",
      "t" : 1756441662162,
      "tn" : 1756441662162925174,
      "q" : "16.6",
      "p" : "0.7647",
      "s" : "buy",
      "i" : "XTZ_USDT",
      "m" : "4611686018430986882"
    }, {
      "d" : "1756441647861973114",
      "t" : 1756441647861,
      "tn" : 1756441647861973113,
      "q" : "326.8",
      "p" : "0.7647",
      "s" : "buy",
      "i" : "XTZ_USDT",
      "m" : "4611686018430986881"
    }, {
      "d" : "1756441647861973113",
      "t" : 1756441647861,
      "tn" : 1756441647861973113,
      "q" : "326.9",
      "p" : "0.7647",
      "s" : "buy",
      "i" : "XTZ_USDT",
      "m" : "4611686018430986881"
    }, {
      "d" : "1756441643864227859",
      "t" : 1756441643864,
      "tn" : 1756441643864227858,
      "q" : "326.8",
      "p" : "0.7647",
      "s" : "buy",
      "i" : "XTZ_USDT",
      "m" : "4611686018430986880"
    }, {
      "d" : "1756441643864227858",
      "t" : 1756441643864,
      "tn" : 1756441643864227858,
      "q" : "326.9",
      "p" : "0.7647",
      "s" : "buy",
      "i" : "XTZ_USDT",
      "m" : "4611686018430986880"
    }, {
      "d" : "1756441639865843387",
      "t" : 1756441639865,
      "tn" : 1756441639865843386,
      "q" : "326.8",
      "p" : "0.7647",
      "s" : "buy",
      "i" : "XTZ_USDT",
      "m" : "4611686018430986879"
    }, {
      "d" : "1756441639865843386",
      "t" : 1756441639865,
      "tn" : 1756441639865843386,
      "q" : "326.9",
      "p" : "0.7647",
      "s" : "buy",
      "i" : "XTZ_USDT",
      "m" : "4611686018430986879"
    }, {
      "d" : "1756441635865101684",
      "t" : 1756441635865,
      "tn" : 1756441635865101683,
      "q" : "326.9",
      "p" : "0.7647",
      "s" : "buy",
      "i" : "XTZ_USDT",
      "m" : "4611686018430986878"
    }, {
      "d" : "1756441635865101683",
      "t" : 1756441635865,
      "tn" : 1756441635865101683,
      "q" : "326.9",
      "p" : "0.7647",
      "s" : "buy",
      "i" : "XTZ_USDT",
      "m" : "4611686018430986878"
    }, {
      "d" : "1756441632863545652",
      "t" : 1756441632863,
      "tn" : 1756441632863545651,
      "q" : "326.8",
      "p" : "0.7647",
      "s" : "buy",
      "i" : "XTZ_USDT",
      "m" : "4611686018430986877"
    }, {
      "d" : "1756441632863545651",
      "t" : 1756441632863,
      "tn" : 1756441632863545651,
      "q" : "311.5",
      "p" : "0.7647",
      "s" : "buy",
      "i" : "XTZ_USDT",
      "m" : "4611686018430986877"
    }, {
      "d" : "1756441632859649259",
      "t" : 1756441632859,
      "tn" : 1756441632859649259,
      "q" : "15.4",
      "p" : "0.7647",
      "s" : "buy",
      "i" : "XTZ_USDT",
      "m" : "4611686018430986876"
    }, {
      "d" : "1756441629855489153",
      "t" : 1756441629855,
      "tn" : 1756441629855489153,
      "q" : "326.9",
      "p" : "0.7647",
      "s" : "buy",
      "i" : "XTZ_USDT",
      "m" : "4611686018430986875"
    }, {
      "d" : "1756441627857567453",
      "t" : 1756441627857,
      "tn" : 1756441627857567453,
      "q" : "307.6",
      "p" : "0.7647",
      "s" : "buy",
      "i" : "XTZ_USDT",
      "m" : "4611686018430986874"
    }, {
      "d" : "1756441625856047761",
      "t" : 1756441625856,
      "tn" : 1756441625856047761,
      "q" : "320.7",
      "p" : "0.7647",
      "s" : "buy",
      "i" : "XTZ_USDT",
      "m" : "4611686018430986873"
    }, {
      "d" : "1756441623855972941",
      "t" : 1756441623855,
      "tn" : 1756441623855972941,
      "q" : "326.9",
      "p" : "0.7647",
      "s" : "buy",
      "i" : "XTZ_USDT",
      "m" : "4611686018430986872"
    }, {
      "d" : "1756441621856522236",
      "t" : 1756441621856,
      "tn" : 1756441621856522236,
      "q" : "323.8",
      "p" : "0.7647",
      "s" : "buy",
      "i" : "XTZ_USDT",
      "m" : "4611686018430986871"
    }, {
      "d" : "1756441619856088665",
      "t" : 1756441619856,
      "tn" : 1756441619856088665,
      "q" : "326.9",
      "p" : "0.7647",
      "s" : "buy",
      "i" : "XTZ_USDT",
      "m" : "4611686018430986870"
    }, {
      "d" : "1756441617856764230",
      "t" : 1756441617856,
      "tn" : 1756441617856764230,
      "q" : "326.9",
      "p" : "0.7647",
      "s" : "buy",
      "i" : "XTZ_USDT",
      "m" : "4611686018430986869"
    }, {
      "d" : "1756441615857736332",
      "t" : 1756441615857,
      "tn" : 1756441615857736332,
      "q" : "321.3",
      "p" : "0.7647",
      "s" : "buy",
      "i" : "XTZ_USDT",
      "m" : "4611686018430986868"
    }, {
      "d" : "1756441614795542999",
      "t" : 1756441614795,
      "tn" : 1756441614795542999,
      "q" : "326.9",
      "p" : "0.7647",
      "s" : "buy",
      "i" : "XTZ_USDT",
      "m" : "4611686018430986867"
    } ]
  }
}