{
  "id" : -1,
  "method" : "public/get-trades",
  "code" : 0,
  "result" : {
    "data" : [ {
      "d" : "1756463002986420588",
      "t" : 1756463002986,
      "tn" : 1756463002986420588,
      "q" : "19",
      "p" : "0.7309",
      "s" : "buy",
      "i" : "XTZUSD-PERP",
      "m" : "4611686018430734843"
    }, {
      "d" : "1756463002986413095",
      "t" : 1756463002986,
      "tn" : 1756463002986413095,
      "q" : "31",
      "p" : "0.7309",
      "s" : "buy",
      "i" : "XTZUSD-PERP",
      "m" : "4611686018430734842"
    }, {
      "d" : "1756462975814616538",
      "t" : 1756462975814,
      "tn" : 1756462975814616538,
      "q" : "41",
      "p" : "0.7309",
      "s" : "buy",
      "i" : "XTZUSD-PERP",
      "m" : "4611686018430734841"
    }, {
      "d" : "1756462965289841182",
      "t" : 1756462965289,
      "tn" : 1756462965289841182,
      "q" : "15",
      "p" : "0.7308",
      "s" : "sell",
      "i" : "XTZUSD-PERP",
      "m" : "4611686018430734840"
    }, {
      "d" : "1756462934777651362",
      "t" : 1756462934777,
      "tn" : 1756462934777651362,
      "q" : "24",
      "p" : "0.7314",
      "s" : "sell",
      "i" : "XTZUSD-PERP",
      "m" : "4611686018430734839"
    }, {
      "d" : "1756462934248515558",
      "t" : 1756462934248,
      "tn" : 1756462934248515558,
      "q" : "1",
      "p" : "0.7314",
      "s" : "buy",
      "i" : "XTZUSD-PERP",
      "m" : "4611686018430734838"
    }, {
      "d" : "1756462869986997941",
      "t" : 1756462869986,
      "tn" : 1756462869986997941,
      "q" : "87",
      "p" : "0.7320",
      "s" : "sell",
      "i" : "XTZUSD-PERP",
      "m" : "4611686018430734837"
    }, {
      "d" : "1756462869985538864",
      "t" : 1756462869985,
      "tn" : 1756462869985538864,
      "q" : "125",
      "p" : "0.7320",
      "s" : "sell",
      "i" : "XTZUSD-PERP",
      "m" : "4611686018430734836"
    }, {
      "d" : "1756462851592215292",
      "t" : 1756462851592,
      "tn" : 1756462851592215292,
      "q" : "273",
      "p" : "0.7318",
      "s" : "sell",
      "i" : "XTZUSD-PERP",
      "m" : "4611686018430734835"
    }, {
      "d" : "1756462848844494624",
      "t" : 1756462848844,
      "tn" : 1756462848844494624,
      "q" : "273",
      "p" : "0.7322",
      "s" : "sell",
      "i" : "XTZUSD-PERP",
      "m" : "4611686018430734834"
    }, {
      "d" : "1756462810154457546",
      "t" : 1756462810154,
      "tn" : 1756462810154457546,
      "q" : "273",
      "p" : "0.7322",
      "s" : "sell",
      "i" : "XTZUSD-PERP",
      "m" : "4611686018430734833"
    }, {
      "d" : "1756462787225655214",
      "t" : 1756462787225,
      "tn" : 1756462787225655214,
      "q" : "273",
      "p" : "0.7320",
      "s" : "sell",
      "i" : "XTZUSD-PERP",
      "m" : "4611686018430734832"
    }, {
      "d" : "1756462780934320921",
      "t" : 1756462780934,
      "tn" : 1756462780934320921,
      "q" : "273",
      "p" : "0.7320",
      "s" : "sell",
      "i" : "XTZUSD-PERP",
      "m" : "4611686018430734831"
    }, {
      "d" : "1756462777224887658",
      "t" : 1756462777224,
      "tn" : 1756462777224887658,
      "q" : "273",
      "p" : "0.7320",
      "s" : "sell",
      "i" : "XTZUSD-PERP",
      "m" : "4611686018430734830"
    }, {
      "d" : "1756462767186530868",
      "t" : 1756462767186,
      "tn" : 1756462767186530868,
      "q" : "1",
      "p" : "0.7313",
      "s" : "sell",
      "i" : "XTZUSD-PERP",
      "m" : "4611686018430734829"
    }, {
      "d" : "1756462767186528201",
      "t" : 1756462767186,
      "tn" : 1756462767186528200,
      "q" : "1",
      "p" : "0.7314",
      "s" : "sell",
      "i" : "XTZUSD-PERP",
      "m" : "4611686018430734828"
    }, {
      "d" : "1756462767186528200",
      "t" : 1756462767186,
      "tn" : 1756462767186528200,
      "q" : "98",
      "p" : "0.7314",
      "s" : "sell",
      "i" : "XTZUSD-PERP",
      "m" : "4611686018430734828"
    }, {
      "d" : "1756462766724030169",
      "t" : 1756462766724,
      "tn" : 1756462766724030169,
      "q" : "273",
      "p" : "0.7316",
      "s" : "sell",
      "i" : "XTZUSD-PERP",
      "m" : "4611686018430734827"
    }, {
      "d" : "1756462757182752550",
      "t" : 1756462757182,
      "tn" : 1756462757182752550,
      "q" : "1",
      "p" : "0.7315",
      "s" : "sell",
      "i" : "XTZUSD-PERP",
      "m" : "4611686018430734826"
    }, {
      "d" : "1756462697106891457",
      "t" : 1756462697106,
      "tn" : 1756462697106891457,
      "q" : "273",
      "p" : "0.7308",
      "s" : "sell",
      "i" : "XTZUSD-PERP",
      "m" : "4611686018430734825"
    }, {
      "d" : "1756462689023140560",
      "t" : 1756462689023,
      "tn" : 1756462689023140560,
      "q" : "273",
      "p" : "0.7308",
      "s" : "sell",
      "i" : "XTZUSD-PERP",
      "m" : "4611686018430734824"
    }, {
      "d" : "1756462607927469115",
      "t" : 1756462607927,
      "tn" : 1756462607927469115,
      "q" : "273",
      "p" : "0.7310",
      "s" : "sell",
      "i" : "XTZUSD-PERP",
      "m" : "4611686018430734823"
    }, {
      "d" : "1756462606467258006",
      "t" : 1756462606467,
      "tn" : 1756462606467258006,
      "q" : "1",
      "p" : "0.7315",
      "s" : "sell",
      "i" : "XTZUSD-PERP",
      "m" : "4611686018430734822"
    }, {
      "d" : "1756462606452471206",
      "t" : 1756462606452,
      "tn" : 1756462606452471206,
      "q" : "1",
      "p" : "0.7315",
      "s" : "sell",
      "i" : "XTZUSD-PERP",
      "m" : "4611686018430734821"
    }, {
      "d" : "1756462606358844397",
      "t" : 1756462606358,
      "tn" : 1756462606358844397,
      "q" : "99",
      "p" : "0.7316",
      "s" : "buy",
      "i" : "XTZUSD-PERP",
      "m" : "4611686018430734820"
    }, {
      "d" : "1756462606358841774",
      "t" : 1756462606358,
      "tn" : 1756462606358841773,
      "q" : "99",
      "p" : "0.7315",
      "s" : "buy",
      "i" : "XTZUSD-PERP",
      "m" : "4611686018430734819"
    }, {
      "d" : "1756462606358841773",
      "t" : 1756462606358,
      "tn" : 1756462606358841773,
      "q" : "1",
      "p" : "0.7315",
      "s" : "buy",
      "i" : "XTZUSD-PERP",
      "m" : "4611686018430734819"
    }, {
      "d" : "1756462583168332193",
      "t" : 1756462583168,
      "tn" : 1756462583168332192,
      "q" : "1",
      "p" : "0.7315",
      "s" : "sell",
      "i" : "XTZUSD-PERP",
      "m" : "4611686018430734818"
    }, {
      "d" : "1756462583168332192",
      "t" : 1756462583168,
      "tn" : 1756462583168332192,
      "q" : "1",
      "p" : "0.7315",
      "s" : "sell",
      "i" : "XTZUSD-PERP",
      "m" : "4611686018430734818"
    }, {
      "d" : "1756462431910779615",
      "t" : 1756462431910,
      "tn" : 1756462431910779615,
      "q" : "273",
      "p" : "0.7320",
      "s" : "sell",
      "i" : "XTZUSD-PERP",
      "m" : "4611686018430734817"
    }, {
      "d" : "1756462422642147114",
      "t" : 1756462422642,
      "tn" : 1756462422642147114,
      "q" : "273",
      "p" : "0.7322",
      "s" : "sell",
      "i" : "XTZUSD-PERP",
      "m" : "4611686018430734816"
    }, {
      "d" : "1756462416886592490",
      "t" : 1756462416886,
      "tn" : 1756462416886592490,
      "q" : "1",
      "p" : "0.7325",
      "s" : "sell",
      "i" : "XTZUSD-PERP",
      "m" : "4611686018430734815"
    }, {
      "d" : "1756462416830166872",
      "t" : 1756462416830,
      "tn" : 1756462416830166872,
      "q" : "273",
      "p" : "0.7324",
      "s" : "sell",
      "i" : "XTZUSD-PERP",
      "m" : "4611686018430734814"
    }, {
      "d" : "1756462416829729521",
      "t" : 1756462416829,
      "tn" : 1756462416829729520,
      "q" : "1",
      "p" : "0.7325",
      "s" : "sell",
      "i" : "XTZUSD-PERP",
      "m" : "4611686018430734813"
    }, {
      "d" : "1756462416829729520",
      "t" : 1756462416829,
      "tn" : 1756462416829729520,
      "q" : "1",
      "p" : "0.7325",
      "s" : "sell",
      "i" : "XTZUSD-PERP",
      "m" : "4611686018430734813"
    }, {
      "d" : "1756462401681683944",
      "t" : 1756462401681,
      "tn" : 1756462401681683944,
      "q" : "272",
      "p" : "0.7328",
      "s" : "sell",
      "i" : "XTZUSD-PERP",
      "m" : "4611686018430734812"
    }, {
      "d" : "1756462353121440454",
      "t" : 1756462353121,
      "tn" : 1756462353121440454,
      "q" : "97",
      "p" : "0.7336",
      "s" : "sell",
      "i" : "XTZUSD-PERP",
      "m" : "4611686018430734811"
    }, {
      "d" : "1756462353032297457",
      "t" : 1756462353032,
      "tn" : 1756462353032297457,
      "q" : "48",
      "p" : "0.7339",
      "s" : "buy",
      "i" : "XTZUSD-PERP",
      "m" : "4611686018430734810"
    }, {
      "d" : "1756462353032294981",
      "t" : 1756462353032,
      "tn" : 1756462353032294980,
      "q" : "1",
      "p" : "0.7338",
      "s" : "buy",
      "i" : "XTZUSD-PERP",
      "m" : "4611686018430734809"
    }, {
      "d" : "1756462353032294980",
      "t" : 1756462353032,
      "tn" : 1756462353032294980,
      "q" : "99",
      "p" : "0.7338",
      "s" : "buy",
      "i" : "XTZUSD-PERP",
      "m" : "4611686018430734809"
    }, {
      "d" : "1756462353032291496",
      "t" : 1756462353032,
      "tn" : 1756462353032291496,
      "q" : "50",
      "p" : "0.7337",
      "s" : "buy",
      "i" : "XTZUSD-PERP",
      "m" : "4611686018430734808"
    }, {
      "d" : "1756462353032288921",
      "t" : 1756462353032,
      "tn" : 1756462353032288921,
      "q" : "1",
      "p" : "0.7335",
      "s" : "buy",
      "i" : "XTZUSD-PERP",
      "m" : "4611686018430734807"
    }, {
      "d" : "1756462258326178468",
      "t" : 1756462258326,
      "tn" : 1756462258326178468,
      "q" : "272",
      "p" : "0.7334",
      "s" : "sell",
      "i" : "XTZUSD-PERP",
      "m" : "4611686018430734806"
    }, {
      "d" : "1756462258325705533",
      "t" : 1756462258325,
      "tn" : 1756462258325705533,
      "q" : "1",
      "p" : "0.7335",
      "s" : "sell",
      "i" : "XTZUSD-PERP",
      "m" : "4611686018430734805"
    }, {
      "d" : "1756462258037238918",
      "t" : 1756462258037,
      "tn" : 1756462258037238918,
      "q" : "1",
      "p" : "0.7335",
      "s" : "sell",
      "i" : "XTZUSD-PERP",
      "m" : "4611686018430734804"
    }, {
      "d" : "1756462204960245291",
      "t" : 1756462204960,
      "tn" : 1756462204960245291,
      "q" : "272",
      "p" : "0.7332",
      "s" : "sell",
      "i" : "XTZUSD-PERP",
      "m" : "4611686018430734803"
    }, {
      "d" : "1756462187489166133",
      "t" : 1756462187489,
      "tn" : 1756462187489166133,
      "q" : "272",
      "p" : "0.7334",
      "s" : "sell",
      "i" : "XTZUSD-PERP",
      "m" : "4611686018430734802"
    }, {
      "d" : "1756462187489163083",
      "t" : 1756462187489,
      "tn" : 1756462187489163082,
      "q" : "1",
      "p" : "0.7335",
      "s" : "sell",
      "i" : "XTZUSD-PERP",
      "m" : "4611686018430734801"
    }, {
      "d" : "1756462187489163082",
      "t" : 1756462187489,
      "tn" : 1756462187489163082,
      "q" : "1",
      "p" : "0.7335",
      "s" : "sell",
      "i" : "XTZUSD-PERP",
      "m" : "4611686018430734801"
    }, {
      "d" : "1756462094446212283",
      "t" : 1756462094446,
      "tn" : 1756462094446212283,
      "q" : "1",
      "p" : "0.7345",
      "s" : "sell",
      "i" : "XTZUSD-PERP",
      "m" : "4611686018430734800"
    }, {
      "d" : "1756462090491304170",
      "t" : 1756462090491,
      "tn" : 1756462090491304170,
      "q" : "500",
      "p" : "0.7343",
      "s" : "buy",
      "i" : "XTZUSD-PERP",
      "m" : "4611686018430734799"
    }, {
      "d" : "1756462090488831759",
      "t" : 1756462090488,
      "tn" : 1756462090488831759,
      "q" : "500",
      "p" : "0.7343",
      "s" : "buy",
      "i" : "XTZUSD-PERP",
      "m" : "4611686018430734798"
    }, {
      "d" : "1756462090488385332",
      "t" : 1756462090488,
      "tn" : 1756462090488385332,
      "q" : "1000",
      "p" : "0.7343",
      "s" : "buy",
      "i" : "XTZUSD-PERP",
      "m" : "4611686018430734797"
    }, {
      "d" : "1756462090488213738",
      "t" : 1756462090488,
      "tn" : 1756462090488213738,
      "q" : "500",
      "p" : "0.7343",
      "s" : "buy",
      "i" : "XTZUSD-PERP",
      "m" : "4611686018430734796"
    }, {
      "d" : "1756462090487911449",
      "t" : 1756462090487,
      "tn" : 1756462090487911449,
      "q" : "500",
      "p" : "0.7343",
      "s" : "buy",
      "i" : "XTZUSD-PERP",
      "m" : "4611686018430734795"
    }, {
      "d" : "1756462090487850815",
      "t" : 1756462090487,
      "tn" : 1756462090487850815,
      "q" : "544",
      "p" : "0.7343",
      "s" : "buy",
      "i" : "XTZUSD-PERP",
      "m" : "4611686018430734794"
    }, {
      "d" : "1756462090487752827",
      "t" : 1756462090487,
      "tn" : 1756462090487752827,
      "q" : "200",
      "p" : "0.7343",
      "s" : "buy",
      "i" : "XTZUSD-PERP",
      "m" : "4611686018430734793"
    }, {
      "d" : "1756462004239689992",
      "t" : 1756462004239,
      "tn" : 1756462004239689992,
      "q" : "199",
      "p" : "0.7335",
      "s" : "buy",
      "i" : "XTZUSD-PERP",
      "m" : "4611686018430734792"
    }, {
      "d" : "1756461960501566113",
      "t" : 1756461960501,
      "tn" : 1756461960501566113,
      "q" : "216",
      "p" : "0.7328",
      "s" : "buy",
      "i" : "XTZUSD-PERP",
      "m" : "4611686018430734791"
    }, {
      "d" : "1756461955362317298",
      "t" : 1756461955362,
      "tn" : 1756461955362317298,
      "q" : "272",
      "p" : "0.7330",
      "s" : "sell",
      "i" : "XTZUSD-PERP",
      "m" : "4611686018430734790"
    }, {
      "d" : "1756461909552254598",
      "t" : 1756461909552,
      "tn" : 1756461909552254598,
      "q" : "272",
      "p" : "0.7328",
      "s" : "sell",
      "i" : "XTZUSD-PERP",
      "m" : "4611686018430734789"
    }, {
      "d" : "1756461855703507281",
      "t" : 1756461855703,
      "tn" : 1756461855703507281,
      "q" : "25",
      "p" : "0.7334",
      "s" : "buy",
      "i" : "XTZUSD-PERP",
      "m" : "4611686018430734788"
    }, {
      "d" : "1756461817915501333",
      "t" : 1756461817915,
      "tn" : 1756461817915501332,
      "q" : "1",
      "p" : "0.7335",
      "s" : "sell",
      "i" : "XTZUSD-PERP",
      "m" : "4611686018430734787"
    }, {
      "d" : "1756461817915501332",
      "t" : 1756461817915,
      "tn" : 1756461817915501332,
      "q" : "1",
      "p" : "0.7335",
      "s" : "sell",
      "i" : "XTZUSD-PERP",
      "m" : "4611686018430734787"
    }, {
      "d" : "1756461635410172017",
      "t" : 1756461635410,
      "tn" : 1756461635410172016,
      "q" : "97",
      "p" : "0.7336",
      "s" : "sell",
      "i" : "XTZUSD-PERP",
      "m" : "4611686018430734786"
    }, {
      "d" : "1756461635410172016",
      "t" : 1756461635410,
      "tn" : 1756461635410172016,
      "q" : "1",
      "p" : "0.7336",
      "s" : "sell",
      "i" : "XTZUSD-PERP",
      "m" : "4611686018430734786"
    }, {
      "d" : "1756461635303712684",
      "t" : 1756461635303,
      "tn" : 1756461635303712684,
      "q" : "500",
      "p" : "0.7332",
      "s" : "buy",
      "i" : "XTZUSD-PERP",
      "m" : "4611686018430734785"
    }, {
      "d" : "1756461635303620768",
      "t" : 1756461635303,
      "tn" : 1756461635303620768,
      "q" : "774",
      "p" : "0.7332",
      "s" : "buy",
      "i" : "XTZUSD-PERP",
      "m" : "4611686018430734784"
    }, {
      "d" : "1756461635301436608",
      "t" : 1756461635301,
      "tn" : 1756461635301436608,
      "q" : "158",
      "p" : "0.7332",
      "s" : "buy",
      "i" : "XTZUSD-PERP",
      "m" : "4611686018430734783"
    }, {
      "d" : "1756461635301116562",
      "t" : 1756461635301,
      "tn" : 1756461635301116562,
      "q" : "315",
      "p" : "0.7332",
      "s" : "buy",
      "i" : "XTZUSD-PERP",
      "m" : "4611686018430734782"
    }, {
      "d" : "1756461635301079437",
      "t" : 1756461635301,
      "tn" : 1756461635301079437,
      "q" : "315",
      "p" : "0.7332",
      "s" : "buy",
      "i" : "XTZUSD-PERP",
      "m" : "4611686018430734781"
    }, {
      "d" : "1756461635300846880",
      "t" : 1756461635300,
      "tn" : 1756461635300846880,
      "q" : "500",
      "p" : "0.7332",
      "s" : "buy",
      "i" : "XTZUSD-PERP",
      "m" : "4611686018430734780"
    }, {
      "d" : "1756461635300616102",
      "t" : 1756461635300,
      "tn" : 1756461635300616102,
      "q" : "315",
      "p" : "0.7332",
      "s" : "buy",
      "i" : "XTZUSD-PERP",
      "m" : "4611686018430734779"
    }, {
      "d" : "1756461635300609087",
      "t" : 1756461635300,
      "tn" : 1756461635300609087,
      "q" : "986",
      "p" : "0.7332",
      "s" : "buy",
      "i" : "XTZUSD-PERP",
      "m" : "4611686018430734778"
    }, {
      "d" : "1756461635216962328",
      "t" : 1756461635216,
      "tn" : 1756461635216962328,
      "q" : "17",
      "p" : "0.7332",
      "s" : "buy",
      "i" : "XTZUSD-PERP",
      "m" : "4611686018430734777"
    }, {
      "d" : "1756461634290160265",
      "t" : 1756461634290,
      "tn" : 1756461634290160265,
      "q" : "28",
      "p" : "0.7332",
      "s" : "buy",
      "i" : "XTZUSD-PERP",
      "m" : "4611686018430734776"
    }, {
      "d" : "1756461633576994636",
      "t" : 1756461633576,
      "tn" : 1756461633576994636,
      "q" : "18",
      "p" : "0.7332",
      "s" : "buy",
      "i" : "XTZUSD-PERP",
      "m" : "4611686018430734775"
    }, {
      "d" : "1756461633477769822",
      "t" : 1756461633477,
      "tn" : 1756461633477769822,
      "q" : "17",
      "p" : "0.7332",
      "s" : "buy",
      "i" : "XTZUSD-PERP",
      "m" : "4611686018430734774"
    }, {
      "d" : "1756461633330300304",
      "t" : 1756461633330,
      "tn" : 1756461633330300304,
      "q" : "24",
      "p" : "0.7332",
      "s" : "buy",
      "i" : "XTZUSD-PERP",
      "m" : "4611686018430734773"
    }, {
      "d" : "1756461633252483731",
      "t" : 1756461633252,
      "tn" : 1756461633252483731,
      "q" : "18",
      "p" : "0.7332",
      "s" : "buy",
      "i" : "XTZUSD-PERP",
      "m" : "4611686018430734772"
    }, {
      "d" : "1756461633129720035",
      "t" : 1756461633129,
      "tn" : 1756461633129720035,
      "q" : "17",
      "p" : "0.7332",
      "s" : "buy",
      "i" : "XTZUSD-PERP",
      "m" : "4611686018430734771"
    }, {
      "d" : "1756461617203170749",
      "t" : 1756461617203,
      "tn" : 1756461617203170749,
      "q" : "14",
      "p" : "0.7330",
      "s" : "buy",
      "i" : "XTZUSD-PERP",
      "m" : "4611686018430734770"
    }, {
      "d" : "1756461617203156954",
      "t" : 1756461617203,
      "tn" : 1756461617203156954,
      "q" : "152",
      "p" : "0.7330",
      "s" : "buy",
      "i" : "XTZUSD-PERP",
      "m" : "4611686018430734769"
    }, {
      "d" : "1756461491657682411",
      "t" : 1756461491657,
      "tn" : 1756461491657682411,
      "q" : "1",
      "p" : "0.7335",
      "s" : "sell",
      "i" : "XTZUSD-PERP",
      "m" : "4611686018430734768"
    }, {
      "d" : "1756461491657593136",
      "t" : 1756461491657,
      "tn" : 1756461491657593136,
      "q" : "41",
      "p" : "0.7336",
      "s" : "sell",
      "i" : "XTZUSD-PERP",
      "m" : "4611686018430734767"
    }, {
      "d" : "1756461491657575816",
      "t" : 1756461491657,
      "tn" : 1756461491657575815,
      "q" : "231",
      "p" : "0.7336",
      "s" : "sell",
      "i" : "XTZUSD-PERP",
      "m" : "4611686018430734766"
    }, {
      "d" : "1756461491657575815",
      "t" : 1756461491657,
      "tn" : 1756461491657575815,
      "q" : "1",
      "p" : "0.7336",
      "s" : "sell",
      "i" : "XTZUSD-PERP",
      "m" : "4611686018430734766"
    }, {
      "d" : "1756461478756241498",
      "t" : 1756461478756,
      "tn" : 1756461478756241498,
      "q" : "315",
      "p" : "0.7337",
      "s" : "buy",
      "i" : "XTZUSD-PERP",
      "m" : "4611686018430734765"
    }, {
      "d" : "1756461478756236338",
      "t" : 1756461478756,
      "tn" : 1756461478756236338,
      "q" : "272",
      "p" : "0.7337",
      "s" : "buy",
      "i" : "XTZUSD-PERP",
      "m" : "4611686018430734764"
    }, {
      "d" : "1756461441367152038",
      "t" : 1756461441367,
      "tn" : 1756461441367152038,
      "q" : "3",
      "p" : "0.7340",
      "s" : "buy",
      "i" : "XTZUSD-PERP",
      "m" : "4611686018430734763"
    }, {
      "d" : "1756461441367150971",
      "t" : 1756461441367,
      "tn" : 1756461441367150970,
      "q" : "1",
      "p" : "0.7339",
      "s" : "buy",
      "i" : "XTZUSD-PERP",
      "m" : "4611686018430734762"
    }, {
      "d" : "1756461441367150970",
      "t" : 1756461441367,
      "tn" : 1756461441367150970,
      "q" : "96",
      "p" : "0.7339",
      "s" : "buy",
      "i" : "XTZUSD-PERP",
      "m" : "4611686018430734762"
    }, {
      "d" : "1756461441366247281",
      "t" : 1756461441366,
      "tn" : 1756461441366247281,
      "q" : "1",
      "p" : "0.7336",
      "s" : "buy",
      "i" : "XTZUSD-PERP",
      "m" : "4611686018430734761"
    }, {
      "d" : "1756461386055066882",
      "t" : 1756461386055,
      "tn" : 1756461386055066881,
      "q" : "1",
      "p" : "0.7335",
      "s" : "sell",
      "i" : "XTZUSD-PERP",
      "m" : "4611686018430734760"
    }, {
      "d" : "1756461386055066881",
      "t" : 1756461386055,
      "tn" : 1756461386055066881,
      "q" : "1",
      "p" : "0.7335",
      "s" : "sell",
      "i" : "XTZUSD-PERP",
      "m" : "4611686018430734760"
    }, {
      "d" : "1756461383650921240",
      "t" : 1756461383650,
      "tn" : 1756461383650921240,
      "q" : "1",
      "p" : "0.7335",
      "s" : "sell",
      "i" : "XTZUSD-PERP",
      "m" : "4611686018430734759"
    }, {
      "d" : "1756461345736017385",
      "t" : 1756461345736,
      "tn" : 1756461345736017385,
      "q" : "1",
      "p" : "0.7336",
      "s" : "sell",
      "i" : "XTZUSD-PERP",
      "m" : "4611686018430734758"
    }, {
      "d" : "1756461340626806661",
      "t" : 1756461340626,
      "tn" : 1756461340626806661,
      "q" : "272",
      "p" : "0.7338",
      "s" : "sell",
      "i" : "XTZUSD-PERP",
      "m" : "4611686018430734757"
    }, {
      "d" : "1756461334385015554",
      "t" : 1756461334385,
      "tn" : 1756461334385015554,
      "q" : "263",
      "p" : "0.7338",
      "s" : "sell",
      "i" : "XTZUSD-PERP",
      "m" : "4611686018430734756"
    }, {
      "d" : "1756461298455951125",
      "t" : 1756461298455,
      "tn" : 1756461298455951125,
      "q" : "264",
      "p" : "0.7338",
      "s" : "sell",
      "i" : "XTZUSD-PERP",
      "m" : "4611686018430734755"
    }, {
      "d" : "1756461277510556497",
      "t" : 1756461277510,
      "tn" : 1756461277510556497,
      "q" : "96",
      "p" : "0.7337",
      "s" : "sell",
      "i" : "XTZUSD-PERP",
      "m" : "4611686018430734754"
    }, {
      "d" : "1756461136221195200",
      "t" : 1756461136221,
      "tn" : 1756461136221195198,
      "q" : "1",
      "p" : "0.7344",
      "s" : "sell",
      "i" : "XTZUSD-PERP",
      "m" : "4611686018430734753"
    }, {
      "d" : "1756461136221195199",
      "t" : 1756461136221,
      "tn" : 1756461136221195198,
      "q" : "1",
      "p" : "0.7344",
      "s" : "sell",
      "i" : "XTZUSD-PERP",
      "m" : "4611686018430734753"
    }, {
      "d" : "1756461136221195198",
      "t" : 1756461136221,
      "tn" : 1756461136221195198,
      "q" : "272",
      "p" : "0.7344",
      "s" : "sell",
      "i" : "XTZUSD-PERP",
      "m" : "4611686018430734753"
    }, {
      "d" : "1756461121279141306",
      "t" : 1756461121279,
      "tn" : 1756461121279141306,
      "q" : "14",
      "p" : "0.7345",
      "s" : "buy",
      "i" : "XTZUSD-PERP",
      "m" : "4611686018430734752"
    }, {
      "d" : "1756461119891143417",
      "t" : 1756461119891,
      "tn" : 1756461119891143417,
      "q" : "315",
      "p" : "0.7345",
      "s" : "buy",
      "i" : "XTZUSD-PERP",
      "m" : "4611686018430734751"
    }, {
      "d" : "1756461119879906917",
      "t" : 1756461119879,
      "tn" : 1756461119879906917,
      "q" : "315",
      "p" : "0.7345",
      "s" : "buy",
      "i" : "XTZUSD-PERP",
      "m" : "4611686018430734750"
    }, {
      "d" : "1756461119766514038",
      "t" : 1756461119766,
      "tn" : 1756461119766514038,
      "q" : "280",
      "p" : "0.7345",
      "s" : "buy",
      "i" : "XTZUSD-PERP",
      "m" : "4611686018430734749"
    }, {
      "d" : "1756461119740513343",
      "t" : 1756461119740,
      "tn" : 1756461119740513343,
      "q" : "416",
      "p" : "0.7345",
      "s" : "buy",
      "i" : "XTZUSD-PERP",
      "m" : "4611686018430734748"
    }, {
      "d" : "1756461119729470176",
      "t" : 1756461119729,
      "tn" : 1756461119729470176,
      "q" : "315",
      "p" : "0.7345",
      "s" : "buy",
      "i" : "XTZUSD-PERP",
      "m" : "4611686018430734747"
    }, {
      "d" : "1756461119728814145",
      "t" : 1756461119728,
      "tn" : 1756461119728814145,
      "q" : "200",
      "p" : "0.7345",
      "s" : "buy",
      "i" : "XTZUSD-PERP",
      "m" : "4611686018430734746"
    }, {
      "d" : "1756461119728741734",
      "t" : 1756461119728,
      "tn" : 1756461119728741734,
      "q" : "1000",
      "p" : "0.7345",
      "s" : "buy",
      "i" : "XTZUSD-PERP",
      "m" : "4611686018430734745"
    }, {
      "d" : "1756461119728672097",
      "t" : 1756461119728,
      "tn" : 1756461119728672097,
      "q" : "315",
      "p" : "0.7345",
      "s" : "buy",
      "i" : "XTZUSD-PERP",
      "m" : "4611686018430734744"
    }, {
      "d" : "1756461119728138065",
      "t" : 1756461119728,
      "tn" : 1756461119728138065,
      "q" : "630",
      "p" : "0.7345",
      "s" : "buy",
      "i" : "XTZUSD-PERP",
      "m" : "4611686018430734743"
    }, {
      "d" : "1756461119727281548",
      "t" : 1756461119727,
      "tn" : 1756461119727281548,
      "q" : "500",
      "p" : "0.7345",
      "s" : "buy",
      "i" : "XTZUSD-PERP",
      "m" : "4611686018430734742"
    }, {
      "d" : "1756461119514546886",
      "t" : 1756461119514,
      "tn" : 1756461119514546886,
      "q" : "15",
      "p" : "0.7345",
      "s" : "buy",
      "i" : "XTZUSD-PERP",
      "m" : "4611686018430734741"
    }, {
      "d" : "1756461119514544290",
      "t" : 1756461119514,
      "tn" : 1756461119514544290,
      "q" : "278",
      "p" : "0.7345",
      "s" : "buy",
      "i" : "XTZUSD-PERP",
      "m" : "4611686018430734740"
    }, {
      "d" : "1756461060759230238",
      "t" : 1756461060759,
      "tn" : 1756461060759230238,
      "q" : "51",
      "p" : "0.7344",
      "s" : "buy",
      "i" : "XTZUSD-PERP",
      "m" : "4611686018430734739"
    }, {
      "d" : "1756461050343222591",
      "t" : 1756461050343,
      "tn" : 1756461050343222591,
      "q" : "27",
      "p" : "0.7346",
      "s" : "buy",
      "i" : "XTZUSD-PERP",
      "m" : "4611686018430734738"
    }, {
      "d" : "1756461050342476224",
      "t" : 1756461050342,
      "tn" : 1756461050342476224,
      "q" : "20",
      "p" : "0.7346",
      "s" : "buy",
      "i" : "XTZUSD-PERP",
      "m" : "4611686018430734737"
    }, {
      "d" : "1756461050209184531",
      "t" : 1756461050209,
      "tn" : 1756461050209184531,
      "q" : "500",
      "p" : "0.7346",
      "s" : "buy",
      "i" : "XTZUSD-PERP",
      "m" : "4611686018430734736"
    }, {
      "d" : "1756461050139994178",
      "t" : 1756461050139,
      "tn" : 1756461050139994178,
      "q" : "315",
      "p" : "0.7346",
      "s" : "buy",
      "i" : "XTZUSD-PERP",
      "m" : "4611686018430734735"
    }, {
      "d" : "1756461050133524430",
      "t" : 1756461050133,
      "tn" : 1756461050133524430,
      "q" : "500",
      "p" : "0.7346",
      "s" : "buy",
      "i" : "XTZUSD-PERP",
      "m" : "4611686018430734734"
    }, {
      "d" : "1756461050100750739",
      "t" : 1756461050100,
      "tn" : 1756461050100750739,
      "q" : "500",
      "p" : "0.7346",
      "s" : "buy",
      "i" : "XTZUSD-PERP",
      "m" : "4611686018430734733"
    }, {
      "d" : "1756461050091148980",
      "t" : 1756461050091,
      "tn" : 1756461050091148980,
      "q" : "315",
      "p" : "0.7346",
      "s" : "buy",
      "i" : "XTZUSD-PERP",
      "m" : "4611686018430734732"
    }, {
      "d" : "1756461050069385079",
      "t" : 1756461050069,
      "tn" : 1756461050069385079,
      "q" : "500",
      "p" : "0.7346",
      "s" : "buy",
      "i" : "XTZUSD-PERP",
      "m" : "4611686018430734731"
    }, {
      "d" : "1756461050067989138",
      "t" : 1756461050067,
      "tn" : 1756461050067989138,
      "q" : "315",
      "p" : "0.7346",
      "s" : "buy",
      "i" : "XTZUSD-PERP",
      "m" : "4611686018430734730"
    }, {
      "d" : "1756461050067821642",
      "t" : 1756461050067,
      "tn" : 1756461050067821642,
      "q" : "1041",
      "p" : "0.7346",
      "s" : "buy",
      "i" : "XTZUSD-PERP",
      "m" : "4611686018430734729"
    }, {
      "d" : "1756461050067565542",
      "t" : 1756461050067,
      "tn" : 1756461050067565542,
      "q" : "315",
      "p" : "0.7346",
      "s" : "buy",
      "i" : "XTZUSD-PERP",
      "m" : "4611686018430734728"
    }, {
      "d" : "1756461050067469356",
      "t" : 1756461050067,
      "tn" : 1756461050067469356,
      "q" : "315",
      "p" : "0.7346",
      "s" : "buy",
      "i" : "XTZUSD-PERP",
      "m" : "4611686018430734727"
    }, {
      "d" : "1756461049278730639",
      "t" : 1756461049278,
      "tn" : 1756461049278730639,
      "q" : "378",
      "p" : "0.7345",
      "s" : "buy",
      "i" : "XTZUSD-PERP",
      "m" : "4611686018430734726"
    }, {
      "d" : "1756461043838892141",
      "t" : 1756461043838,
      "tn" : 1756461043838892141,
      "q" : "21",
      "p" : "0.7345",
      "s" : "buy",
      "i" : "XTZUSD-PERP",
      "m" : "4611686018430734725"
    }, {
      "d" : "1756461043792463974",
      "t" : 1756461043792,
      "tn" : 1756461043792463974,
      "q" : "29",
      "p" : "0.7345",
      "s" : "buy",
      "i" : "XTZUSD-PERP",
      "m" : "4611686018430734724"
    }, {
      "d" : "1756461042814462587",
      "t" : 1756461042814,
      "tn" : 1756461042814462587,
      "q" : "15",
      "p" : "0.7345",
      "s" : "buy",
      "i" : "XTZUSD-PERP",
      "m" : "4611686018430734723"
    }, {
      "d" : "1756461042794734852",
      "t" : 1756461042794,
      "tn" : 1756461042794734852,
      "q" : "30",
      "p" : "0.7345",
      "s" : "buy",
      "i" : "XTZUSD-PERP",
      "m" : "4611686018430734722"
    }, {
      "d" : "1756461042743002989",
      "t" : 1756461042743,
      "tn" : 1756461042743002989,
      "q" : "15",
      "p" : "0.7345",
      "s" : "buy",
      "i" : "XTZUSD-PERP",
      "m" : "4611686018430734721"
    }, {
      "d" : "1756461042657800527",
      "t" : 1756461042657,
      "tn" : 1756461042657800527,
      "q" : "40",
      "p" : "0.7345",
      "s" : "buy",
      "i" : "XTZUSD-PERP",
      "m" : "4611686018430734720"
    }, {
      "d" : "1756461042657797932",
      "t" : 1756461042657,
      "tn" : 1756461042657797932,
      "q" : "43",
      "p" : "0.7345",
      "s" : "buy",
      "i" : "XTZUSD-PERP",
      "m" : "4611686018430734719"
    }, {
      "d" : "1756461012987171350",
      "t" : 1756461012987,
      "tn" : 1756461012987171350,
      "q" : "1",
      "p" : "0.7357",
      "s" : "sell",
      "i" : "XTZUSD-PERP",
      "m" : "4611686018430734718"
    }, {
      "d" : "1756460940212451745",
      "t" : 1756460940212,
      "tn" : 1756460940212451745,
      "q" : "500",
      "p" : "0.7364",
      "s" : "sell",
      "i" : "XTZUSD-PERP",
      "m" : "4611686018430734717"
    }, {
      "d" : "1756460940168894407",
      "t" : 1756460940168,
      "tn" : 1756460940168894407,
      "q" : "500",
      "p" : "0.7364",
      "s" : "sell",
      "i" : "XTZUSD-PERP",
      "m" : "4611686018430734716"
    }, {
      "d" : "1756460940164109547",
      "t" : 1756460940164,
      "tn" : 1756460940164109547,
      "q" : "249",
      "p" : "0.7364",
      "s" : "sell",
      "i" : "XTZUSD-PERP",
      "m" : "4611686018430734715"
    }, {
      "d" : "1756460904765999915",
      "t" : 1756460904765,
      "tn" : 1756460904765999915,
      "q" : "315",
      "p" : "0.7370",
      "s" : "buy",
      "i" : "XTZUSD-PERP",
      "m" : "4611686018430734714"
    }, {
      "d" : "1756460904765540037",
      "t" : 1756460904765,
      "tn" : 1756460904765540037,
      "q" : "905",
      "p" : "0.7370",
      "s" : "buy",
      "i" : "XTZUSD-PERP",
      "m" : "4611686018430734713"
    }, {
      "d" : "1756460904765536218",
      "t" : 1756460904765,
      "tn" : 1756460904765536218,
      "q" : "630",
      "p" : "0.7370",
      "s" : "buy",
      "i" : "XTZUSD-PERP",
      "m" : "4611686018430734712"
    }, {
      "d" : "1756460904765115404",
      "t" : 1756460904765,
      "tn" : 1756460904765115404,
      "q" : "315",
      "p" : "0.7370",
      "s" : "buy",
      "i" : "XTZUSD-PERP",
      "m" : "4611686018430734711"
    }, {
      "d" : "1756460904739692679",
      "t" : 1756460904739,
      "tn" : 1756460904739692679,
      "q" : "59",
      "p" : "0.7370",
      "s" : "buy",
      "i" : "XTZUSD-PERP",
      "m" : "4611686018430734710"
    }, {
      "d" : "1756460804031768123",
      "t" : 1756460804031,
      "tn" : 1756460804031768123,
      "q" : "1",
      "p" : "0.7367",
      "s" : "sell",
      "i" : "XTZUSD-PERP",
      "m" : "4611686018430734709"
    }, {
      "d" : "1756460672197325273",
      "t" : 1756460672197,
      "tn" : 1756460672197325273,
      "q" : "91",
      "p" : "0.7353",
      "s" : "sell",
      "i" : "XTZUSD-PERP",
      "m" : "4611686018430734708"
    }, {
      "d" : "1756460549761811434",
      "t" : 1756460549761,
      "tn" : 1756460549761811434,
      "q" : "46",
      "p" : "0.7351",
      "s" : "sell",
      "i" : "XTZUSD-PERP",
      "m" : "4611686018430734707"
    } ]
  }
}