{
  "id" : -1,
  "method" : "public/get-trades",
  "code" : 0,
  "result" : {
    "data" : [ {
      "d" : "1756458876798175647",
      "t" : 1756458876798,
      "tn" : 1756458876798175647,
      "q" : "11360",
      "p" : "0.0098757",
      "s" : "sell",
      "i" : "XYO_USD",
      "m" : "4611686018430606934"
    }, {
      "d" : "1756458870822020991",
      "t" : 1756458870822,
      "tn" : 1756458870822020991,
      "q" : "120",
      "p" : "0.0099117",
      "s" : "sell",
      "i" : "XYO_USD",
      "m" : "4611686018430606933"
    }, {
      "d" : "1756458864674675509",
      "t" : 1756458864674,
      "tn" : 1756458864674675509,
      "q" : "120",
      "p" : "0.0099119",
      "s" : "sell",
      "i" : "XYO_USD",
      "m" : "4611686018430606932"
    }, {
      "d" : "1756458689120217462",
      "t" : 1756458689120,
      "tn" : 1756458689120217462,
      "q" : "80",
      "p" : "0.0099818",
      "s" : "sell",
      "i" : "XYO_USD",
      "m" : "4611686018430606931"
    }, {
      "d" : "1756458680490758189",
      "t" : 1756458680490,
      "tn" : 1756458680490758189,
      "q" : "120",
      "p" : "0.0099818",
      "s" : "sell",
      "i" : "XYO_USD",
      "m" : "4611686018430606930"
    }, {
      "d" : "1756458680435731298",
      "t" : 1756458680435,
      "tn" : 1756458680435731298,
      "q" : "120",
      "p" : "0.0099818",
      "s" : "sell",
      "i" : "XYO_USD",
      "m" : "4611686018430606929"
    }, {
      "d" : "1756458680415654227",
      "t" : 1756458680415,
      "tn" : 1756458680415654227,
      "q" : "120",
      "p" : "0.0099818",
      "s" : "sell",
      "i" : "XYO_USD",
      "m" : "4611686018430606928"
    }, {
      "d" : "1756458680390705004",
      "t" : 1756458680390,
      "tn" : 1756458680390705004,
      "q" : "120",
      "p" : "0.0099818",
      "s" : "sell",
      "i" : "XYO_USD",
      "m" : "4611686018430606927"
    }, {
      "d" : "1756458680194375847",
      "t" : 1756458680194,
      "tn" : 1756458680194375847,
      "q" : "120",
      "p" : "0.0099818",
      "s" : "sell",
      "i" : "XYO_USD",
      "m" : "4611686018430606926"
    }, {
      "d" : "1756458680144335993",
      "t" : 1756458680144,
      "tn" : 1756458680144335993,
      "q" : "120",
      "p" : "0.0099818",
      "s" : "sell",
      "i" : "XYO_USD",
      "m" : "4611686018430606925"
    }, {
      "d" : "1756458680104292518",
      "t" : 1756458680104,
      "tn" : 1756458680104292518,
      "q" : "120",
      "p" : "0.0099818",
      "s" : "sell",
      "i" : "XYO_USD",
      "m" : "4611686018430606924"
    }, {
      "d" : "1756458680074294801",
      "t" : 1756458680074,
      "tn" : 1756458680074294801,
      "q" : "120",
      "p" : "0.0099818",
      "s" : "sell",
      "i" : "XYO_USD",
      "m" : "4611686018430606923"
    }, {
      "d" : "1756458680014236132",
      "t" : 1756458680014,
      "tn" : 1756458680014236132,
      "q" : "120",
      "p" : "0.0099818",
      "s" : "sell",
      "i" : "XYO_USD",
      "m" : "4611686018430606922"
    }, {
      "d" : "1756458679924082123",
      "t" : 1756458679924,
      "tn" : 1756458679924082123,
      "q" : "120",
      "p" : "0.0099818",
      "s" : "sell",
      "i" : "XYO_USD",
      "m" : "4611686018430606921"
    }, {
      "d" : "1756458679899088737",
      "t" : 1756458679899,
      "tn" : 1756458679899088737,
      "q" : "120",
      "p" : "0.0099818",
      "s" : "sell",
      "i" : "XYO_USD",
      "m" : "4611686018430606920"
    }, {
      "d" : "1756458679708108558",
      "t" : 1756458679708,
      "tn" : 1756458679708108558,
      "q" : "120",
      "p" : "0.0099818",
      "s" : "sell",
      "i" : "XYO_USD",
      "m" : "4611686018430606919"
    }, {
      "d" : "1756458679527876544",
      "t" : 1756458679527,
      "tn" : 1756458679527876544,
      "q" : "120",
      "p" : "0.0099818",
      "s" : "sell",
      "i" : "XYO_USD",
      "m" : "4611686018430606918"
    }, {
      "d" : "1756458679442632668",
      "t" : 1756458679442,
      "tn" : 1756458679442632668,
      "q" : "120",
      "p" : "0.0099818",
      "s" : "sell",
      "i" : "XYO_USD",
      "m" : "4611686018430606917"
    }, {
      "d" : "1756458678930975916",
      "t" : 1756458678930,
      "tn" : 1756458678930975916,
      "q" : "120",
      "p" : "0.0099818",
      "s" : "sell",
      "i" : "XYO_USD",
      "m" : "4611686018430606916"
    }, {
      "d" : "1756458678830682737",
      "t" : 1756458678830,
      "tn" : 1756458678830682737,
      "q" : "120",
      "p" : "0.0099818",
      "s" : "sell",
      "i" : "XYO_USD",
      "m" : "4611686018430606915"
    }, {
      "d" : "1756458678750515098",
      "t" : 1756458678750,
      "tn" : 1756458678750515098,
      "q" : "120",
      "p" : "0.0099818",
      "s" : "sell",
      "i" : "XYO_USD",
      "m" : "4611686018430606914"
    }, {
      "d" : "1756458678720436677",
      "t" : 1756458678720,
      "tn" : 1756458678720436677,
      "q" : "120",
      "p" : "0.0099818",
      "s" : "sell",
      "i" : "XYO_USD",
      "m" : "4611686018430606913"
    }, {
      "d" : "1756458678690148909",
      "t" : 1756458678690,
      "tn" : 1756458678690148909,
      "q" : "120",
      "p" : "0.0099818",
      "s" : "sell",
      "i" : "XYO_USD",
      "m" : "4611686018430606912"
    }, {
      "d" : "1756458678675145312",
      "t" : 1756458678675,
      "tn" : 1756458678675145312,
      "q" : "120",
      "p" : "0.0099818",
      "s" : "sell",
      "i" : "XYO_USD",
      "m" : "4611686018430606911"
    }, {
      "d" : "1756458678635105964",
      "t" : 1756458678635,
      "tn" : 1756458678635105964,
      "q" : "120",
      "p" : "0.0099818",
      "s" : "sell",
      "i" : "XYO_USD",
      "m" : "4611686018430606910"
    }, {
      "d" : "1756458678615128470",
      "t" : 1756458678615,
      "tn" : 1756458678615128470,
      "q" : "120",
      "p" : "0.0099818",
      "s" : "sell",
      "i" : "XYO_USD",
      "m" : "4611686018430606909"
    }, {
      "d" : "1756458678580347827",
      "t" : 1756458678580,
      "tn" : 1756458678580347827,
      "q" : "120",
      "p" : "0.0099818",
      "s" : "sell",
      "i" : "XYO_USD",
      "m" : "4611686018430606908"
    }, {
      "d" : "1756458671161303762",
      "t" : 1756458671161,
      "tn" : 1756458671161303762,
      "q" : "1160",
      "p" : "0.0099818",
      "s" : "sell",
      "i" : "XYO_USD",
      "m" : "4611686018430606907"
    }, {
      "d" : "1756458663195921028",
      "t" : 1756458663195,
      "tn" : 1756458663195921028,
      "q" : "120",
      "p" : "0.0099818",
      "s" : "sell",
      "i" : "XYO_USD",
      "m" : "4611686018430606906"
    }, {
      "d" : "1756458663145848165",
      "t" : 1756458663145,
      "tn" : 1756458663145848165,
      "q" : "120",
      "p" : "0.0099818",
      "s" : "sell",
      "i" : "XYO_USD",
      "m" : "4611686018430606905"
    }, {
      "d" : "1756458663130838819",
      "t" : 1756458663130,
      "tn" : 1756458663130838819,
      "q" : "120",
      "p" : "0.0099818",
      "s" : "sell",
      "i" : "XYO_USD",
      "m" : "4611686018430606904"
    }, {
      "d" : "1756458663080779994",
      "t" : 1756458663080,
      "tn" : 1756458663080779994,
      "q" : "120",
      "p" : "0.0099818",
      "s" : "sell",
      "i" : "XYO_USD",
      "m" : "4611686018430606903"
    }, {
      "d" : "1756458663045899089",
      "t" : 1756458663045,
      "tn" : 1756458663045899089,
      "q" : "120",
      "p" : "0.0099818",
      "s" : "sell",
      "i" : "XYO_USD",
      "m" : "4611686018430606902"
    }, {
      "d" : "1756458662759980456",
      "t" : 1756458662759,
      "tn" : 1756458662759980456,
      "q" : "120",
      "p" : "0.0099818",
      "s" : "sell",
      "i" : "XYO_USD",
      "m" : "4611686018430606901"
    }, {
      "d" : "1756458657523534323",
      "t" : 1756458657523,
      "tn" : 1756458657523534323,
      "q" : "120",
      "p" : "0.0099818",
      "s" : "sell",
      "i" : "XYO_USD",
      "m" : "4611686018430606900"
    }, {
      "d" : "1756458656525760513",
      "t" : 1756458656525,
      "tn" : 1756458656525760513,
      "q" : "120",
      "p" : "0.0099818",
      "s" : "sell",
      "i" : "XYO_USD",
      "m" : "4611686018430606899"
    }, {
      "d" : "1756458655673146940",
      "t" : 1756458655673,
      "tn" : 1756458655673146940,
      "q" : "120",
      "p" : "0.0099818",
      "s" : "sell",
      "i" : "XYO_USD",
      "m" : "4611686018430606898"
    }, {
      "d" : "1756458655643086675",
      "t" : 1756458655643,
      "tn" : 1756458655643086675,
      "q" : "120",
      "p" : "0.0099818",
      "s" : "sell",
      "i" : "XYO_USD",
      "m" : "4611686018430606897"
    }, {
      "d" : "1756458655523023384",
      "t" : 1756458655523,
      "tn" : 1756458655523023384,
      "q" : "120",
      "p" : "0.0099818",
      "s" : "sell",
      "i" : "XYO_USD",
      "m" : "4611686018430606896"
    }, {
      "d" : "1756458655452881146",
      "t" : 1756458655452,
      "tn" : 1756458655452881146,
      "q" : "120",
      "p" : "0.0099818",
      "s" : "sell",
      "i" : "XYO_USD",
      "m" : "4611686018430606895"
    }, {
      "d" : "1756458655432956610",
      "t" : 1756458655432,
      "tn" : 1756458655432956610,
      "q" : "120",
      "p" : "0.0099818",
      "s" : "sell",
      "i" : "XYO_USD",
      "m" : "4611686018430606894"
    }, {
      "d" : "1756458654981415902",
      "t" : 1756458654981,
      "tn" : 1756458654981415902,
      "q" : "120",
      "p" : "0.0099818",
      "s" : "sell",
      "i" : "XYO_USD",
      "m" : "4611686018430606893"
    }, {
      "d" : "1756458654916414650",
      "t" : 1756458654916,
      "tn" : 1756458654916414650,
      "q" : "120",
      "p" : "0.0099818",
      "s" : "sell",
      "i" : "XYO_USD",
      "m" : "4611686018430606892"
    }, {
      "d" : "1756458654575281216",
      "t" : 1756458654575,
      "tn" : 1756458654575281216,
      "q" : "120",
      "p" : "0.0099818",
      "s" : "sell",
      "i" : "XYO_USD",
      "m" : "4611686018430606891"
    }, {
      "d" : "1756458654530275692",
      "t" : 1756458654530,
      "tn" : 1756458654530275692,
      "q" : "120",
      "p" : "0.0099818",
      "s" : "sell",
      "i" : "XYO_USD",
      "m" : "4611686018430606890"
    }, {
      "d" : "1756458654320005258",
      "t" : 1756458654320,
      "tn" : 1756458654320005258,
      "q" : "120",
      "p" : "0.0099818",
      "s" : "sell",
      "i" : "XYO_USD",
      "m" : "4611686018430606889"
    }, {
      "d" : "1756458654043827083",
      "t" : 1756458654043,
      "tn" : 1756458654043827083,
      "q" : "120",
      "p" : "0.0099818",
      "s" : "sell",
      "i" : "XYO_USD",
      "m" : "4611686018430606888"
    }, {
      "d" : "1756458653943638171",
      "t" : 1756458653943,
      "tn" : 1756458653943638171,
      "q" : "120",
      "p" : "0.0099818",
      "s" : "sell",
      "i" : "XYO_USD",
      "m" : "4611686018430606887"
    }, {
      "d" : "1756458653923786124",
      "t" : 1756458653923,
      "tn" : 1756458653923786124,
      "q" : "120",
      "p" : "0.0099818",
      "s" : "sell",
      "i" : "XYO_USD",
      "m" : "4611686018430606886"
    }, {
      "d" : "1756458653527571716",
      "t" : 1756458653527,
      "tn" : 1756458653527571716,
      "q" : "120",
      "p" : "0.0099818",
      "s" : "sell",
      "i" : "XYO_USD",
      "m" : "4611686018430606885"
    }, {
      "d" : "1756458650023667099",
      "t" : 1756458650023,
      "tn" : 1756458650023667099,
      "q" : "120",
      "p" : "0.0099818",
      "s" : "sell",
      "i" : "XYO_USD",
      "m" : "4611686018430606884"
    }, {
      "d" : "1756458649983479101",
      "t" : 1756458649983,
      "tn" : 1756458649983479101,
      "q" : "120",
      "p" : "0.0099818",
      "s" : "sell",
      "i" : "XYO_USD",
      "m" : "4611686018430606883"
    }, {
      "d" : "1756458649948434658",
      "t" : 1756458649948,
      "tn" : 1756458649948434658,
      "q" : "120",
      "p" : "0.0099818",
      "s" : "sell",
      "i" : "XYO_USD",
      "m" : "4611686018430606882"
    }, {
      "d" : "1756458649918415948",
      "t" : 1756458649918,
      "tn" : 1756458649918415948,
      "q" : "120",
      "p" : "0.0099818",
      "s" : "sell",
      "i" : "XYO_USD",
      "m" : "4611686018430606881"
    }, {
      "d" : "1756458649898431091",
      "t" : 1756458649898,
      "tn" : 1756458649898431091,
      "q" : "120",
      "p" : "0.0099818",
      "s" : "sell",
      "i" : "XYO_USD",
      "m" : "4611686018430606880"
    }, {
      "d" : "1756458649682798936",
      "t" : 1756458649682,
      "tn" : 1756458649682798936,
      "q" : "120",
      "p" : "0.0099818",
      "s" : "sell",
      "i" : "XYO_USD",
      "m" : "4611686018430606879"
    }, {
      "d" : "1756458649527858958",
      "t" : 1756458649527,
      "tn" : 1756458649527858958,
      "q" : "120",
      "p" : "0.0099818",
      "s" : "sell",
      "i" : "XYO_USD",
      "m" : "4611686018430606878"
    }, {
      "d" : "1756458649121272711",
      "t" : 1756458649121,
      "tn" : 1756458649121272711,
      "q" : "120",
      "p" : "0.0099818",
      "s" : "sell",
      "i" : "XYO_USD",
      "m" : "4611686018430606877"
    }, {
      "d" : "1756458649101448476",
      "t" : 1756458649101,
      "tn" : 1756458649101448476,
      "q" : "120",
      "p" : "0.0099818",
      "s" : "sell",
      "i" : "XYO_USD",
      "m" : "4611686018430606876"
    }, {
      "d" : "1756458648530128290",
      "t" : 1756458648530,
      "tn" : 1756458648530128290,
      "q" : "120",
      "p" : "0.0099818",
      "s" : "sell",
      "i" : "XYO_USD",
      "m" : "4611686018430606875"
    }, {
      "d" : "1756458648465276615",
      "t" : 1756458648465,
      "tn" : 1756458648465276615,
      "q" : "120",
      "p" : "0.0099818",
      "s" : "sell",
      "i" : "XYO_USD",
      "m" : "4611686018430606874"
    }, {
      "d" : "1756458648058735038",
      "t" : 1756458648058,
      "tn" : 1756458648058735038,
      "q" : "120",
      "p" : "0.0099818",
      "s" : "sell",
      "i" : "XYO_USD",
      "m" : "4611686018430606873"
    }, {
      "d" : "1756458647928577314",
      "t" : 1756458647928,
      "tn" : 1756458647928577314,
      "q" : "120",
      "p" : "0.0099818",
      "s" : "sell",
      "i" : "XYO_USD",
      "m" : "4611686018430606872"
    }, {
      "d" : "1756458647883664220",
      "t" : 1756458647883,
      "tn" : 1756458647883664220,
      "q" : "120",
      "p" : "0.0099818",
      "s" : "sell",
      "i" : "XYO_USD",
      "m" : "4611686018430606871"
    }, {
      "d" : "1756458645256357615",
      "t" : 1756458645256,
      "tn" : 1756458645256357615,
      "q" : "120",
      "p" : "0.0099818",
      "s" : "sell",
      "i" : "XYO_USD",
      "m" : "4611686018430606870"
    }, {
      "d" : "1756458645056125903",
      "t" : 1756458645056,
      "tn" : 1756458645056125903,
      "q" : "120",
      "p" : "0.0099818",
      "s" : "sell",
      "i" : "XYO_USD",
      "m" : "4611686018430606869"
    }, {
      "d" : "1756458644915900739",
      "t" : 1756458644915,
      "tn" : 1756458644915900739,
      "q" : "120",
      "p" : "0.0099818",
      "s" : "sell",
      "i" : "XYO_USD",
      "m" : "4611686018430606868"
    }, {
      "d" : "1756458644835615240",
      "t" : 1756458644835,
      "tn" : 1756458644835615240,
      "q" : "120",
      "p" : "0.0099818",
      "s" : "sell",
      "i" : "XYO_USD",
      "m" : "4611686018430606867"
    }, {
      "d" : "1756458644559955561",
      "t" : 1756458644559,
      "tn" : 1756458644559955561,
      "q" : "120",
      "p" : "0.0099818",
      "s" : "sell",
      "i" : "XYO_USD",
      "m" : "4611686018430606866"
    }, {
      "d" : "1756458644529976754",
      "t" : 1756458644529,
      "tn" : 1756458644529976754,
      "q" : "120",
      "p" : "0.0099818",
      "s" : "sell",
      "i" : "XYO_USD",
      "m" : "4611686018430606865"
    }, {
      "d" : "1756458644223747934",
      "t" : 1756458644223,
      "tn" : 1756458644223747934,
      "q" : "120",
      "p" : "0.0099818",
      "s" : "sell",
      "i" : "XYO_USD",
      "m" : "4611686018430606864"
    }, {
      "d" : "1756458644048587532",
      "t" : 1756458644048,
      "tn" : 1756458644048587532,
      "q" : "120",
      "p" : "0.0099818",
      "s" : "sell",
      "i" : "XYO_USD",
      "m" : "4611686018430606863"
    }, {
      "d" : "1756458644018650312",
      "t" : 1756458644018,
      "tn" : 1756458644018650312,
      "q" : "120",
      "p" : "0.0099818",
      "s" : "sell",
      "i" : "XYO_USD",
      "m" : "4611686018430606862"
    }, {
      "d" : "1756458643527579336",
      "t" : 1756458643527,
      "tn" : 1756458643527579336,
      "q" : "120",
      "p" : "0.0099818",
      "s" : "sell",
      "i" : "XYO_USD",
      "m" : "4611686018430606861"
    }, {
      "d" : "1756458642991075145",
      "t" : 1756458642991,
      "tn" : 1756458642991075145,
      "q" : "120",
      "p" : "0.0099818",
      "s" : "sell",
      "i" : "XYO_USD",
      "m" : "4611686018430606860"
    }, {
      "d" : "1756458642554739396",
      "t" : 1756458642554,
      "tn" : 1756458642554739396,
      "q" : "120",
      "p" : "0.0099818",
      "s" : "sell",
      "i" : "XYO_USD",
      "m" : "4611686018430606859"
    }, {
      "d" : "1756458642529863946",
      "t" : 1756458642529,
      "tn" : 1756458642529863946,
      "q" : "120",
      "p" : "0.0099818",
      "s" : "sell",
      "i" : "XYO_USD",
      "m" : "4611686018430606858"
    }, {
      "d" : "1756458641983190909",
      "t" : 1756458641983,
      "tn" : 1756458641983190909,
      "q" : "120",
      "p" : "0.0099818",
      "s" : "sell",
      "i" : "XYO_USD",
      "m" : "4611686018430606857"
    }, {
      "d" : "1756458641913211980",
      "t" : 1756458641913,
      "tn" : 1756458641913211980,
      "q" : "120",
      "p" : "0.0099818",
      "s" : "sell",
      "i" : "XYO_USD",
      "m" : "4611686018430606856"
    }, {
      "d" : "1756458641797961247",
      "t" : 1756458641797,
      "tn" : 1756458641797961247,
      "q" : "120",
      "p" : "0.0099818",
      "s" : "sell",
      "i" : "XYO_USD",
      "m" : "4611686018430606855"
    }, {
      "d" : "1756458641527121230",
      "t" : 1756458641527,
      "tn" : 1756458641527121230,
      "q" : "120",
      "p" : "0.0099818",
      "s" : "sell",
      "i" : "XYO_USD",
      "m" : "4611686018430606854"
    }, {
      "d" : "1756458641482090306",
      "t" : 1756458641482,
      "tn" : 1756458641482090306,
      "q" : "120",
      "p" : "0.0099818",
      "s" : "sell",
      "i" : "XYO_USD",
      "m" : "4611686018430606853"
    }, {
      "d" : "1756458640529601886",
      "t" : 1756458640529,
      "tn" : 1756458640529601886,
      "q" : "120",
      "p" : "0.0099818",
      "s" : "sell",
      "i" : "XYO_USD",
      "m" : "4611686018430606852"
    }, {
      "d" : "1756458640063099009",
      "t" : 1756458640063,
      "tn" : 1756458640063099009,
      "q" : "120",
      "p" : "0.0099818",
      "s" : "sell",
      "i" : "XYO_USD",
      "m" : "4611686018430606851"
    }, {
      "d" : "1756458640033063023",
      "t" : 1756458640033,
      "tn" : 1756458640033063023,
      "q" : "120",
      "p" : "0.0099818",
      "s" : "sell",
      "i" : "XYO_USD",
      "m" : "4611686018430606850"
    }, {
      "d" : "1756458639902924127",
      "t" : 1756458639902,
      "tn" : 1756458639902924127,
      "q" : "120",
      "p" : "0.0099818",
      "s" : "sell",
      "i" : "XYO_USD",
      "m" : "4611686018430606849"
    }, {
      "d" : "1756458639727517727",
      "t" : 1756458639727,
      "tn" : 1756458639727517727,
      "q" : "120",
      "p" : "0.0099818",
      "s" : "sell",
      "i" : "XYO_USD",
      "m" : "4611686018430606848"
    }, {
      "d" : "1756458639527157668",
      "t" : 1756458639527,
      "tn" : 1756458639527157668,
      "q" : "120",
      "p" : "0.0099818",
      "s" : "sell",
      "i" : "XYO_USD",
      "m" : "4611686018430606847"
    }, {
      "d" : "1756458639130718458",
      "t" : 1756458639130,
      "tn" : 1756458639130718458,
      "q" : "120",
      "p" : "0.0099818",
      "s" : "sell",
      "i" : "XYO_USD",
      "m" : "4611686018430606846"
    }, {
      "d" : "1756458639070648524",
      "t" : 1756458639070,
      "tn" : 1756458639070648524,
      "q" : "120",
      "p" : "0.0099818",
      "s" : "sell",
      "i" : "XYO_USD",
      "m" : "4611686018430606845"
    }, {
      "d" : "1756458639010679046",
      "t" : 1756458639010,
      "tn" : 1756458639010679046,
      "q" : "120",
      "p" : "0.0099818",
      "s" : "sell",
      "i" : "XYO_USD",
      "m" : "4611686018430606844"
    }, {
      "d" : "1756458638524366786",
      "t" : 1756458638524,
      "tn" : 1756458638524366786,
      "q" : "120",
      "p" : "0.0099818",
      "s" : "sell",
      "i" : "XYO_USD",
      "m" : "4611686018430606843"
    }, {
      "d" : "1756458638469213423",
      "t" : 1756458638469,
      "tn" : 1756458638469213423,
      "q" : "120",
      "p" : "0.0099818",
      "s" : "sell",
      "i" : "XYO_USD",
      "m" : "4611686018430606842"
    }, {
      "d" : "1756458638404206456",
      "t" : 1756458638404,
      "tn" : 1756458638404206456,
      "q" : "120",
      "p" : "0.0099818",
      "s" : "sell",
      "i" : "XYO_USD",
      "m" : "4611686018430606841"
    }, {
      "d" : "1756458638123074918",
      "t" : 1756458638123,
      "tn" : 1756458638123074918,
      "q" : "120",
      "p" : "0.0099818",
      "s" : "sell",
      "i" : "XYO_USD",
      "m" : "4611686018430606840"
    }, {
      "d" : "1756458638063054013",
      "t" : 1756458638063,
      "tn" : 1756458638063054013,
      "q" : "120",
      "p" : "0.0099818",
      "s" : "sell",
      "i" : "XYO_USD",
      "m" : "4611686018430606839"
    }, {
      "d" : "1756458638017989690",
      "t" : 1756458638017,
      "tn" : 1756458638017989690,
      "q" : "120",
      "p" : "0.0099818",
      "s" : "sell",
      "i" : "XYO_USD",
      "m" : "4611686018430606838"
    }, {
      "d" : "1756458637937894299",
      "t" : 1756458637937,
      "tn" : 1756458637937894299,
      "q" : "120",
      "p" : "0.0099818",
      "s" : "sell",
      "i" : "XYO_USD",
      "m" : "4611686018430606837"
    }, {
      "d" : "1756458637912962119",
      "t" : 1756458637912,
      "tn" : 1756458637912962119,
      "q" : "120",
      "p" : "0.0099818",
      "s" : "sell",
      "i" : "XYO_USD",
      "m" : "4611686018430606836"
    }, {
      "d" : "1756458637687015499",
      "t" : 1756458637687,
      "tn" : 1756458637687015499,
      "q" : "120",
      "p" : "0.0099818",
      "s" : "sell",
      "i" : "XYO_USD",
      "m" : "4611686018430606835"
    }, {
      "d" : "1756458637677048798",
      "t" : 1756458637677,
      "tn" : 1756458637677048798,
      "q" : "120",
      "p" : "0.0099818",
      "s" : "sell",
      "i" : "XYO_USD",
      "m" : "4611686018430606834"
    }, {
      "d" : "1756458637526952364",
      "t" : 1756458637526,
      "tn" : 1756458637526952364,
      "q" : "120",
      "p" : "0.0099818",
      "s" : "sell",
      "i" : "XYO_USD",
      "m" : "4611686018430606833"
    }, {
      "d" : "1756458637029836627",
      "t" : 1756458637029,
      "tn" : 1756458637029836627,
      "q" : "120",
      "p" : "0.0099818",
      "s" : "sell",
      "i" : "XYO_USD",
      "m" : "4611686018430606832"
    }, {
      "d" : "1756458637004977609",
      "t" : 1756458637004,
      "tn" : 1756458637004977609,
      "q" : "120",
      "p" : "0.0099818",
      "s" : "sell",
      "i" : "XYO_USD",
      "m" : "4611686018430606831"
    }, {
      "d" : "1756458636904834448",
      "t" : 1756458636904,
      "tn" : 1756458636904834448,
      "q" : "120",
      "p" : "0.0099818",
      "s" : "sell",
      "i" : "XYO_USD",
      "m" : "4611686018430606830"
    }, {
      "d" : "1756458636754298529",
      "t" : 1756458636754,
      "tn" : 1756458636754298529,
      "q" : "120",
      "p" : "0.0099818",
      "s" : "sell",
      "i" : "XYO_USD",
      "m" : "4611686018430606829"
    }, {
      "d" : "1756458636528813980",
      "t" : 1756458636528,
      "tn" : 1756458636528813980,
      "q" : "120",
      "p" : "0.0099818",
      "s" : "sell",
      "i" : "XYO_USD",
      "m" : "4611686018430606828"
    }, {
      "d" : "1756458636453611973",
      "t" : 1756458636453,
      "tn" : 1756458636453611973,
      "q" : "120",
      "p" : "0.0099818",
      "s" : "sell",
      "i" : "XYO_USD",
      "m" : "4611686018430606827"
    }, {
      "d" : "1756458636027183001",
      "t" : 1756458636027,
      "tn" : 1756458636027183001,
      "q" : "120",
      "p" : "0.0099818",
      "s" : "sell",
      "i" : "XYO_USD",
      "m" : "4611686018430606826"
    }, {
      "d" : "1756458635525879507",
      "t" : 1756458635525,
      "tn" : 1756458635525879507,
      "q" : "120",
      "p" : "0.0099818",
      "s" : "sell",
      "i" : "XYO_USD",
      "m" : "4611686018430606825"
    }, {
      "d" : "1756458635259209093",
      "t" : 1756458635259,
      "tn" : 1756458635259209093,
      "q" : "120",
      "p" : "0.0099818",
      "s" : "sell",
      "i" : "XYO_USD",
      "m" : "4611686018430606824"
    }, {
      "d" : "1756458635169091310",
      "t" : 1756458635169,
      "tn" : 1756458635169091310,
      "q" : "120",
      "p" : "0.0099818",
      "s" : "sell",
      "i" : "XYO_USD",
      "m" : "4611686018430606823"
    }, {
      "d" : "1756458635134194918",
      "t" : 1756458635134,
      "tn" : 1756458635134194918,
      "q" : "120",
      "p" : "0.0099818",
      "s" : "sell",
      "i" : "XYO_USD",
      "m" : "4611686018430606822"
    }, {
      "d" : "1756458634918875971",
      "t" : 1756458634918,
      "tn" : 1756458634918875971,
      "q" : "120",
      "p" : "0.0099818",
      "s" : "sell",
      "i" : "XYO_USD",
      "m" : "4611686018430606821"
    }, {
      "d" : "1756458634788595808",
      "t" : 1756458634788,
      "tn" : 1756458634788595808,
      "q" : "120",
      "p" : "0.0099818",
      "s" : "sell",
      "i" : "XYO_USD",
      "m" : "4611686018430606820"
    }, {
      "d" : "1756458634527576880",
      "t" : 1756458634527,
      "tn" : 1756458634527576880,
      "q" : "120",
      "p" : "0.0099818",
      "s" : "sell",
      "i" : "XYO_USD",
      "m" : "4611686018430606819"
    }, {
      "d" : "1756458634030861438",
      "t" : 1756458634030,
      "tn" : 1756458634030861438,
      "q" : "120",
      "p" : "0.0099818",
      "s" : "sell",
      "i" : "XYO_USD",
      "m" : "4611686018430606818"
    }, {
      "d" : "1756458633915718470",
      "t" : 1756458633915,
      "tn" : 1756458633915718470,
      "q" : "120",
      "p" : "0.0099818",
      "s" : "sell",
      "i" : "XYO_USD",
      "m" : "4611686018430606817"
    }, {
      "d" : "1756458633790266695",
      "t" : 1756458633790,
      "tn" : 1756458633790266695,
      "q" : "120",
      "p" : "0.0099818",
      "s" : "sell",
      "i" : "XYO_USD",
      "m" : "4611686018430606816"
    }, {
      "d" : "1756458633668135988",
      "t" : 1756458633668,
      "tn" : 1756458633668135988,
      "q" : "1900",
      "p" : "0.0099818",
      "s" : "sell",
      "i" : "XYO_USD",
      "m" : "4611686018430606815"
    }, {
      "d" : "1756458633659943222",
      "t" : 1756458633659,
      "tn" : 1756458633659943222,
      "q" : "1500",
      "p" : "0.0099818",
      "s" : "sell",
      "i" : "XYO_USD",
      "m" : "4611686018430606814"
    }, {
      "d" : "1756458633629315765",
      "t" : 1756458633629,
      "tn" : 1756458633629315765,
      "q" : "1500",
      "p" : "0.0099818",
      "s" : "sell",
      "i" : "XYO_USD",
      "m" : "4611686018430606813"
    }, {
      "d" : "1756458633560965014",
      "t" : 1756458633560,
      "tn" : 1756458633560965014,
      "q" : "1500",
      "p" : "0.0099818",
      "s" : "sell",
      "i" : "XYO_USD",
      "m" : "4611686018430606812"
    }, {
      "d" : "1756458633524482776",
      "t" : 1756458633524,
      "tn" : 1756458633524482776,
      "q" : "120",
      "p" : "0.0099818",
      "s" : "sell",
      "i" : "XYO_USD",
      "m" : "4611686018430606811"
    }, {
      "d" : "1756458633513694606",
      "t" : 1756458633513,
      "tn" : 1756458633513694606,
      "q" : "1500",
      "p" : "0.0099818",
      "s" : "sell",
      "i" : "XYO_USD",
      "m" : "4611686018430606810"
    }, {
      "d" : "1756458633394276388",
      "t" : 1756458633394,
      "tn" : 1756458633394276388,
      "q" : "120",
      "p" : "0.0099818",
      "s" : "sell",
      "i" : "XYO_USD",
      "m" : "4611686018430606809"
    }, {
      "d" : "1756458633128054076",
      "t" : 1756458633128,
      "tn" : 1756458633128054076,
      "q" : "120",
      "p" : "0.0099818",
      "s" : "sell",
      "i" : "XYO_USD",
      "m" : "4611686018430606808"
    }, {
      "d" : "1756458633112928322",
      "t" : 1756458633112,
      "tn" : 1756458633112928322,
      "q" : "120",
      "p" : "0.0099818",
      "s" : "sell",
      "i" : "XYO_USD",
      "m" : "4611686018430606807"
    }, {
      "d" : "1756458633102901269",
      "t" : 1756458633102,
      "tn" : 1756458633102901269,
      "q" : "120",
      "p" : "0.0099818",
      "s" : "sell",
      "i" : "XYO_USD",
      "m" : "4611686018430606806"
    }, {
      "d" : "1756458633097916762",
      "t" : 1756458633097,
      "tn" : 1756458633097916762,
      "q" : "120",
      "p" : "0.0099818",
      "s" : "sell",
      "i" : "XYO_USD",
      "m" : "4611686018430606805"
    }, {
      "d" : "1756458633087949534",
      "t" : 1756458633087,
      "tn" : 1756458633087949534,
      "q" : "120",
      "p" : "0.0099818",
      "s" : "sell",
      "i" : "XYO_USD",
      "m" : "4611686018430606804"
    }, {
      "d" : "1756458633058185884",
      "t" : 1756458633058,
      "tn" : 1756458633058185884,
      "q" : "120",
      "p" : "0.0099818",
      "s" : "sell",
      "i" : "XYO_USD",
      "m" : "4611686018430606803"
    }, {
      "d" : "1756458632521020242",
      "t" : 1756458632521,
      "tn" : 1756458632521020242,
      "q" : "120",
      "p" : "0.0099818",
      "s" : "sell",
      "i" : "XYO_USD",
      "m" : "4611686018430606802"
    }, {
      "d" : "1756458632244603695",
      "t" : 1756458632244,
      "tn" : 1756458632244603695,
      "q" : "120",
      "p" : "0.0099818",
      "s" : "sell",
      "i" : "XYO_USD",
      "m" : "4611686018430606801"
    }, {
      "d" : "1756458632154569963",
      "t" : 1756458632154,
      "tn" : 1756458632154569963,
      "q" : "120",
      "p" : "0.0099818",
      "s" : "sell",
      "i" : "XYO_USD",
      "m" : "4611686018430606800"
    }, {
      "d" : "1756458631849398823",
      "t" : 1756458631849,
      "tn" : 1756458631849398823,
      "q" : "2000",
      "p" : "0.0099818",
      "s" : "sell",
      "i" : "XYO_USD",
      "m" : "4611686018430606799"
    }, {
      "d" : "1756458631837806274",
      "t" : 1756458631837,
      "tn" : 1756458631837806274,
      "q" : "1500",
      "p" : "0.0099818",
      "s" : "sell",
      "i" : "XYO_USD",
      "m" : "4611686018430606798"
    }, {
      "d" : "1756458631810352398",
      "t" : 1756458631810,
      "tn" : 1756458631810352398,
      "q" : "1500",
      "p" : "0.0099818",
      "s" : "sell",
      "i" : "XYO_USD",
      "m" : "4611686018430606797"
    }, {
      "d" : "1756458631777421042",
      "t" : 1756458631777,
      "tn" : 1756458631777421042,
      "q" : "1500",
      "p" : "0.0099818",
      "s" : "sell",
      "i" : "XYO_USD",
      "m" : "4611686018430606796"
    }, {
      "d" : "1756458631748428098",
      "t" : 1756458631748,
      "tn" : 1756458631748428098,
      "q" : "120",
      "p" : "0.0099818",
      "s" : "sell",
      "i" : "XYO_USD",
      "m" : "4611686018430606795"
    }, {
      "d" : "1756458631723546797",
      "t" : 1756458631723,
      "tn" : 1756458631723546797,
      "q" : "120",
      "p" : "0.0099818",
      "s" : "sell",
      "i" : "XYO_USD",
      "m" : "4611686018430606794"
    }, {
      "d" : "1756458631528122326",
      "t" : 1756458631528,
      "tn" : 1756458631528122326,
      "q" : "120",
      "p" : "0.0099818",
      "s" : "sell",
      "i" : "XYO_USD",
      "m" : "4611686018430606793"
    }, {
      "d" : "1756458631241634250",
      "t" : 1756458631241,
      "tn" : 1756458631241634250,
      "q" : "120",
      "p" : "0.0099818",
      "s" : "sell",
      "i" : "XYO_USD",
      "m" : "4611686018430606792"
    }, {
      "d" : "1756458630958307711",
      "t" : 1756458630958,
      "tn" : 1756458630958307711,
      "q" : "1500",
      "p" : "0.0099818",
      "s" : "sell",
      "i" : "XYO_USD",
      "m" : "4611686018430606791"
    }, {
      "d" : "1756458630940266544",
      "t" : 1756458630940,
      "tn" : 1756458630940266544,
      "q" : "1500",
      "p" : "0.0099818",
      "s" : "sell",
      "i" : "XYO_USD",
      "m" : "4611686018430606790"
    }, {
      "d" : "1756458630924848591",
      "t" : 1756458630924,
      "tn" : 1756458630924848591,
      "q" : "1500",
      "p" : "0.0099818",
      "s" : "sell",
      "i" : "XYO_USD",
      "m" : "4611686018430606789"
    }, {
      "d" : "1756458630901251377",
      "t" : 1756458630901,
      "tn" : 1756458630901251377,
      "q" : "120",
      "p" : "0.0099818",
      "s" : "sell",
      "i" : "XYO_USD",
      "m" : "4611686018430606788"
    }, {
      "d" : "1756458630815435315",
      "t" : 1756458630815,
      "tn" : 1756458630815435315,
      "q" : "1500",
      "p" : "0.0099818",
      "s" : "sell",
      "i" : "XYO_USD",
      "m" : "4611686018430606787"
    }, {
      "d" : "1756458630530231000",
      "t" : 1756458630530,
      "tn" : 1756458630530231000,
      "q" : "120",
      "p" : "0.0099818",
      "s" : "sell",
      "i" : "XYO_USD",
      "m" : "4611686018430606786"
    }, {
      "d" : "1756458630404943669",
      "t" : 1756458630404,
      "tn" : 1756458630404943669,
      "q" : "120",
      "p" : "0.0099818",
      "s" : "sell",
      "i" : "XYO_USD",
      "m" : "4611686018430606785"
    } ]
  }
}