{
  "id" : -1,
  "method" : "public/get-trades",
  "code" : 0,
  "result" : {
    "data" : [ {
      "d" : "1756459229523565909",
      "t" : 1756459229523,
      "tn" : 1756459229523565909,
      "q" : "120",
      "p" : "0.0099194",
      "s" : "sell",
      "i" : "XYO_USDT",
      "m" : "4611686018430383077"
    }, {
      "d" : "1756459229277291497",
      "t" : 1756459229277,
      "tn" : 1756459229277291497,
      "q" : "120",
      "p" : "0.0099194",
      "s" : "sell",
      "i" : "XYO_USDT",
      "m" : "4611686018430383076"
    }, {
      "d" : "1756459229237462850",
      "t" : 1756459229237,
      "tn" : 1756459229237462850,
      "q" : "120",
      "p" : "0.0099189",
      "s" : "sell",
      "i" : "XYO_USDT",
      "m" : "4611686018430383075"
    }, {
      "d" : "1756459228521136133",
      "t" : 1756459228521,
      "tn" : 1756459228521136133,
      "q" : "120",
      "p" : "0.0099189",
      "s" : "sell",
      "i" : "XYO_USDT",
      "m" : "4611686018430383074"
    }, {
      "d" : "1756459227527849766",
      "t" : 1756459227527,
      "tn" : 1756459227527849766,
      "q" : "120",
      "p" : "0.0099189",
      "s" : "sell",
      "i" : "XYO_USDT",
      "m" : "4611686018430383073"
    }, {
      "d" : "1756459226525031290",
      "t" : 1756459226525,
      "tn" : 1756459226525031290,
      "q" : "120",
      "p" : "0.0099189",
      "s" : "sell",
      "i" : "XYO_USDT",
      "m" : "4611686018430383072"
    }, {
      "d" : "1756459225527181647",
      "t" : 1756459225527,
      "tn" : 1756459225527181647,
      "q" : "120",
      "p" : "0.0099189",
      "s" : "sell",
      "i" : "XYO_USDT",
      "m" : "4611686018430383071"
    }, {
      "d" : "1756459224524358345",
      "t" : 1756459224524,
      "tn" : 1756459224524358345,
      "q" : "120",
      "p" : "0.0099184",
      "s" : "sell",
      "i" : "XYO_USDT",
      "m" : "4611686018430383070"
    }, {
      "d" : "1756459206577697869",
      "t" : 1756459206577,
      "tn" : 1756459206577697869,
      "q" : "120",
      "p" : "0.0099189",
      "s" : "sell",
      "i" : "XYO_USDT",
      "m" : "4611686018430383069"
    }, {
      "d" : "1756458680490754125",
      "t" : 1756458680490,
      "tn" : 1756458680490754125,
      "q" : "120",
      "p" : "0.0099511",
      "s" : "buy",
      "i" : "XYO_USDT",
      "m" : "4611686018430383068"
    }, {
      "d" : "1756458680435667065",
      "t" : 1756458680435,
      "tn" : 1756458680435667065,
      "q" : "120",
      "p" : "0.0099516",
      "s" : "buy",
      "i" : "XYO_USDT",
      "m" : "4611686018430383067"
    }, {
      "d" : "1756458680415625315",
      "t" : 1756458680415,
      "tn" : 1756458680415625315,
      "q" : "120",
      "p" : "0.0099521",
      "s" : "buy",
      "i" : "XYO_USDT",
      "m" : "4611686018430383066"
    }, {
      "d" : "1756458680390631278",
      "t" : 1756458680390,
      "tn" : 1756458680390631278,
      "q" : "120",
      "p" : "0.0099526",
      "s" : "buy",
      "i" : "XYO_USDT",
      "m" : "4611686018430383065"
    }, {
      "d" : "1756458680194378113",
      "t" : 1756458680194,
      "tn" : 1756458680194378113,
      "q" : "120",
      "p" : "0.0099536",
      "s" : "buy",
      "i" : "XYO_USDT",
      "m" : "4611686018430383064"
    }, {
      "d" : "1756458680144329871",
      "t" : 1756458680144,
      "tn" : 1756458680144329871,
      "q" : "120",
      "p" : "0.0099541",
      "s" : "buy",
      "i" : "XYO_USDT",
      "m" : "4611686018430383063"
    }, {
      "d" : "1756458680104289941",
      "t" : 1756458680104,
      "tn" : 1756458680104289941,
      "q" : "120",
      "p" : "0.0099546",
      "s" : "buy",
      "i" : "XYO_USDT",
      "m" : "4611686018430383062"
    }, {
      "d" : "1756458680074337645",
      "t" : 1756458680074,
      "tn" : 1756458680074337645,
      "q" : "120",
      "p" : "0.0099551",
      "s" : "buy",
      "i" : "XYO_USDT",
      "m" : "4611686018430383061"
    }, {
      "d" : "1756458680014218408",
      "t" : 1756458680014,
      "tn" : 1756458680014218408,
      "q" : "120",
      "p" : "0.0099556",
      "s" : "buy",
      "i" : "XYO_USDT",
      "m" : "4611686018430383060"
    }, {
      "d" : "1756458679924027989",
      "t" : 1756458679924,
      "tn" : 1756458679924027989,
      "q" : "120",
      "p" : "0.0099561",
      "s" : "buy",
      "i" : "XYO_USDT",
      "m" : "4611686018430383059"
    }, {
      "d" : "1756458679899110613",
      "t" : 1756458679899,
      "tn" : 1756458679899110613,
      "q" : "120",
      "p" : "0.0099566",
      "s" : "buy",
      "i" : "XYO_USDT",
      "m" : "4611686018430383058"
    }, {
      "d" : "1756458679708105037",
      "t" : 1756458679708,
      "tn" : 1756458679708105037,
      "q" : "120",
      "p" : "0.0099601",
      "s" : "buy",
      "i" : "XYO_USDT",
      "m" : "4611686018430383057"
    }, {
      "d" : "1756458679527792941",
      "t" : 1756458679527,
      "tn" : 1756458679527792941,
      "q" : "120",
      "p" : "0.0099601",
      "s" : "buy",
      "i" : "XYO_USDT",
      "m" : "4611686018430383056"
    }, {
      "d" : "1756458679442629167",
      "t" : 1756458679442,
      "tn" : 1756458679442629167,
      "q" : "120",
      "p" : "0.0099601",
      "s" : "buy",
      "i" : "XYO_USDT",
      "m" : "4611686018430383055"
    }, {
      "d" : "1756458678930960815",
      "t" : 1756458678930,
      "tn" : 1756458678930960815,
      "q" : "120",
      "p" : "0.0099611",
      "s" : "buy",
      "i" : "XYO_USDT",
      "m" : "4611686018430383054"
    }, {
      "d" : "1756458678830678849",
      "t" : 1756458678830,
      "tn" : 1756458678830678849,
      "q" : "120",
      "p" : "0.0099616",
      "s" : "buy",
      "i" : "XYO_USDT",
      "m" : "4611686018430383053"
    }, {
      "d" : "1756458678750512587",
      "t" : 1756458678750,
      "tn" : 1756458678750512587,
      "q" : "120",
      "p" : "0.0099621",
      "s" : "buy",
      "i" : "XYO_USDT",
      "m" : "4611686018430383052"
    }, {
      "d" : "1756458678720389635",
      "t" : 1756458678720,
      "tn" : 1756458678720389635,
      "q" : "120",
      "p" : "0.0099626",
      "s" : "buy",
      "i" : "XYO_USDT",
      "m" : "4611686018430383051"
    }, {
      "d" : "1756458678690144747",
      "t" : 1756458678690,
      "tn" : 1756458678690144747,
      "q" : "120",
      "p" : "0.0099626",
      "s" : "buy",
      "i" : "XYO_USDT",
      "m" : "4611686018430383050"
    }, {
      "d" : "1756458678675142212",
      "t" : 1756458678675,
      "tn" : 1756458678675142212,
      "q" : "120",
      "p" : "0.0099656",
      "s" : "buy",
      "i" : "XYO_USDT",
      "m" : "4611686018430383049"
    }, {
      "d" : "1756458678635099548",
      "t" : 1756458678635,
      "tn" : 1756458678635099548,
      "q" : "120",
      "p" : "0.0099661",
      "s" : "buy",
      "i" : "XYO_USDT",
      "m" : "4611686018430383048"
    }, {
      "d" : "1756458678615122089",
      "t" : 1756458678615,
      "tn" : 1756458678615122089,
      "q" : "120",
      "p" : "0.0099686",
      "s" : "buy",
      "i" : "XYO_USDT",
      "m" : "4611686018430383047"
    }, {
      "d" : "1756458678580414359",
      "t" : 1756458678580,
      "tn" : 1756458678580414359,
      "q" : "120",
      "p" : "0.0099686",
      "s" : "buy",
      "i" : "XYO_USDT",
      "m" : "4611686018430383046"
    }, {
      "d" : "1756458663195908711",
      "t" : 1756458663195,
      "tn" : 1756458663195908711,
      "q" : "120",
      "p" : "0.0099641",
      "s" : "buy",
      "i" : "XYO_USDT",
      "m" : "4611686018430383045"
    }, {
      "d" : "1756458663145834831",
      "t" : 1756458663145,
      "tn" : 1756458663145834831,
      "q" : "120",
      "p" : "0.0099631",
      "s" : "buy",
      "i" : "XYO_USDT",
      "m" : "4611686018430383044"
    }, {
      "d" : "1756458663130836496",
      "t" : 1756458663130,
      "tn" : 1756458663130836496,
      "q" : "120",
      "p" : "0.0099626",
      "s" : "buy",
      "i" : "XYO_USDT",
      "m" : "4611686018430383043"
    }, {
      "d" : "1756458663080762301",
      "t" : 1756458663080,
      "tn" : 1756458663080762301,
      "q" : "120",
      "p" : "0.0099621",
      "s" : "buy",
      "i" : "XYO_USDT",
      "m" : "4611686018430383042"
    }, {
      "d" : "1756458663045876281",
      "t" : 1756458663045,
      "tn" : 1756458663045876281,
      "q" : "120",
      "p" : "0.0099616",
      "s" : "buy",
      "i" : "XYO_USDT",
      "m" : "4611686018430383041"
    }, {
      "d" : "1756458662759954730",
      "t" : 1756458662759,
      "tn" : 1756458662759954730,
      "q" : "120",
      "p" : "0.0099611",
      "s" : "buy",
      "i" : "XYO_USDT",
      "m" : "4611686018430383040"
    }, {
      "d" : "1756458657523466140",
      "t" : 1756458657523,
      "tn" : 1756458657523466140,
      "q" : "120",
      "p" : "0.0099691",
      "s" : "buy",
      "i" : "XYO_USDT",
      "m" : "4611686018430383039"
    }, {
      "d" : "1756458656525748200",
      "t" : 1756458656525,
      "tn" : 1756458656525748200,
      "q" : "120",
      "p" : "0.0099691",
      "s" : "buy",
      "i" : "XYO_USDT",
      "m" : "4611686018430383038"
    }, {
      "d" : "1756458655673142955",
      "t" : 1756458655673,
      "tn" : 1756458655673142955,
      "q" : "120",
      "p" : "0.0099691",
      "s" : "buy",
      "i" : "XYO_USDT",
      "m" : "4611686018430383037"
    }, {
      "d" : "1756458655643080759",
      "t" : 1756458655643,
      "tn" : 1756458655643080759,
      "q" : "120",
      "p" : "0.0099681",
      "s" : "buy",
      "i" : "XYO_USDT",
      "m" : "4611686018430383036"
    }, {
      "d" : "1756458655523021121",
      "t" : 1756458655523,
      "tn" : 1756458655523021121,
      "q" : "120",
      "p" : "0.0099676",
      "s" : "buy",
      "i" : "XYO_USDT",
      "m" : "4611686018430383035"
    }, {
      "d" : "1756458655452878892",
      "t" : 1756458655452,
      "tn" : 1756458655452878892,
      "q" : "120",
      "p" : "0.0099671",
      "s" : "buy",
      "i" : "XYO_USDT",
      "m" : "4611686018430383034"
    }, {
      "d" : "1756458655432937303",
      "t" : 1756458655432,
      "tn" : 1756458655432937303,
      "q" : "120",
      "p" : "0.0099666",
      "s" : "buy",
      "i" : "XYO_USDT",
      "m" : "4611686018430383033"
    }, {
      "d" : "1756458654981394223",
      "t" : 1756458654981,
      "tn" : 1756458654981394223,
      "q" : "120",
      "p" : "0.0099656",
      "s" : "buy",
      "i" : "XYO_USDT",
      "m" : "4611686018430383032"
    }, {
      "d" : "1756458654916397590",
      "t" : 1756458654916,
      "tn" : 1756458654916397590,
      "q" : "120",
      "p" : "0.0099646",
      "s" : "buy",
      "i" : "XYO_USDT",
      "m" : "4611686018430383031"
    }, {
      "d" : "1756458654575266794",
      "t" : 1756458654575,
      "tn" : 1756458654575266794,
      "q" : "120",
      "p" : "0.0099641",
      "s" : "buy",
      "i" : "XYO_USDT",
      "m" : "4611686018430383030"
    }, {
      "d" : "1756458654530272692",
      "t" : 1756458654530,
      "tn" : 1756458654530272692,
      "q" : "120",
      "p" : "0.0099641",
      "s" : "buy",
      "i" : "XYO_USDT",
      "m" : "4611686018430383029"
    }, {
      "d" : "1756458654320001888",
      "t" : 1756458654320,
      "tn" : 1756458654320001888,
      "q" : "120",
      "p" : "0.0099636",
      "s" : "buy",
      "i" : "XYO_USDT",
      "m" : "4611686018430383028"
    }, {
      "d" : "1756458654043798108",
      "t" : 1756458654043,
      "tn" : 1756458654043798108,
      "q" : "120",
      "p" : "0.0099626",
      "s" : "buy",
      "i" : "XYO_USDT",
      "m" : "4611686018430383027"
    }, {
      "d" : "1756458653943626212",
      "t" : 1756458653943,
      "tn" : 1756458653943626212,
      "q" : "120",
      "p" : "0.0099621",
      "s" : "buy",
      "i" : "XYO_USDT",
      "m" : "4611686018430383026"
    }, {
      "d" : "1756458653923710777",
      "t" : 1756458653923,
      "tn" : 1756458653923710777,
      "q" : "120",
      "p" : "0.0099701",
      "s" : "buy",
      "i" : "XYO_USDT",
      "m" : "4611686018430383025"
    }, {
      "d" : "1756458653527550634",
      "t" : 1756458653527,
      "tn" : 1756458653527550634,
      "q" : "120",
      "p" : "0.0099701",
      "s" : "buy",
      "i" : "XYO_USDT",
      "m" : "4611686018430383024"
    }, {
      "d" : "1756458650023657139",
      "t" : 1756458650023,
      "tn" : 1756458650023657139,
      "q" : "120",
      "p" : "0.0099712",
      "s" : "buy",
      "i" : "XYO_USDT",
      "m" : "4611686018430383023"
    }, {
      "d" : "1756458649983451205",
      "t" : 1756458649983,
      "tn" : 1756458649983451205,
      "q" : "120",
      "p" : "0.0099706",
      "s" : "buy",
      "i" : "XYO_USDT",
      "m" : "4611686018430383022"
    }, {
      "d" : "1756458649948416983",
      "t" : 1756458649948,
      "tn" : 1756458649948416983,
      "q" : "120",
      "p" : "0.0099701",
      "s" : "buy",
      "i" : "XYO_USDT",
      "m" : "4611686018430383021"
    }, {
      "d" : "1756458649918389799",
      "t" : 1756458649918,
      "tn" : 1756458649918389799,
      "q" : "120",
      "p" : "0.0099686",
      "s" : "buy",
      "i" : "XYO_USDT",
      "m" : "4611686018430383020"
    }, {
      "d" : "1756458649898417986",
      "t" : 1756458649898,
      "tn" : 1756458649898417986,
      "q" : "120",
      "p" : "0.0099686",
      "s" : "buy",
      "i" : "XYO_USDT",
      "m" : "4611686018430383019"
    }, {
      "d" : "1756458649682777188",
      "t" : 1756458649682,
      "tn" : 1756458649682777188,
      "q" : "120",
      "p" : "0.0099681",
      "s" : "buy",
      "i" : "XYO_USDT",
      "m" : "4611686018430383018"
    }, {
      "d" : "1756458649527802564",
      "t" : 1756458649527,
      "tn" : 1756458649527802564,
      "q" : "120",
      "p" : "0.0099681",
      "s" : "buy",
      "i" : "XYO_USDT",
      "m" : "4611686018430383017"
    }, {
      "d" : "1756458649121254925",
      "t" : 1756458649121,
      "tn" : 1756458649121254925,
      "q" : "120",
      "p" : "0.0099676",
      "s" : "buy",
      "i" : "XYO_USDT",
      "m" : "4611686018430383016"
    }, {
      "d" : "1756458649101444944",
      "t" : 1756458649101,
      "tn" : 1756458649101444944,
      "q" : "120",
      "p" : "0.0099671",
      "s" : "buy",
      "i" : "XYO_USDT",
      "m" : "4611686018430383015"
    }, {
      "d" : "1756458648530098276",
      "t" : 1756458648530,
      "tn" : 1756458648530098276,
      "q" : "120",
      "p" : "0.0099671",
      "s" : "buy",
      "i" : "XYO_USDT",
      "m" : "4611686018430383014"
    }, {
      "d" : "1756458648465187749",
      "t" : 1756458648465,
      "tn" : 1756458648465187749,
      "q" : "120",
      "p" : "0.0099666",
      "s" : "buy",
      "i" : "XYO_USDT",
      "m" : "4611686018430383013"
    }, {
      "d" : "1756458648058716171",
      "t" : 1756458648058,
      "tn" : 1756458648058716171,
      "q" : "120",
      "p" : "0.0099656",
      "s" : "buy",
      "i" : "XYO_USDT",
      "m" : "4611686018430383012"
    }, {
      "d" : "1756458647928567128",
      "t" : 1756458647928,
      "tn" : 1756458647928567128,
      "q" : "120",
      "p" : "0.0099646",
      "s" : "buy",
      "i" : "XYO_USDT",
      "m" : "4611686018430383011"
    }, {
      "d" : "1756458647883621357",
      "t" : 1756458647883,
      "tn" : 1756458647883621357,
      "q" : "120",
      "p" : "0.0099641",
      "s" : "buy",
      "i" : "XYO_USDT",
      "m" : "4611686018430383010"
    }, {
      "d" : "1756458645256336067",
      "t" : 1756458645256,
      "tn" : 1756458645256336067,
      "q" : "120",
      "p" : "0.0099706",
      "s" : "buy",
      "i" : "XYO_USDT",
      "m" : "4611686018430383009"
    }, {
      "d" : "1756458645056061645",
      "t" : 1756458645056,
      "tn" : 1756458645056061645,
      "q" : "120",
      "p" : "0.0099696",
      "s" : "buy",
      "i" : "XYO_USDT",
      "m" : "4611686018430383008"
    }, {
      "d" : "1756458644915819232",
      "t" : 1756458644915,
      "tn" : 1756458644915819232,
      "q" : "120",
      "p" : "0.0099691",
      "s" : "buy",
      "i" : "XYO_USDT",
      "m" : "4611686018430383007"
    }, {
      "d" : "1756458644835608298",
      "t" : 1756458644835,
      "tn" : 1756458644835608298,
      "q" : "120",
      "p" : "0.0099681",
      "s" : "buy",
      "i" : "XYO_USDT",
      "m" : "4611686018430383006"
    }, {
      "d" : "1756458644559946813",
      "t" : 1756458644559,
      "tn" : 1756458644559946813,
      "q" : "120",
      "p" : "0.0099676",
      "s" : "buy",
      "i" : "XYO_USDT",
      "m" : "4611686018430383005"
    }, {
      "d" : "1756458644529968544",
      "t" : 1756458644529,
      "tn" : 1756458644529968544,
      "q" : "120",
      "p" : "0.0099676",
      "s" : "buy",
      "i" : "XYO_USDT",
      "m" : "4611686018430383004"
    }, {
      "d" : "1756458644223735847",
      "t" : 1756458644223,
      "tn" : 1756458644223735847,
      "q" : "120",
      "p" : "0.0099666",
      "s" : "buy",
      "i" : "XYO_USDT",
      "m" : "4611686018430383003"
    }, {
      "d" : "1756458644048569569",
      "t" : 1756458644048,
      "tn" : 1756458644048569569,
      "q" : "120",
      "p" : "0.0099656",
      "s" : "buy",
      "i" : "XYO_USDT",
      "m" : "4611686018430383002"
    }, {
      "d" : "1756458644018637434",
      "t" : 1756458644018,
      "tn" : 1756458644018637434,
      "q" : "120",
      "p" : "0.0099651",
      "s" : "buy",
      "i" : "XYO_USDT",
      "m" : "4611686018430383001"
    }, {
      "d" : "1756458643527480680",
      "t" : 1756458643527,
      "tn" : 1756458643527480680,
      "q" : "120",
      "p" : "0.0099651",
      "s" : "buy",
      "i" : "XYO_USDT",
      "m" : "4611686018430383000"
    }, {
      "d" : "1756458642990997646",
      "t" : 1756458642990,
      "tn" : 1756458642990997646,
      "q" : "120",
      "p" : "0.0099646",
      "s" : "buy",
      "i" : "XYO_USDT",
      "m" : "4611686018430382999"
    }, {
      "d" : "1756458642554728888",
      "t" : 1756458642554,
      "tn" : 1756458642554728888,
      "q" : "120",
      "p" : "0.0099636",
      "s" : "buy",
      "i" : "XYO_USDT",
      "m" : "4611686018430382998"
    }, {
      "d" : "1756458642529855201",
      "t" : 1756458642529,
      "tn" : 1756458642529855201,
      "q" : "120",
      "p" : "0.0099626",
      "s" : "buy",
      "i" : "XYO_USDT",
      "m" : "4611686018430382997"
    }, {
      "d" : "1756458641983174284",
      "t" : 1756458641983,
      "tn" : 1756458641983174284,
      "q" : "120",
      "p" : "0.0099621",
      "s" : "buy",
      "i" : "XYO_USDT",
      "m" : "4611686018430382996"
    }, {
      "d" : "1756458641913168211",
      "t" : 1756458641913,
      "tn" : 1756458641913168211,
      "q" : "120",
      "p" : "0.0099616",
      "s" : "buy",
      "i" : "XYO_USDT",
      "m" : "4611686018430382995"
    }, {
      "d" : "1756458641797948702",
      "t" : 1756458641797,
      "tn" : 1756458641797948702,
      "q" : "120",
      "p" : "0.0099611",
      "s" : "buy",
      "i" : "XYO_USDT",
      "m" : "4611686018430382994"
    }, {
      "d" : "1756458641527118424",
      "t" : 1756458641527,
      "tn" : 1756458641527118424,
      "q" : "120",
      "p" : "0.0099601",
      "s" : "buy",
      "i" : "XYO_USDT",
      "m" : "4611686018430382993"
    }, {
      "d" : "1756458641482071520",
      "t" : 1756458641482,
      "tn" : 1756458641482071520,
      "q" : "120",
      "p" : "0.0099681",
      "s" : "buy",
      "i" : "XYO_USDT",
      "m" : "4611686018430382992"
    }, {
      "d" : "1756458640529598888",
      "t" : 1756458640529,
      "tn" : 1756458640529598888,
      "q" : "120",
      "p" : "0.0099681",
      "s" : "buy",
      "i" : "XYO_USDT",
      "m" : "4611686018430382991"
    }, {
      "d" : "1756458640063070239",
      "t" : 1756458640063,
      "tn" : 1756458640063070239,
      "q" : "120",
      "p" : "0.0099691",
      "s" : "buy",
      "i" : "XYO_USDT",
      "m" : "4611686018430382990"
    }, {
      "d" : "1756458640033033488",
      "t" : 1756458640033,
      "tn" : 1756458640033033488,
      "q" : "120",
      "p" : "0.0099686",
      "s" : "buy",
      "i" : "XYO_USDT",
      "m" : "4611686018430382989"
    }, {
      "d" : "1756458639902908215",
      "t" : 1756458639902,
      "tn" : 1756458639902908215,
      "q" : "120",
      "p" : "0.0099686",
      "s" : "buy",
      "i" : "XYO_USDT",
      "m" : "4611686018430382988"
    }, {
      "d" : "1756458639727515201",
      "t" : 1756458639727,
      "tn" : 1756458639727515201,
      "q" : "120",
      "p" : "0.0099681",
      "s" : "buy",
      "i" : "XYO_USDT",
      "m" : "4611686018430382987"
    }, {
      "d" : "1756458639527081766",
      "t" : 1756458639527,
      "tn" : 1756458639527081766,
      "q" : "120",
      "p" : "0.0099681",
      "s" : "buy",
      "i" : "XYO_USDT",
      "m" : "4611686018430382986"
    }, {
      "d" : "1756458639130715974",
      "t" : 1756458639130,
      "tn" : 1756458639130715974,
      "q" : "120",
      "p" : "0.0099676",
      "s" : "buy",
      "i" : "XYO_USDT",
      "m" : "4611686018430382985"
    }, {
      "d" : "1756458639070618762",
      "t" : 1756458639070,
      "tn" : 1756458639070618762,
      "q" : "120",
      "p" : "0.0099671",
      "s" : "buy",
      "i" : "XYO_USDT",
      "m" : "4611686018430382984"
    }, {
      "d" : "1756458639010657298",
      "t" : 1756458639010,
      "tn" : 1756458639010657298,
      "q" : "120",
      "p" : "0.0099666",
      "s" : "buy",
      "i" : "XYO_USDT",
      "m" : "4611686018430382983"
    }, {
      "d" : "1756458638524364774",
      "t" : 1756458638524,
      "tn" : 1756458638524364774,
      "q" : "120",
      "p" : "0.0099666",
      "s" : "buy",
      "i" : "XYO_USDT",
      "m" : "4611686018430382982"
    }, {
      "d" : "1756458638469202940",
      "t" : 1756458638469,
      "tn" : 1756458638469202940,
      "q" : "120",
      "p" : "0.0099656",
      "s" : "buy",
      "i" : "XYO_USDT",
      "m" : "4611686018430382981"
    }, {
      "d" : "1756458638404199464",
      "t" : 1756458638404,
      "tn" : 1756458638404199464,
      "q" : "120",
      "p" : "0.0099646",
      "s" : "buy",
      "i" : "XYO_USDT",
      "m" : "4611686018430382980"
    }, {
      "d" : "1756458638123068145",
      "t" : 1756458638123,
      "tn" : 1756458638123068145,
      "q" : "120",
      "p" : "0.0099641",
      "s" : "buy",
      "i" : "XYO_USDT",
      "m" : "4611686018430382979"
    }, {
      "d" : "1756458638063051630",
      "t" : 1756458638063,
      "tn" : 1756458638063051630,
      "q" : "120",
      "p" : "0.0099631",
      "s" : "buy",
      "i" : "XYO_USDT",
      "m" : "4611686018430382978"
    }, {
      "d" : "1756458638017968511",
      "t" : 1756458638017,
      "tn" : 1756458638017968511,
      "q" : "120",
      "p" : "0.0099626",
      "s" : "buy",
      "i" : "XYO_USDT",
      "m" : "4611686018430382977"
    }, {
      "d" : "1756458637937891958",
      "t" : 1756458637937,
      "tn" : 1756458637937891958,
      "q" : "120",
      "p" : "0.0099621",
      "s" : "buy",
      "i" : "XYO_USDT",
      "m" : "4611686018430382976"
    }, {
      "d" : "1756458637912943807",
      "t" : 1756458637912,
      "tn" : 1756458637912943807,
      "q" : "120",
      "p" : "0.0099616",
      "s" : "buy",
      "i" : "XYO_USDT",
      "m" : "4611686018430382975"
    }, {
      "d" : "1756458637687005865",
      "t" : 1756458637687,
      "tn" : 1756458637687005865,
      "q" : "120",
      "p" : "0.0099681",
      "s" : "buy",
      "i" : "XYO_USDT",
      "m" : "4611686018430382974"
    }, {
      "d" : "1756458637677041297",
      "t" : 1756458637677,
      "tn" : 1756458637677041297,
      "q" : "120",
      "p" : "0.0099681",
      "s" : "buy",
      "i" : "XYO_USDT",
      "m" : "4611686018430382973"
    }, {
      "d" : "1756458637526910631",
      "t" : 1756458637526,
      "tn" : 1756458637526910631,
      "q" : "120",
      "p" : "0.0099681",
      "s" : "buy",
      "i" : "XYO_USDT",
      "m" : "4611686018430382972"
    }, {
      "d" : "1756458637029832181",
      "t" : 1756458637029,
      "tn" : 1756458637029832181,
      "q" : "120",
      "p" : "0.0099681",
      "s" : "buy",
      "i" : "XYO_USDT",
      "m" : "4611686018430382971"
    }, {
      "d" : "1756458637004897096",
      "t" : 1756458637004,
      "tn" : 1756458637004897096,
      "q" : "120",
      "p" : "0.0099681",
      "s" : "buy",
      "i" : "XYO_USDT",
      "m" : "4611686018430382970"
    }, {
      "d" : "1756458636904766591",
      "t" : 1756458636904,
      "tn" : 1756458636904766591,
      "q" : "120",
      "p" : "0.0099706",
      "s" : "buy",
      "i" : "XYO_USDT",
      "m" : "4611686018430382969"
    }, {
      "d" : "1756458636754251928",
      "t" : 1756458636754,
      "tn" : 1756458636754251928,
      "q" : "120",
      "p" : "0.0099691",
      "s" : "buy",
      "i" : "XYO_USDT",
      "m" : "4611686018430382968"
    }, {
      "d" : "1756458636528810792",
      "t" : 1756458636528,
      "tn" : 1756458636528810792,
      "q" : "120",
      "p" : "0.0099686",
      "s" : "buy",
      "i" : "XYO_USDT",
      "m" : "4611686018430382967"
    }, {
      "d" : "1756458636453608159",
      "t" : 1756458636453,
      "tn" : 1756458636453608159,
      "q" : "120",
      "p" : "0.0099681",
      "s" : "buy",
      "i" : "XYO_USDT",
      "m" : "4611686018430382966"
    }, {
      "d" : "1756458636027144238",
      "t" : 1756458636027,
      "tn" : 1756458636027144238,
      "q" : "120",
      "p" : "0.0099671",
      "s" : "buy",
      "i" : "XYO_USDT",
      "m" : "4611686018430382965"
    }, {
      "d" : "1756458635525876118",
      "t" : 1756458635525,
      "tn" : 1756458635525876118,
      "q" : "120",
      "p" : "0.0099666",
      "s" : "buy",
      "i" : "XYO_USDT",
      "m" : "4611686018430382964"
    }, {
      "d" : "1756458635259204031",
      "t" : 1756458635259,
      "tn" : 1756458635259204031,
      "q" : "120",
      "p" : "0.0099656",
      "s" : "buy",
      "i" : "XYO_USDT",
      "m" : "4611686018430382963"
    }, {
      "d" : "1756458635169087646",
      "t" : 1756458635169,
      "tn" : 1756458635169087646,
      "q" : "120",
      "p" : "0.0099646",
      "s" : "buy",
      "i" : "XYO_USDT",
      "m" : "4611686018430382962"
    }, {
      "d" : "1756458635134190883",
      "t" : 1756458635134,
      "tn" : 1756458635134190883,
      "q" : "120",
      "p" : "0.0099636",
      "s" : "buy",
      "i" : "XYO_USDT",
      "m" : "4611686018430382961"
    }, {
      "d" : "1756458634918867150",
      "t" : 1756458634918,
      "tn" : 1756458634918867150,
      "q" : "120",
      "p" : "0.0099631",
      "s" : "buy",
      "i" : "XYO_USDT",
      "m" : "4611686018430382960"
    }, {
      "d" : "1756458634788592603",
      "t" : 1756458634788,
      "tn" : 1756458634788592603,
      "q" : "120",
      "p" : "0.0099626",
      "s" : "buy",
      "i" : "XYO_USDT",
      "m" : "4611686018430382959"
    }, {
      "d" : "1756458634527573723",
      "t" : 1756458634527,
      "tn" : 1756458634527573723,
      "q" : "120",
      "p" : "0.0099651",
      "s" : "buy",
      "i" : "XYO_USDT",
      "m" : "4611686018430382958"
    }, {
      "d" : "1756458634030858831",
      "t" : 1756458634030,
      "tn" : 1756458634030858831,
      "q" : "120",
      "p" : "0.0099651",
      "s" : "buy",
      "i" : "XYO_USDT",
      "m" : "4611686018430382957"
    }, {
      "d" : "1756458633915649313",
      "t" : 1756458633915,
      "tn" : 1756458633915649313,
      "q" : "120",
      "p" : "0.0099651",
      "s" : "buy",
      "i" : "XYO_USDT",
      "m" : "4611686018430382956"
    }, {
      "d" : "1756458633790263699",
      "t" : 1756458633790,
      "tn" : 1756458633790263699,
      "q" : "120",
      "p" : "0.0099651",
      "s" : "buy",
      "i" : "XYO_USDT",
      "m" : "4611686018430382955"
    }, {
      "d" : "1756458633524461270",
      "t" : 1756458633524,
      "tn" : 1756458633524461270,
      "q" : "120",
      "p" : "0.0099651",
      "s" : "buy",
      "i" : "XYO_USDT",
      "m" : "4611686018430382954"
    }, {
      "d" : "1756458633394273205",
      "t" : 1756458633394,
      "tn" : 1756458633394273205,
      "q" : "120",
      "p" : "0.0099651",
      "s" : "buy",
      "i" : "XYO_USDT",
      "m" : "4611686018430382953"
    }, {
      "d" : "1756458633128051759",
      "t" : 1756458633128,
      "tn" : 1756458633128051759,
      "q" : "120",
      "p" : "0.0099651",
      "s" : "buy",
      "i" : "XYO_USDT",
      "m" : "4611686018430382952"
    }, {
      "d" : "1756458633112917594",
      "t" : 1756458633112,
      "tn" : 1756458633112917594,
      "q" : "120",
      "p" : "0.0099651",
      "s" : "buy",
      "i" : "XYO_USDT",
      "m" : "4611686018430382951"
    }, {
      "d" : "1756458633102898760",
      "t" : 1756458633102,
      "tn" : 1756458633102898760,
      "q" : "120",
      "p" : "0.0099651",
      "s" : "buy",
      "i" : "XYO_USDT",
      "m" : "4611686018430382950"
    }, {
      "d" : "1756458633097914089",
      "t" : 1756458633097,
      "tn" : 1756458633097914089,
      "q" : "120",
      "p" : "0.0099651",
      "s" : "buy",
      "i" : "XYO_USDT",
      "m" : "4611686018430382949"
    }, {
      "d" : "1756458633087932221",
      "t" : 1756458633087,
      "tn" : 1756458633087932221,
      "q" : "120",
      "p" : "0.0099691",
      "s" : "buy",
      "i" : "XYO_USDT",
      "m" : "4611686018430382948"
    }, {
      "d" : "1756458633058097995",
      "t" : 1756458633058,
      "tn" : 1756458633058097995,
      "q" : "120",
      "p" : "0.0099691",
      "s" : "buy",
      "i" : "XYO_USDT",
      "m" : "4611686018430382947"
    }, {
      "d" : "1756458632521002325",
      "t" : 1756458632521,
      "tn" : 1756458632521002325,
      "q" : "120",
      "p" : "0.0099691",
      "s" : "buy",
      "i" : "XYO_USDT",
      "m" : "4611686018430382946"
    }, {
      "d" : "1756458632244601099",
      "t" : 1756458632244,
      "tn" : 1756458632244601099,
      "q" : "120",
      "p" : "0.0099691",
      "s" : "buy",
      "i" : "XYO_USDT",
      "m" : "4611686018430382945"
    }, {
      "d" : "1756458632154484307",
      "t" : 1756458632154,
      "tn" : 1756458632154484307,
      "q" : "120",
      "p" : "0.0099701",
      "s" : "buy",
      "i" : "XYO_USDT",
      "m" : "4611686018430382944"
    }, {
      "d" : "1756458631748415389",
      "t" : 1756458631748,
      "tn" : 1756458631748415389,
      "q" : "120",
      "p" : "0.0099696",
      "s" : "buy",
      "i" : "XYO_USDT",
      "m" : "4611686018430382943"
    }, {
      "d" : "1756458631723525125",
      "t" : 1756458631723,
      "tn" : 1756458631723525125,
      "q" : "120",
      "p" : "0.0099691",
      "s" : "buy",
      "i" : "XYO_USDT",
      "m" : "4611686018430382942"
    }, {
      "d" : "1756458631528058512",
      "t" : 1756458631528,
      "tn" : 1756458631528058512,
      "q" : "120",
      "p" : "0.0099691",
      "s" : "buy",
      "i" : "XYO_USDT",
      "m" : "4611686018430382941"
    }, {
      "d" : "1756458631241623806",
      "t" : 1756458631241,
      "tn" : 1756458631241623806,
      "q" : "120",
      "p" : "0.0099681",
      "s" : "buy",
      "i" : "XYO_USDT",
      "m" : "4611686018430382940"
    }, {
      "d" : "1756458630901246202",
      "t" : 1756458630901,
      "tn" : 1756458630901246202,
      "q" : "120",
      "p" : "0.0099671",
      "s" : "buy",
      "i" : "XYO_USDT",
      "m" : "4611686018430382939"
    }, {
      "d" : "1756458630530223657",
      "t" : 1756458630530,
      "tn" : 1756458630530223657,
      "q" : "120",
      "p" : "0.0099666",
      "s" : "buy",
      "i" : "XYO_USDT",
      "m" : "4611686018430382938"
    }, {
      "d" : "1756458630404941095",
      "t" : 1756458630404,
      "tn" : 1756458630404941095,
      "q" : "120",
      "p" : "0.0099661",
      "s" : "buy",
      "i" : "XYO_USDT",
      "m" : "4611686018430382937"
    }, {
      "d" : "1756458630364855122",
      "t" : 1756458630364,
      "tn" : 1756458630364855122,
      "q" : "120",
      "p" : "0.0099656",
      "s" : "buy",
      "i" : "XYO_USDT",
      "m" : "4611686018430382936"
    }, {
      "d" : "1756458630133594107",
      "t" : 1756458630133,
      "tn" : 1756458630133594107,
      "q" : "120",
      "p" : "0.0099646",
      "s" : "buy",
      "i" : "XYO_USDT",
      "m" : "4611686018430382935"
    }, {
      "d" : "1756458629943152942",
      "t" : 1756458629943,
      "tn" : 1756458629943152942,
      "q" : "120",
      "p" : "0.0099636",
      "s" : "buy",
      "i" : "XYO_USDT",
      "m" : "4611686018430382934"
    }, {
      "d" : "1756458629918202068",
      "t" : 1756458629918,
      "tn" : 1756458629918202068,
      "q" : "120",
      "p" : "0.0099631",
      "s" : "buy",
      "i" : "XYO_USDT",
      "m" : "4611686018430382933"
    }, {
      "d" : "1756458629797737127",
      "t" : 1756458629797,
      "tn" : 1756458629797737127,
      "q" : "120",
      "p" : "0.0099626",
      "s" : "buy",
      "i" : "XYO_USDT",
      "m" : "4611686018430382932"
    }, {
      "d" : "1756458629777532668",
      "t" : 1756458629777,
      "tn" : 1756458629777532668,
      "q" : "120",
      "p" : "0.0099621",
      "s" : "buy",
      "i" : "XYO_USDT",
      "m" : "4611686018430382931"
    }, {
      "d" : "1756458629522114745",
      "t" : 1756458629522,
      "tn" : 1756458629522114745,
      "q" : "120",
      "p" : "0.0099621",
      "s" : "buy",
      "i" : "XYO_USDT",
      "m" : "4611686018430382930"
    }, {
      "d" : "1756458628920293301",
      "t" : 1756458628920,
      "tn" : 1756458628920293301,
      "q" : "120",
      "p" : "0.0099616",
      "s" : "buy",
      "i" : "XYO_USDT",
      "m" : "4611686018430382929"
    }, {
      "d" : "1756458628524221722",
      "t" : 1756458628524,
      "tn" : 1756458628524221722,
      "q" : "120",
      "p" : "0.0099611",
      "s" : "buy",
      "i" : "XYO_USDT",
      "m" : "4611686018430382928"
    } ]
  }
}