{
  "id" : -1,
  "method" : "public/get-trades",
  "code" : 0,
  "result" : {
    "data" : [ {
      "d" : "1756462783841802353",
      "t" : 1756462783841,
      "tn" : 1756462783841802353,
      "q" : "0.00904",
      "p" : "5340.35",
      "s" : "sell",
      "i" : "YFI_USD",
      "m" : "4611686018430209013"
    }, {
      "d" : "1756462768368339679",
      "t" : 1756462768368,
      "tn" : 1756462768368339679,
      "q" : "0.00157",
      "p" : "5340.67",
      "s" : "sell",
      "i" : "YFI_USD",
      "m" : "4611686018430209012"
    }, {
      "d" : "1756462768364064156",
      "t" : 1756462768364,
      "tn" : 1756462768364064156,
      "q" : "0.00749",
      "p" : "5340.67",
      "s" : "sell",
      "i" : "YFI_USD",
      "m" : "4611686018430209011"
    }, {
      "d" : "1756458909287327196",
      "t" : 1756458909287,
      "tn" : 1756458909287327196,
      "q" : "0.02453",
      "p" : "5276.41",
      "s" : "buy",
      "i" : "YFI_USD",
      "m" : "4611686018430209010"
    }, {
      "d" : "1756457841858748145",
      "t" : 1756457841858,
      "tn" : 1756457841858748145,
      "q" : "0.00709",
      "p" : "5264.67",
      "s" : "sell",
      "i" : "YFI_USD",
      "m" : "4611686018430209009"
    }, {
      "d" : "1756457684034473257",
      "t" : 1756457684034,
      "tn" : 1756457684034473257,
      "q" : "0.10545",
      "p" : "5279.88",
      "s" : "sell",
      "i" : "YFI_USD",
      "m" : "4611686018430209008"
    }, {
      "d" : "1756457684034471592",
      "t" : 1756457684034,
      "tn" : 1756457684034471592,
      "q" : "0.12717",
      "p" : "5282.64",
      "s" : "sell",
      "i" : "YFI_USD",
      "m" : "4611686018430209007"
    }, {
      "d" : "1756455555003452133",
      "t" : 1756455555003,
      "tn" : 1756455555003452133,
      "q" : "0.00082",
      "p" : "5308.89",
      "s" : "sell",
      "i" : "YFI_USD",
      "m" : "4611686018430209006"
    }, {
      "d" : "1756455068588836477",
      "t" : 1756455068588,
      "tn" : 1756455068588836477,
      "q" : "0.01987",
      "p" : "5300.00",
      "s" : "sell",
      "i" : "YFI_USD",
      "m" : "4611686018430209005"
    }, {
      "d" : "1756454481572331565",
      "t" : 1756454481572,
      "tn" : 1756454481572331565,
      "q" : "0.01220",
      "p" : "5323.14",
      "s" : "sell",
      "i" : "YFI_USD",
      "m" : "4611686018430209004"
    }, {
      "d" : "1756454469559728000",
      "t" : 1756454469559,
      "tn" : 1756454469559728000,
      "q" : "0.12717",
      "p" : "5320.15",
      "s" : "sell",
      "i" : "YFI_USD",
      "m" : "4611686018430209003"
    }, {
      "d" : "1756454469559725031",
      "t" : 1756454469559,
      "tn" : 1756454469559725031,
      "q" : "0.29622",
      "p" : "5320.16",
      "s" : "sell",
      "i" : "YFI_USD",
      "m" : "4611686018430209002"
    }, {
      "d" : "1756454280959851798",
      "t" : 1756454280959,
      "tn" : 1756454280959851798,
      "q" : "0.12717",
      "p" : "5310.15",
      "s" : "sell",
      "i" : "YFI_USD",
      "m" : "4611686018430209001"
    }, {
      "d" : "1756454155109758635",
      "t" : 1756454155109,
      "tn" : 1756454155109758635,
      "q" : "0.00270",
      "p" : "5322.15",
      "s" : "sell",
      "i" : "YFI_USD",
      "m" : "4611686018430209000"
    }, {
      "d" : "1756454154653821613",
      "t" : 1756454154653,
      "tn" : 1756454154653821613,
      "q" : "0.00273",
      "p" : "5335.01",
      "s" : "sell",
      "i" : "YFI_USD",
      "m" : "4611686018430208999"
    }, {
      "d" : "1756453503661852758",
      "t" : 1756453503661,
      "tn" : 1756453503661852758,
      "q" : "0.00166",
      "p" : "5315.39",
      "s" : "buy",
      "i" : "YFI_USD",
      "m" : "4611686018430208998"
    }, {
      "d" : "1756453099132171553",
      "t" : 1756453099132,
      "tn" : 1756453099132171553,
      "q" : "0.12717",
      "p" : "5325.70",
      "s" : "sell",
      "i" : "YFI_USD",
      "m" : "4611686018430208997"
    }, {
      "d" : "1756452926891877185",
      "t" : 1756452926891,
      "tn" : 1756452926891877185,
      "q" : "0.14724",
      "p" : "5318.52",
      "s" : "sell",
      "i" : "YFI_USD",
      "m" : "4611686018430208996"
    }, {
      "d" : "1756452926891874508",
      "t" : 1756452926891,
      "tn" : 1756452926891874508,
      "q" : "0.12717",
      "p" : "5318.71",
      "s" : "sell",
      "i" : "YFI_USD",
      "m" : "4611686018430208995"
    }, {
      "d" : "1756452912085675662",
      "t" : 1756452912085,
      "tn" : 1756452912085675662,
      "q" : "0.00270",
      "p" : "5317.21",
      "s" : "sell",
      "i" : "YFI_USD",
      "m" : "4611686018430208994"
    }, {
      "d" : "1756452911807906986",
      "t" : 1756452911807,
      "tn" : 1756452911807906986,
      "q" : "0.00269",
      "p" : "5344.32",
      "s" : "sell",
      "i" : "YFI_USD",
      "m" : "4611686018430208993"
    }, {
      "d" : "1756452696087544867",
      "t" : 1756452696087,
      "tn" : 1756452696087544867,
      "q" : "0.12717",
      "p" : "5325.70",
      "s" : "sell",
      "i" : "YFI_USD",
      "m" : "4611686018430208992"
    }, {
      "d" : "1756452278953000143",
      "t" : 1756452278953,
      "tn" : 1756452278953000143,
      "q" : "0.12717",
      "p" : "5319.71",
      "s" : "sell",
      "i" : "YFI_USD",
      "m" : "4611686018430208991"
    }, {
      "d" : "1756452278952997603",
      "t" : 1756452278952,
      "tn" : 1756452278952997603,
      "q" : "0.01879",
      "p" : "5319.72",
      "s" : "sell",
      "i" : "YFI_USD",
      "m" : "4611686018430208990"
    }, {
      "d" : "1756452090589905147",
      "t" : 1756452090589,
      "tn" : 1756452090589905147,
      "q" : "0.00285",
      "p" : "5351.57",
      "s" : "buy",
      "i" : "YFI_USD",
      "m" : "4611686018430208989"
    }, {
      "d" : "1756451286954366651",
      "t" : 1756451286954,
      "tn" : 1756451286954366651,
      "q" : "0.04957",
      "p" : "5375.95",
      "s" : "sell",
      "i" : "YFI_USD",
      "m" : "4611686018430208988"
    }, {
      "d" : "1756451268022015347",
      "t" : 1756451268022,
      "tn" : 1756451268022015347,
      "q" : "0.03122",
      "p" : "5365.03",
      "s" : "sell",
      "i" : "YFI_USD",
      "m" : "4611686018430208987"
    }, {
      "d" : "1756451268016688631",
      "t" : 1756451268016,
      "tn" : 1756451268016688631,
      "q" : "0.01861",
      "p" : "5372.22",
      "s" : "sell",
      "i" : "YFI_USD",
      "m" : "4611686018430208986"
    }, {
      "d" : "1756450956063820432",
      "t" : 1756450956063,
      "tn" : 1756450956063820432,
      "q" : "0.00340",
      "p" : "5409.56",
      "s" : "buy",
      "i" : "YFI_USD",
      "m" : "4611686018430208985"
    }, {
      "d" : "1756450956061934170",
      "t" : 1756450956061,
      "tn" : 1756450956061934170,
      "q" : "0.04907",
      "p" : "5409.56",
      "s" : "buy",
      "i" : "YFI_USD",
      "m" : "4611686018430208984"
    }, {
      "d" : "1756450956061932210",
      "t" : 1756450956061,
      "tn" : 1756450956061932210,
      "q" : "0.03164",
      "p" : "5404.07",
      "s" : "buy",
      "i" : "YFI_USD",
      "m" : "4611686018430208983"
    }, {
      "d" : "1756450956061929766",
      "t" : 1756450956061,
      "tn" : 1756450956061929766,
      "q" : "0.04350",
      "p" : "5398.08",
      "s" : "buy",
      "i" : "YFI_USD",
      "m" : "4611686018430208982"
    }, {
      "d" : "1756450956061926724",
      "t" : 1756450956061,
      "tn" : 1756450956061926724,
      "q" : "0.02315",
      "p" : "5398.06",
      "s" : "buy",
      "i" : "YFI_USD",
      "m" : "4611686018430208981"
    }, {
      "d" : "1756450955226273871",
      "t" : 1756450955226,
      "tn" : 1756450955226273871,
      "q" : "0.01421",
      "p" : "5398.04",
      "s" : "buy",
      "i" : "YFI_USD",
      "m" : "4611686018430208980"
    }, {
      "d" : "1756442870929043420",
      "t" : 1756442870929,
      "tn" : 1756442870929043420,
      "q" : "0.01701",
      "p" : "5458.95",
      "s" : "sell",
      "i" : "YFI_USD",
      "m" : "4611686018430208979"
    }, {
      "d" : "1756442799752427254",
      "t" : 1756442799752,
      "tn" : 1756442799752427254,
      "q" : "0.07745",
      "p" : "5461.28",
      "s" : "sell",
      "i" : "YFI_USD",
      "m" : "4611686018430208978"
    }, {
      "d" : "1756442741453810323",
      "t" : 1756442741453,
      "tn" : 1756442741453810323,
      "q" : "0.21847",
      "p" : "5463.79",
      "s" : "sell",
      "i" : "YFI_USD",
      "m" : "4611686018430208977"
    }, {
      "d" : "1756440882298613330",
      "t" : 1756440882298,
      "tn" : 1756440882298613330,
      "q" : "0.00001",
      "p" : "5443.71",
      "s" : "buy",
      "i" : "YFI_USD",
      "m" : "4611686018430208976"
    }, {
      "d" : "1756440882213747128",
      "t" : 1756440882213,
      "tn" : 1756440882213747128,
      "q" : "0.00799",
      "p" : "5443.71",
      "s" : "buy",
      "i" : "YFI_USD",
      "m" : "4611686018430208975"
    }, {
      "d" : "1756440586728921396",
      "t" : 1756440586728,
      "tn" : 1756440586728921396,
      "q" : "0.00192",
      "p" : "5457.33",
      "s" : "sell",
      "i" : "YFI_USD",
      "m" : "4611686018430208974"
    }, {
      "d" : "1756438681159995282",
      "t" : 1756438681159,
      "tn" : 1756438681159995282,
      "q" : "0.00872",
      "p" : "5456.49",
      "s" : "buy",
      "i" : "YFI_USD",
      "m" : "4611686018430208973"
    }, {
      "d" : "1756437773485704282",
      "t" : 1756437773485,
      "tn" : 1756437773485704282,
      "q" : "0.00737",
      "p" : "5450.77",
      "s" : "sell",
      "i" : "YFI_USD",
      "m" : "4611686018430208972"
    }, {
      "d" : "1756434976009298690",
      "t" : 1756434976009,
      "tn" : 1756434976009298690,
      "q" : "0.04642",
      "p" : "5439.96",
      "s" : "sell",
      "i" : "YFI_USD",
      "m" : "4611686018430208971"
    }, {
      "d" : "1756434976009206181",
      "t" : 1756434976009,
      "tn" : 1756434976009206181,
      "q" : "0.10082",
      "p" : "5439.96",
      "s" : "sell",
      "i" : "YFI_USD",
      "m" : "4611686018430208970"
    }, {
      "d" : "1756434976009204213",
      "t" : 1756434976009,
      "tn" : 1756434976009204213,
      "q" : "0.12717",
      "p" : "5440.62",
      "s" : "sell",
      "i" : "YFI_USD",
      "m" : "4611686018430208969"
    }, {
      "d" : "1756432816068166029",
      "t" : 1756432816068,
      "tn" : 1756432816068166029,
      "q" : "0.00094",
      "p" : "5435.62",
      "s" : "buy",
      "i" : "YFI_USD",
      "m" : "4611686018430208968"
    }, {
      "d" : "1756427958557198653",
      "t" : 1756427958557,
      "tn" : 1756427958557198653,
      "q" : "0.02755",
      "p" : "5478.82",
      "s" : "sell",
      "i" : "YFI_USD",
      "m" : "4611686018430208967"
    }, {
      "d" : "1756427764636020436",
      "t" : 1756427764636,
      "tn" : 1756427764636020436,
      "q" : "0.00875",
      "p" : "5476.06",
      "s" : "sell",
      "i" : "YFI_USD",
      "m" : "4611686018430208966"
    }, {
      "d" : "1756427764636018097",
      "t" : 1756427764636,
      "tn" : 1756427764636018097,
      "q" : "0.12247",
      "p" : "5476.07",
      "s" : "sell",
      "i" : "YFI_USD",
      "m" : "4611686018430208965"
    }, {
      "d" : "1756427764636015669",
      "t" : 1756427764636,
      "tn" : 1756427764636015669,
      "q" : "0.04350",
      "p" : "5476.08",
      "s" : "sell",
      "i" : "YFI_USD",
      "m" : "4611686018430208964"
    }, {
      "d" : "1756425907236033759",
      "t" : 1756425907236,
      "tn" : 1756425907236033759,
      "q" : "0.12717",
      "p" : "5476.05",
      "s" : "sell",
      "i" : "YFI_USD",
      "m" : "4611686018430208963"
    }, {
      "d" : "1756424637808382259",
      "t" : 1756424637808,
      "tn" : 1756424637808382259,
      "q" : "0.00071",
      "p" : "5475.99",
      "s" : "sell",
      "i" : "YFI_USD",
      "m" : "4611686018430208962"
    }, {
      "d" : "1756421502622562893",
      "t" : 1756421502622,
      "tn" : 1756421502622562893,
      "q" : "0.00054",
      "p" : "5475.21",
      "s" : "sell",
      "i" : "YFI_USD",
      "m" : "4611686018430208961"
    }, {
      "d" : "1756420440736100799",
      "t" : 1756420440736,
      "tn" : 1756420440736100799,
      "q" : "0.12717",
      "p" : "5474.05",
      "s" : "sell",
      "i" : "YFI_USD",
      "m" : "4611686018430208960"
    }, {
      "d" : "1756420292103221388",
      "t" : 1756420292103,
      "tn" : 1756420292103221388,
      "q" : "0.12717",
      "p" : "5470.05",
      "s" : "sell",
      "i" : "YFI_USD",
      "m" : "4611686018430208959"
    }, {
      "d" : "1756420266654731324",
      "t" : 1756420266654,
      "tn" : 1756420266654731324,
      "q" : "0.12717",
      "p" : "5470.05",
      "s" : "sell",
      "i" : "YFI_USD",
      "m" : "4611686018430208958"
    }, {
      "d" : "1756420225182595879",
      "t" : 1756420225182,
      "tn" : 1756420225182595879,
      "q" : "0.12717",
      "p" : "5469.06",
      "s" : "sell",
      "i" : "YFI_USD",
      "m" : "4611686018430208957"
    }, {
      "d" : "1756420156841316719",
      "t" : 1756420156841,
      "tn" : 1756420156841316719,
      "q" : "0.03041",
      "p" : "5467.36",
      "s" : "buy",
      "i" : "YFI_USD",
      "m" : "4611686018430208956"
    }, {
      "d" : "1756420155950898173",
      "t" : 1756420155950,
      "tn" : 1756420155950898173,
      "q" : "0.12717",
      "p" : "5472.05",
      "s" : "sell",
      "i" : "YFI_USD",
      "m" : "4611686018430208955"
    }, {
      "d" : "1756420115732090287",
      "t" : 1756420115732,
      "tn" : 1756420115732090287,
      "q" : "0.22000",
      "p" : "5453.16",
      "s" : "buy",
      "i" : "YFI_USD",
      "m" : "4611686018430208954"
    }, {
      "d" : "1756419976983559234",
      "t" : 1756419976983,
      "tn" : 1756419976983559234,
      "q" : "0.03597",
      "p" : "5472.83",
      "s" : "buy",
      "i" : "YFI_USD",
      "m" : "4611686018430208953"
    }, {
      "d" : "1756419976983555102",
      "t" : 1756419976983,
      "tn" : 1756419976983555102,
      "q" : "0.18403",
      "p" : "5472.83",
      "s" : "buy",
      "i" : "YFI_USD",
      "m" : "4611686018430208952"
    }, {
      "d" : "1756419974281226771",
      "t" : 1756419974281,
      "tn" : 1756419974281226771,
      "q" : "0.22000",
      "p" : "5472.85",
      "s" : "buy",
      "i" : "YFI_USD",
      "m" : "4611686018430208951"
    }, {
      "d" : "1756419928269287503",
      "t" : 1756419928269,
      "tn" : 1756419928269287503,
      "q" : "0.21999",
      "p" : "5474.31",
      "s" : "buy",
      "i" : "YFI_USD",
      "m" : "4611686018430208950"
    }, {
      "d" : "1756419902174300589",
      "t" : 1756419902174,
      "tn" : 1756419902174300589,
      "q" : "0.00984",
      "p" : "5471.48",
      "s" : "buy",
      "i" : "YFI_USD",
      "m" : "4611686018430208949"
    }, {
      "d" : "1756419902174297398",
      "t" : 1756419902174,
      "tn" : 1756419902174297398,
      "q" : "0.21016",
      "p" : "5471.48",
      "s" : "buy",
      "i" : "YFI_USD",
      "m" : "4611686018430208948"
    }, {
      "d" : "1756419899168796027",
      "t" : 1756419899168,
      "tn" : 1756419899168796027,
      "q" : "0.18369",
      "p" : "5471.70",
      "s" : "buy",
      "i" : "YFI_USD",
      "m" : "4611686018430208947"
    }, {
      "d" : "1756419899165139650",
      "t" : 1756419899165,
      "tn" : 1756419899165139650,
      "q" : "0.03631",
      "p" : "5471.70",
      "s" : "buy",
      "i" : "YFI_USD",
      "m" : "4611686018430208946"
    }, {
      "d" : "1756419898789248167",
      "t" : 1756419898789,
      "tn" : 1756419898789248167,
      "q" : "0.13638",
      "p" : "5474.11",
      "s" : "buy",
      "i" : "YFI_USD",
      "m" : "4611686018430208945"
    }, {
      "d" : "1756419898710653845",
      "t" : 1756419898710,
      "tn" : 1756419898710653845,
      "q" : "0.08362",
      "p" : "5474.11",
      "s" : "buy",
      "i" : "YFI_USD",
      "m" : "4611686018430208944"
    }, {
      "d" : "1756419815977612119",
      "t" : 1756419815977,
      "tn" : 1756419815977612119,
      "q" : "0.21999",
      "p" : "5474.08",
      "s" : "buy",
      "i" : "YFI_USD",
      "m" : "4611686018430208943"
    }, {
      "d" : "1756418929096860440",
      "t" : 1756418929096,
      "tn" : 1756418929096860440,
      "q" : "0.00001",
      "p" : "5463.83",
      "s" : "buy",
      "i" : "YFI_USD",
      "m" : "4611686018430208942"
    }, {
      "d" : "1756418929073544535",
      "t" : 1756418929073,
      "tn" : 1756418929073544535,
      "q" : "0.00399",
      "p" : "5463.83",
      "s" : "buy",
      "i" : "YFI_USD",
      "m" : "4611686018430208941"
    }, {
      "d" : "1756417744084647889",
      "t" : 1756417744084,
      "tn" : 1756417744084647889,
      "q" : "0.08000",
      "p" : "5443.93",
      "s" : "sell",
      "i" : "YFI_USD",
      "m" : "4611686018430208940"
    }, {
      "d" : "1756417018653891149",
      "t" : 1756417018653,
      "tn" : 1756417018653891149,
      "q" : "0.00051",
      "p" : "5447.57",
      "s" : "sell",
      "i" : "YFI_USD",
      "m" : "4611686018430208939"
    }, {
      "d" : "1756415175191939265",
      "t" : 1756415175191,
      "tn" : 1756415175191939265,
      "q" : "0.00001",
      "p" : "5418.52",
      "s" : "buy",
      "i" : "YFI_USD",
      "m" : "4611686018430208938"
    }, {
      "d" : "1756415175179228291",
      "t" : 1756415175179,
      "tn" : 1756415175179228291,
      "q" : "0.03999",
      "p" : "5418.52",
      "s" : "buy",
      "i" : "YFI_USD",
      "m" : "4611686018430208937"
    }, {
      "d" : "1756412869498549309",
      "t" : 1756412869498,
      "tn" : 1756412869498549309,
      "q" : "0.00231",
      "p" : "5428.42",
      "s" : "sell",
      "i" : "YFI_USD",
      "m" : "4611686018430208936"
    }, {
      "d" : "1756412680742006242",
      "t" : 1756412680742,
      "tn" : 1756412680742006242,
      "q" : "0.14373",
      "p" : "5423.97",
      "s" : "sell",
      "i" : "YFI_USD",
      "m" : "4611686018430208935"
    }, {
      "d" : "1756411044618868402",
      "t" : 1756411044618,
      "tn" : 1756411044618868402,
      "q" : "0.01735",
      "p" : "5395.61",
      "s" : "sell",
      "i" : "YFI_USD",
      "m" : "4611686018430208934"
    }, {
      "d" : "1756410998604437013",
      "t" : 1756410998604,
      "tn" : 1756410998604437013,
      "q" : "0.01155",
      "p" : "5397.64",
      "s" : "sell",
      "i" : "YFI_USD",
      "m" : "4611686018430208933"
    }, {
      "d" : "1756410654663371066",
      "t" : 1756410654663,
      "tn" : 1756410654663371066,
      "q" : "0.03912",
      "p" : "5406.59",
      "s" : "sell",
      "i" : "YFI_USD",
      "m" : "4611686018430208932"
    }, {
      "d" : "1756408780239506415",
      "t" : 1756408780239,
      "tn" : 1756408780239506415,
      "q" : "0.00001",
      "p" : "5418.31",
      "s" : "buy",
      "i" : "YFI_USD",
      "m" : "4611686018430208931"
    }, {
      "d" : "1756408780235054981",
      "t" : 1756408780235,
      "tn" : 1756408780235054981,
      "q" : "0.00289",
      "p" : "5418.31",
      "s" : "buy",
      "i" : "YFI_USD",
      "m" : "4611686018430208930"
    }, {
      "d" : "1756408190860029506",
      "t" : 1756408190860,
      "tn" : 1756408190860029506,
      "q" : "0.00045",
      "p" : "5450.66",
      "s" : "sell",
      "i" : "YFI_USD",
      "m" : "4611686018430208929"
    }, {
      "d" : "1756408168927801650",
      "t" : 1756408168927,
      "tn" : 1756408168927801650,
      "q" : "0.01021",
      "p" : "5449.72",
      "s" : "sell",
      "i" : "YFI_USD",
      "m" : "4611686018430208928"
    }, {
      "d" : "1756405958281192479",
      "t" : 1756405958281,
      "tn" : 1756405958281192479,
      "q" : "0.01836",
      "p" : "5446.08",
      "s" : "sell",
      "i" : "YFI_USD",
      "m" : "4611686018430208927"
    }, {
      "d" : "1756405872249462075",
      "t" : 1756405872249,
      "tn" : 1756405872249462075,
      "q" : "0.00181",
      "p" : "5462.14",
      "s" : "buy",
      "i" : "YFI_USD",
      "m" : "4611686018430208926"
    }, {
      "d" : "1756405872249460331",
      "t" : 1756405872249,
      "tn" : 1756405872249460331,
      "q" : "0.00203",
      "p" : "5462.13",
      "s" : "buy",
      "i" : "YFI_USD",
      "m" : "4611686018430208925"
    }, {
      "d" : "1756405870318040021",
      "t" : 1756405870318,
      "tn" : 1756405870318040021,
      "q" : "0.02182",
      "p" : "5462.14",
      "s" : "buy",
      "i" : "YFI_USD",
      "m" : "4611686018430208924"
    }, {
      "d" : "1756404442491343158",
      "t" : 1756404442491,
      "tn" : 1756404442491343158,
      "q" : "0.00189",
      "p" : "5427.09",
      "s" : "sell",
      "i" : "YFI_USD",
      "m" : "4611686018430208923"
    }, {
      "d" : "1756404442461991297",
      "t" : 1756404442461,
      "tn" : 1756404442461991297,
      "q" : "0.00202",
      "p" : "5427.09",
      "s" : "sell",
      "i" : "YFI_USD",
      "m" : "4611686018430208922"
    }, {
      "d" : "1756403729158199273",
      "t" : 1756403729158,
      "tn" : 1756403729158199273,
      "q" : "0.00065",
      "p" : "5426.11",
      "s" : "buy",
      "i" : "YFI_USD",
      "m" : "4611686018430208921"
    }, {
      "d" : "1756403728517530363",
      "t" : 1756403728517,
      "tn" : 1756403728517530363,
      "q" : "0.00025",
      "p" : "5426.11",
      "s" : "buy",
      "i" : "YFI_USD",
      "m" : "4611686018430208920"
    }, {
      "d" : "1756403728495716684",
      "t" : 1756403728495,
      "tn" : 1756403728495716684,
      "q" : "0.00075",
      "p" : "5426.11",
      "s" : "buy",
      "i" : "YFI_USD",
      "m" : "4611686018430208919"
    }, {
      "d" : "1756403487505196013",
      "t" : 1756403487505,
      "tn" : 1756403487505196013,
      "q" : "0.00364",
      "p" : "5427.24",
      "s" : "buy",
      "i" : "YFI_USD",
      "m" : "4611686018430208918"
    }, {
      "d" : "1756402384468236441",
      "t" : 1756402384468,
      "tn" : 1756402384468236441,
      "q" : "0.12435",
      "p" : "5415.12",
      "s" : "sell",
      "i" : "YFI_USD",
      "m" : "4611686018430208917"
    }, {
      "d" : "1756402384468233963",
      "t" : 1756402384468,
      "tn" : 1756402384468233963,
      "q" : "0.17259",
      "p" : "5417.88",
      "s" : "sell",
      "i" : "YFI_USD",
      "m" : "4611686018430208916"
    }, {
      "d" : "1756402384468231302",
      "t" : 1756402384468,
      "tn" : 1756402384468231302,
      "q" : "0.12717",
      "p" : "5419.20",
      "s" : "sell",
      "i" : "YFI_USD",
      "m" : "4611686018430208915"
    }, {
      "d" : "1756400886543266535",
      "t" : 1756400886543,
      "tn" : 1756400886543266535,
      "q" : "0.01000",
      "p" : "5406.69",
      "s" : "sell",
      "i" : "YFI_USD",
      "m" : "4611686018430208914"
    }, {
      "d" : "1756400644392661609",
      "t" : 1756400644392,
      "tn" : 1756400644392661609,
      "q" : "0.12717",
      "p" : "5402.21",
      "s" : "sell",
      "i" : "YFI_USD",
      "m" : "4611686018430208913"
    }, {
      "d" : "1756400369493255200",
      "t" : 1756400369493,
      "tn" : 1756400369493255200,
      "q" : "0.02215",
      "p" : "5381.22",
      "s" : "sell",
      "i" : "YFI_USD",
      "m" : "4611686018430208912"
    }, {
      "d" : "1756400130498211991",
      "t" : 1756400130498,
      "tn" : 1756400130498211991,
      "q" : "0.06349",
      "p" : "5415.12",
      "s" : "sell",
      "i" : "YFI_USD",
      "m" : "4611686018430208911"
    }, {
      "d" : "1756400130498209464",
      "t" : 1756400130498,
      "tn" : 1756400130498209464,
      "q" : "0.08375",
      "p" : "5415.12",
      "s" : "sell",
      "i" : "YFI_USD",
      "m" : "4611686018430208910"
    }, {
      "d" : "1756400130498207682",
      "t" : 1756400130498,
      "tn" : 1756400130498207682,
      "q" : "0.12717",
      "p" : "5415.20",
      "s" : "sell",
      "i" : "YFI_USD",
      "m" : "4611686018430208909"
    }, {
      "d" : "1756400109943357926",
      "t" : 1756400109943,
      "tn" : 1756400109943357926,
      "q" : "0.12717",
      "p" : "5416.20",
      "s" : "sell",
      "i" : "YFI_USD",
      "m" : "4611686018430208908"
    }, {
      "d" : "1756400051918810379",
      "t" : 1756400051918,
      "tn" : 1756400051918810379,
      "q" : "0.12717",
      "p" : "5415.20",
      "s" : "sell",
      "i" : "YFI_USD",
      "m" : "4611686018430208907"
    }, {
      "d" : "1756400050247511302",
      "t" : 1756400050247,
      "tn" : 1756400050247511302,
      "q" : "0.00400",
      "p" : "5410.58",
      "s" : "buy",
      "i" : "YFI_USD",
      "m" : "4611686018430208906"
    }, {
      "d" : "1756400050247491868",
      "t" : 1756400050247,
      "tn" : 1756400050247491868,
      "q" : "0.18901",
      "p" : "5410.58",
      "s" : "buy",
      "i" : "YFI_USD",
      "m" : "4611686018430208905"
    }, {
      "d" : "1756400050245822580",
      "t" : 1756400050245,
      "tn" : 1756400050245822580,
      "q" : "0.01663",
      "p" : "5410.58",
      "s" : "buy",
      "i" : "YFI_USD",
      "m" : "4611686018430208904"
    }, {
      "d" : "1756400045031031737",
      "t" : 1756400045031,
      "tn" : 1756400045031031737,
      "q" : "0.01108",
      "p" : "5415.20",
      "s" : "buy",
      "i" : "YFI_USD",
      "m" : "4611686018430208903"
    }, {
      "d" : "1756400044968856699",
      "t" : 1756400044968,
      "tn" : 1756400044968856699,
      "q" : "0.01662",
      "p" : "5415.20",
      "s" : "buy",
      "i" : "YFI_USD",
      "m" : "4611686018430208902"
    }, {
      "d" : "1756400044931057876",
      "t" : 1756400044931,
      "tn" : 1756400044931057876,
      "q" : "0.01662",
      "p" : "5415.20",
      "s" : "buy",
      "i" : "YFI_USD",
      "m" : "4611686018430208901"
    }, {
      "d" : "1756400044831115824",
      "t" : 1756400044831,
      "tn" : 1756400044831115824,
      "q" : "0.01662",
      "p" : "5415.20",
      "s" : "buy",
      "i" : "YFI_USD",
      "m" : "4611686018430208900"
    }, {
      "d" : "1756400044731229060",
      "t" : 1756400044731,
      "tn" : 1756400044731229060,
      "q" : "0.01662",
      "p" : "5415.20",
      "s" : "buy",
      "i" : "YFI_USD",
      "m" : "4611686018430208899"
    }, {
      "d" : "1756400044696612495",
      "t" : 1756400044696,
      "tn" : 1756400044696612495,
      "q" : "0.00910",
      "p" : "5415.20",
      "s" : "buy",
      "i" : "YFI_USD",
      "m" : "4611686018430208898"
    }, {
      "d" : "1756400044602447505",
      "t" : 1756400044602,
      "tn" : 1756400044602447505,
      "q" : "0.01662",
      "p" : "5415.20",
      "s" : "buy",
      "i" : "YFI_USD",
      "m" : "4611686018430208897"
    }, {
      "d" : "1756400044586430245",
      "t" : 1756400044586,
      "tn" : 1756400044586430245,
      "q" : "0.01662",
      "p" : "5415.20",
      "s" : "buy",
      "i" : "YFI_USD",
      "m" : "4611686018430208896"
    }, {
      "d" : "1756400044569364980",
      "t" : 1756400044569,
      "tn" : 1756400044569364980,
      "q" : "0.01662",
      "p" : "5415.20",
      "s" : "buy",
      "i" : "YFI_USD",
      "m" : "4611686018430208895"
    }, {
      "d" : "1756400044447481746",
      "t" : 1756400044447,
      "tn" : 1756400044447481746,
      "q" : "0.01662",
      "p" : "5415.20",
      "s" : "buy",
      "i" : "YFI_USD",
      "m" : "4611686018430208894"
    }, {
      "d" : "1756400044430938981",
      "t" : 1756400044430,
      "tn" : 1756400044430938981,
      "q" : "0.01662",
      "p" : "5415.20",
      "s" : "buy",
      "i" : "YFI_USD",
      "m" : "4611686018430208893"
    }, {
      "d" : "1756400044318453133",
      "t" : 1756400044318,
      "tn" : 1756400044318453133,
      "q" : "0.01662",
      "p" : "5415.20",
      "s" : "buy",
      "i" : "YFI_USD",
      "m" : "4611686018430208892"
    }, {
      "d" : "1756400044298304929",
      "t" : 1756400044298,
      "tn" : 1756400044298304929,
      "q" : "0.01662",
      "p" : "5415.20",
      "s" : "buy",
      "i" : "YFI_USD",
      "m" : "4611686018430208891"
    }, {
      "d" : "1756400044281093038",
      "t" : 1756400044281,
      "tn" : 1756400044281093038,
      "q" : "0.01662",
      "p" : "5415.20",
      "s" : "buy",
      "i" : "YFI_USD",
      "m" : "4611686018430208890"
    }, {
      "d" : "1756400042736516573",
      "t" : 1756400042736,
      "tn" : 1756400042736516573,
      "q" : "0.12717",
      "p" : "5419.20",
      "s" : "sell",
      "i" : "YFI_USD",
      "m" : "4611686018430208889"
    }, {
      "d" : "1756400041576142906",
      "t" : 1756400041576,
      "tn" : 1756400041576142906,
      "q" : "0.06864",
      "p" : "5415.96",
      "s" : "buy",
      "i" : "YFI_USD",
      "m" : "4611686018430208888"
    }, {
      "d" : "1756400041546400165",
      "t" : 1756400041546,
      "tn" : 1756400041546400165,
      "q" : "0.01662",
      "p" : "5415.96",
      "s" : "buy",
      "i" : "YFI_USD",
      "m" : "4611686018430208887"
    }, {
      "d" : "1756400041488349494",
      "t" : 1756400041488,
      "tn" : 1756400041488349494,
      "q" : "0.01662",
      "p" : "5415.96",
      "s" : "buy",
      "i" : "YFI_USD",
      "m" : "4611686018430208886"
    }, {
      "d" : "1756400041460348113",
      "t" : 1756400041460,
      "tn" : 1756400041460348113,
      "q" : "0.01662",
      "p" : "5415.96",
      "s" : "buy",
      "i" : "YFI_USD",
      "m" : "4611686018430208885"
    }, {
      "d" : "1756400041430957270",
      "t" : 1756400041430,
      "tn" : 1756400041430957270,
      "q" : "0.01662",
      "p" : "5415.96",
      "s" : "buy",
      "i" : "YFI_USD",
      "m" : "4611686018430208884"
    }, {
      "d" : "1756400041427878563",
      "t" : 1756400041427,
      "tn" : 1756400041427878563,
      "q" : "0.01840",
      "p" : "5415.96",
      "s" : "buy",
      "i" : "YFI_USD",
      "m" : "4611686018430208883"
    }, {
      "d" : "1756400041411576484",
      "t" : 1756400041411,
      "tn" : 1756400041411576484,
      "q" : "0.01662",
      "p" : "5415.96",
      "s" : "buy",
      "i" : "YFI_USD",
      "m" : "4611686018430208882"
    }, {
      "d" : "1756400041391011016",
      "t" : 1756400041391,
      "tn" : 1756400041391011016,
      "q" : "0.01662",
      "p" : "5415.96",
      "s" : "buy",
      "i" : "YFI_USD",
      "m" : "4611686018430208881"
    }, {
      "d" : "1756400041331336782",
      "t" : 1756400041331,
      "tn" : 1756400041331336782,
      "q" : "0.01662",
      "p" : "5415.96",
      "s" : "buy",
      "i" : "YFI_USD",
      "m" : "4611686018430208880"
    }, {
      "d" : "1756400041246757594",
      "t" : 1756400041246,
      "tn" : 1756400041246757594,
      "q" : "0.01662",
      "p" : "5415.96",
      "s" : "buy",
      "i" : "YFI_USD",
      "m" : "4611686018430208879"
    }, {
      "d" : "1756400040012768370",
      "t" : 1756400040012,
      "tn" : 1756400040012768370,
      "q" : "0.00090",
      "p" : "5415.97",
      "s" : "buy",
      "i" : "YFI_USD",
      "m" : "4611686018430208878"
    }, {
      "d" : "1756400039766815094",
      "t" : 1756400039766,
      "tn" : 1756400039766815094,
      "q" : "0.00046",
      "p" : "5415.97",
      "s" : "buy",
      "i" : "YFI_USD",
      "m" : "4611686018430208877"
    }, {
      "d" : "1756400039712732416",
      "t" : 1756400039712,
      "tn" : 1756400039712732416,
      "q" : "0.00739",
      "p" : "5415.97",
      "s" : "buy",
      "i" : "YFI_USD",
      "m" : "4611686018430208876"
    }, {
      "d" : "1756400039706311997",
      "t" : 1756400039706,
      "tn" : 1756400039706311997,
      "q" : "0.02633",
      "p" : "5415.97",
      "s" : "buy",
      "i" : "YFI_USD",
      "m" : "4611686018430208875"
    }, {
      "d" : "1756400039694311035",
      "t" : 1756400039694,
      "tn" : 1756400039694311035,
      "q" : "0.04253",
      "p" : "5415.97",
      "s" : "buy",
      "i" : "YFI_USD",
      "m" : "4611686018430208874"
    }, {
      "d" : "1756400039692700908",
      "t" : 1756400039692,
      "tn" : 1756400039692700908,
      "q" : "0.01662",
      "p" : "5415.97",
      "s" : "buy",
      "i" : "YFI_USD",
      "m" : "4611686018430208873"
    }, {
      "d" : "1756400039689377434",
      "t" : 1756400039689,
      "tn" : 1756400039689377434,
      "q" : "0.12577",
      "p" : "5415.97",
      "s" : "buy",
      "i" : "YFI_USD",
      "m" : "4611686018430208872"
    }, {
      "d" : "1756400036435647691",
      "t" : 1756400036435,
      "tn" : 1756400036435647691,
      "q" : "0.12717",
      "p" : "5422.20",
      "s" : "sell",
      "i" : "YFI_USD",
      "m" : "4611686018430208871"
    }, {
      "d" : "1756400031542720004",
      "t" : 1756400031542,
      "tn" : 1756400031542720004,
      "q" : "0.00001",
      "p" : "5416.78",
      "s" : "buy",
      "i" : "YFI_USD",
      "m" : "4611686018430208870"
    }, {
      "d" : "1756400031507548758",
      "t" : 1756400031507,
      "tn" : 1756400031507548758,
      "q" : "0.10629",
      "p" : "5416.78",
      "s" : "buy",
      "i" : "YFI_USD",
      "m" : "4611686018430208869"
    }, {
      "d" : "1756400030984566693",
      "t" : 1756400030984,
      "tn" : 1756400030984566693,
      "q" : "0.01662",
      "p" : "5416.78",
      "s" : "buy",
      "i" : "YFI_USD",
      "m" : "4611686018430208868"
    }, {
      "d" : "1756400030974749805",
      "t" : 1756400030974,
      "tn" : 1756400030974749805,
      "q" : "0.00861",
      "p" : "5416.78",
      "s" : "buy",
      "i" : "YFI_USD",
      "m" : "4611686018430208867"
    }, {
      "d" : "1756400030965576576",
      "t" : 1756400030965,
      "tn" : 1756400030965576576,
      "q" : "0.01662",
      "p" : "5416.78",
      "s" : "buy",
      "i" : "YFI_USD",
      "m" : "4611686018430208866"
    }, {
      "d" : "1756400030949449238",
      "t" : 1756400030949,
      "tn" : 1756400030949449238,
      "q" : "0.01662",
      "p" : "5416.78",
      "s" : "buy",
      "i" : "YFI_USD",
      "m" : "4611686018430208865"
    }, {
      "d" : "1756400030930983469",
      "t" : 1756400030930,
      "tn" : 1756400030930983469,
      "q" : "0.01662",
      "p" : "5416.78",
      "s" : "buy",
      "i" : "YFI_USD",
      "m" : "4611686018430208864"
    } ]
  }
}