{
  "id" : -1,
  "method" : "public/get-trades",
  "code" : 0,
  "result" : {
    "data" : [ {
      "d" : "1756462766527783159",
      "t" : 1756462766527,
      "tn" : 1756462766527783159,
      "q" : "0.0001",
      "p" : "5332.25",
      "s" : "buy",
      "i" : "YFIUSD-PERP",
      "m" : "4611686018430567359"
    }, {
      "d" : "1756462230307598743",
      "t" : 1756462230307,
      "tn" : 1756462230307598743,
      "q" : "0.0001",
      "p" : "5318.96",
      "s" : "sell",
      "i" : "YFIUSD-PERP",
      "m" : "4611686018430567358"
    }, {
      "d" : "1756462230307596403",
      "t" : 1756462230307,
      "tn" : 1756462230307596403,
      "q" : "0.0001",
      "p" : "5321.20",
      "s" : "sell",
      "i" : "YFIUSD-PERP",
      "m" : "4611686018430567357"
    }, {
      "d" : "1756461724126366226",
      "t" : 1756461724126,
      "tn" : 1756461724126366226,
      "q" : "0.0001",
      "p" : "5315.37",
      "s" : "sell",
      "i" : "YFIUSD-PERP",
      "m" : "4611686018430567356"
    }, {
      "d" : "1756459810247565370",
      "t" : 1756459810247,
      "tn" : 1756459810247565370,
      "q" : "0.0001",
      "p" : "5304.25",
      "s" : "buy",
      "i" : "YFIUSD-PERP",
      "m" : "4611686018430567355"
    }, {
      "d" : "1756459081807437331",
      "t" : 1756459081807,
      "tn" : 1756459081807437331,
      "q" : "0.0001",
      "p" : "5289.41",
      "s" : "buy",
      "i" : "YFIUSD-PERP",
      "m" : "4611686018430567354"
    }, {
      "d" : "1756458914027357368",
      "t" : 1756458914027,
      "tn" : 1756458914027357368,
      "q" : "0.0001",
      "p" : "5272.98",
      "s" : "buy",
      "i" : "YFIUSD-PERP",
      "m" : "4611686018430567353"
    }, {
      "d" : "1756458909124042447",
      "t" : 1756458909124,
      "tn" : 1756458909124042447,
      "q" : "0.0418",
      "p" : "5281.22",
      "s" : "sell",
      "i" : "YFIUSD-PERP",
      "m" : "4611686018430567352"
    }, {
      "d" : "1756458909124040673",
      "t" : 1756458909124,
      "tn" : 1756458909124040673,
      "q" : "0.0533",
      "p" : "5282.24",
      "s" : "sell",
      "i" : "YFIUSD-PERP",
      "m" : "4611686018430567351"
    }, {
      "d" : "1756458909119242080",
      "t" : 1756458909119,
      "tn" : 1756458909119242080,
      "q" : "0.0001",
      "p" : "5275.62",
      "s" : "buy",
      "i" : "YFIUSD-PERP",
      "m" : "4611686018430567350"
    }, {
      "d" : "1756458390807595429",
      "t" : 1756458390807,
      "tn" : 1756458390807595429,
      "q" : "0.0001",
      "p" : "5250.79",
      "s" : "sell",
      "i" : "YFIUSD-PERP",
      "m" : "4611686018430567349"
    }, {
      "d" : "1756458390807593141",
      "t" : 1756458390807,
      "tn" : 1756458390807593141,
      "q" : "0.0001",
      "p" : "5252.13",
      "s" : "sell",
      "i" : "YFIUSD-PERP",
      "m" : "4611686018430567348"
    }, {
      "d" : "1756458180703224835",
      "t" : 1756458180703,
      "tn" : 1756458180703224835,
      "q" : "0.0001",
      "p" : "5234.32",
      "s" : "sell",
      "i" : "YFIUSD-PERP",
      "m" : "4611686018430567347"
    }, {
      "d" : "1756458177711151336",
      "t" : 1756458177711,
      "tn" : 1756458177711151336,
      "q" : "0.0035",
      "p" : "5236.00",
      "s" : "buy",
      "i" : "YFIUSD-PERP",
      "m" : "4611686018430567346"
    }, {
      "d" : "1756458177711150048",
      "t" : 1756458177711,
      "tn" : 1756458177711150048,
      "q" : "0.0001",
      "p" : "5235.06",
      "s" : "buy",
      "i" : "YFIUSD-PERP",
      "m" : "4611686018430567345"
    }, {
      "d" : "1756458177691148280",
      "t" : 1756458177691,
      "tn" : 1756458177691148280,
      "q" : "0.0001",
      "p" : "5237.44",
      "s" : "sell",
      "i" : "YFIUSD-PERP",
      "m" : "4611686018430567344"
    }, {
      "d" : "1756458146930222449",
      "t" : 1756458146930,
      "tn" : 1756458146930222449,
      "q" : "0.0058",
      "p" : "5249.20",
      "s" : "buy",
      "i" : "YFIUSD-PERP",
      "m" : "4611686018430567343"
    }, {
      "d" : "1756458146930220852",
      "t" : 1756458146930,
      "tn" : 1756458146930220852,
      "q" : "0.0001",
      "p" : "5248.01",
      "s" : "buy",
      "i" : "YFIUSD-PERP",
      "m" : "4611686018430567342"
    }, {
      "d" : "1756458146891644019",
      "t" : 1756458146891,
      "tn" : 1756458146891644019,
      "q" : "0.0001",
      "p" : "5250.44",
      "s" : "sell",
      "i" : "YFIUSD-PERP",
      "m" : "4611686018430567341"
    }, {
      "d" : "1756457855427771932",
      "t" : 1756457855427,
      "tn" : 1756457855427771932,
      "q" : "0.0001",
      "p" : "5259.00",
      "s" : "sell",
      "i" : "YFIUSD-PERP",
      "m" : "4611686018430567340"
    }, {
      "d" : "1756457847006889109",
      "t" : 1756457847006,
      "tn" : 1756457847006889109,
      "q" : "0.0001",
      "p" : "5261.73",
      "s" : "sell",
      "i" : "YFIUSD-PERP",
      "m" : "4611686018430567339"
    }, {
      "d" : "1756457847006886846",
      "t" : 1756457847006,
      "tn" : 1756457847006886846,
      "q" : "0.0001",
      "p" : "5261.84",
      "s" : "sell",
      "i" : "YFIUSD-PERP",
      "m" : "4611686018430567338"
    }, {
      "d" : "1756457841868227321",
      "t" : 1756457841868,
      "tn" : 1756457841868227321,
      "q" : "0.0380",
      "p" : "5262.25",
      "s" : "sell",
      "i" : "YFIUSD-PERP",
      "m" : "4611686018430567337"
    }, {
      "d" : "1756457841858769992",
      "t" : 1756457841858,
      "tn" : 1756457841858769992,
      "q" : "0.0004",
      "p" : "5266.10",
      "s" : "sell",
      "i" : "YFIUSD-PERP",
      "m" : "4611686018430567336"
    }, {
      "d" : "1756457841858768234",
      "t" : 1756457841858,
      "tn" : 1756457841858768234,
      "q" : "0.0001",
      "p" : "5267.80",
      "s" : "sell",
      "i" : "YFIUSD-PERP",
      "m" : "4611686018430567335"
    }, {
      "d" : "1756457841858765840",
      "t" : 1756457841858,
      "tn" : 1756457841858765840,
      "q" : "0.0001",
      "p" : "5270.32",
      "s" : "sell",
      "i" : "YFIUSD-PERP",
      "m" : "4611686018430567334"
    }, {
      "d" : "1756457689107312895",
      "t" : 1756457689107,
      "tn" : 1756457689107312895,
      "q" : "0.0001",
      "p" : "5275.62",
      "s" : "sell",
      "i" : "YFIUSD-PERP",
      "m" : "4611686018430567333"
    }, {
      "d" : "1756457684035615369",
      "t" : 1756457684035,
      "tn" : 1756457684035615369,
      "q" : "0.0001",
      "p" : "5281.87",
      "s" : "sell",
      "i" : "YFIUSD-PERP",
      "m" : "4611686018430567332"
    }, {
      "d" : "1756457684034730504",
      "t" : 1756457684034,
      "tn" : 1756457684034730504,
      "q" : "0.0004",
      "p" : "5281.90",
      "s" : "sell",
      "i" : "YFIUSD-PERP",
      "m" : "4611686018430567331"
    }, {
      "d" : "1756457684034221961",
      "t" : 1756457684034,
      "tn" : 1756457684034221961,
      "q" : "0.0001",
      "p" : "5284.63",
      "s" : "sell",
      "i" : "YFIUSD-PERP",
      "m" : "4611686018430567330"
    }, {
      "d" : "1756456582987410122",
      "t" : 1756456582987,
      "tn" : 1756456582987410122,
      "q" : "0.0001",
      "p" : "5290.94",
      "s" : "sell",
      "i" : "YFIUSD-PERP",
      "m" : "4611686018430567329"
    }, {
      "d" : "1756456582987407479",
      "t" : 1756456582987,
      "tn" : 1756456582987407479,
      "q" : "0.0001",
      "p" : "5293.64",
      "s" : "sell",
      "i" : "YFIUSD-PERP",
      "m" : "4611686018430567328"
    }, {
      "d" : "1756455712407520583",
      "t" : 1756455712407,
      "tn" : 1756455712407520583,
      "q" : "0.0001",
      "p" : "5294.22",
      "s" : "buy",
      "i" : "YFIUSD-PERP",
      "m" : "4611686018430567327"
    }, {
      "d" : "1756455592821357227",
      "t" : 1756455592821,
      "tn" : 1756455592821357227,
      "q" : "0.0001",
      "p" : "5302.65",
      "s" : "sell",
      "i" : "YFIUSD-PERP",
      "m" : "4611686018430567326"
    }, {
      "d" : "1756455057388452362",
      "t" : 1756455057388,
      "tn" : 1756455057388452362,
      "q" : "0.0001",
      "p" : "5298.95",
      "s" : "sell",
      "i" : "YFIUSD-PERP",
      "m" : "4611686018430567325"
    }, {
      "d" : "1756455057388449230",
      "t" : 1756455057388,
      "tn" : 1756455057388449230,
      "q" : "0.0001",
      "p" : "5301.59",
      "s" : "sell",
      "i" : "YFIUSD-PERP",
      "m" : "4611686018430567324"
    }, {
      "d" : "1756455049250139468",
      "t" : 1756455049250,
      "tn" : 1756455049250139468,
      "q" : "0.0001",
      "p" : "5305.83",
      "s" : "sell",
      "i" : "YFIUSD-PERP",
      "m" : "4611686018430567323"
    }, {
      "d" : "1756454974030546360",
      "t" : 1756454974030,
      "tn" : 1756454974030546360,
      "q" : "0.0001",
      "p" : "5310.60",
      "s" : "sell",
      "i" : "YFIUSD-PERP",
      "m" : "4611686018430567322"
    }, {
      "d" : "1756454933327580219",
      "t" : 1756454933327,
      "tn" : 1756454933327580219,
      "q" : "0.0001",
      "p" : "5313.25",
      "s" : "sell",
      "i" : "YFIUSD-PERP",
      "m" : "4611686018430567321"
    }, {
      "d" : "1756454917560431381",
      "t" : 1756454917560,
      "tn" : 1756454917560431381,
      "q" : "0.0001",
      "p" : "5318.55",
      "s" : "sell",
      "i" : "YFIUSD-PERP",
      "m" : "4611686018430567320"
    }, {
      "d" : "1756454904891486328",
      "t" : 1756454904891,
      "tn" : 1756454904891486328,
      "q" : "0.0001",
      "p" : "5320.67",
      "s" : "sell",
      "i" : "YFIUSD-PERP",
      "m" : "4611686018430567319"
    }, {
      "d" : "1756454902837175208",
      "t" : 1756454902837,
      "tn" : 1756454902837175208,
      "q" : "0.0001",
      "p" : "5319.61",
      "s" : "sell",
      "i" : "YFIUSD-PERP",
      "m" : "4611686018430567318"
    }, {
      "d" : "1756454865669381927",
      "t" : 1756454865669,
      "tn" : 1756454865669381927,
      "q" : "0.0001",
      "p" : "5323.32",
      "s" : "sell",
      "i" : "YFIUSD-PERP",
      "m" : "4611686018430567317"
    }, {
      "d" : "1756454863242205340",
      "t" : 1756454863242,
      "tn" : 1756454863242205340,
      "q" : "0.0001",
      "p" : "5323.32",
      "s" : "sell",
      "i" : "YFIUSD-PERP",
      "m" : "4611686018430567316"
    }, {
      "d" : "1756454848247505331",
      "t" : 1756454848247,
      "tn" : 1756454848247505331,
      "q" : "0.0001",
      "p" : "5322.79",
      "s" : "sell",
      "i" : "YFIUSD-PERP",
      "m" : "4611686018430567315"
    }, {
      "d" : "1756454786488146786",
      "t" : 1756454786488,
      "tn" : 1756454786488146786,
      "q" : "0.0001",
      "p" : "5320.67",
      "s" : "sell",
      "i" : "YFIUSD-PERP",
      "m" : "4611686018430567314"
    }, {
      "d" : "1756454776469031400",
      "t" : 1756454776469,
      "tn" : 1756454776469031400,
      "q" : "0.0001",
      "p" : "5319.61",
      "s" : "sell",
      "i" : "YFIUSD-PERP",
      "m" : "4611686018430567313"
    }, {
      "d" : "1756454772521262053",
      "t" : 1756454772521,
      "tn" : 1756454772521262053,
      "q" : "0.0001",
      "p" : "5320.67",
      "s" : "sell",
      "i" : "YFIUSD-PERP",
      "m" : "4611686018430567312"
    }, {
      "d" : "1756454766457725954",
      "t" : 1756454766457,
      "tn" : 1756454766457725954,
      "q" : "0.0001",
      "p" : "5319.29",
      "s" : "sell",
      "i" : "YFIUSD-PERP",
      "m" : "4611686018430567311"
    }, {
      "d" : "1756454761346097208",
      "t" : 1756454761346,
      "tn" : 1756454761346097208,
      "q" : "0.0001",
      "p" : "5321.73",
      "s" : "sell",
      "i" : "YFIUSD-PERP",
      "m" : "4611686018430567310"
    }, {
      "d" : "1756454741322673447",
      "t" : 1756454741322,
      "tn" : 1756454741322673447,
      "q" : "0.0001",
      "p" : "5318.29",
      "s" : "sell",
      "i" : "YFIUSD-PERP",
      "m" : "4611686018430567309"
    }, {
      "d" : "1756454740366055041",
      "t" : 1756454740366,
      "tn" : 1756454740366055041,
      "q" : "0.0001",
      "p" : "5319.61",
      "s" : "sell",
      "i" : "YFIUSD-PERP",
      "m" : "4611686018430567308"
    }, {
      "d" : "1756454738135034247",
      "t" : 1756454738135,
      "tn" : 1756454738135034247,
      "q" : "0.0001",
      "p" : "5318.55",
      "s" : "sell",
      "i" : "YFIUSD-PERP",
      "m" : "4611686018430567307"
    }, {
      "d" : "1756454737227695465",
      "t" : 1756454737227,
      "tn" : 1756454737227695465,
      "q" : "0.0001",
      "p" : "5316.43",
      "s" : "sell",
      "i" : "YFIUSD-PERP",
      "m" : "4611686018430567306"
    }, {
      "d" : "1756454731263917724",
      "t" : 1756454731263,
      "tn" : 1756454731263917724,
      "q" : "0.0001",
      "p" : "5321.73",
      "s" : "sell",
      "i" : "YFIUSD-PERP",
      "m" : "4611686018430567305"
    }, {
      "d" : "1756454731141875838",
      "t" : 1756454731141,
      "tn" : 1756454731141875838,
      "q" : "0.0001",
      "p" : "5319.03",
      "s" : "sell",
      "i" : "YFIUSD-PERP",
      "m" : "4611686018430567304"
    }, {
      "d" : "1756454731141874058",
      "t" : 1756454731141,
      "tn" : 1756454731141874058,
      "q" : "0.0001",
      "p" : "5320.67",
      "s" : "sell",
      "i" : "YFIUSD-PERP",
      "m" : "4611686018430567303"
    }, {
      "d" : "1756454729556293867",
      "t" : 1756454729556,
      "tn" : 1756454729556293867,
      "q" : "0.0001",
      "p" : "5320.67",
      "s" : "sell",
      "i" : "YFIUSD-PERP",
      "m" : "4611686018430567302"
    }, {
      "d" : "1756454725520370004",
      "t" : 1756454725520,
      "tn" : 1756454725520370004,
      "q" : "0.0001",
      "p" : "5319.61",
      "s" : "sell",
      "i" : "YFIUSD-PERP",
      "m" : "4611686018430567301"
    }, {
      "d" : "1756454721120768710",
      "t" : 1756454721120,
      "tn" : 1756454721120768710,
      "q" : "0.0001",
      "p" : "5316.09",
      "s" : "sell",
      "i" : "YFIUSD-PERP",
      "m" : "4611686018430567300"
    }, {
      "d" : "1756454721120766921",
      "t" : 1756454721120,
      "tn" : 1756454721120766921,
      "q" : "0.0001",
      "p" : "5316.42",
      "s" : "sell",
      "i" : "YFIUSD-PERP",
      "m" : "4611686018430567299"
    }, {
      "d" : "1756454720937233218",
      "t" : 1756454720937,
      "tn" : 1756454720937233218,
      "q" : "0.0001",
      "p" : "5318.55",
      "s" : "sell",
      "i" : "YFIUSD-PERP",
      "m" : "4611686018430567298"
    }, {
      "d" : "1756454719521477154",
      "t" : 1756454719521,
      "tn" : 1756454719521477154,
      "q" : "0.0001",
      "p" : "5316.42",
      "s" : "sell",
      "i" : "YFIUSD-PERP",
      "m" : "4611686018430567297"
    }, {
      "d" : "1756454715504563546",
      "t" : 1756454715504,
      "tn" : 1756454715504563546,
      "q" : "0.0001",
      "p" : "5318.42",
      "s" : "sell",
      "i" : "YFIUSD-PERP",
      "m" : "4611686018430567296"
    }, {
      "d" : "1756454711105822347",
      "t" : 1756454711105,
      "tn" : 1756454711105822347,
      "q" : "0.0001",
      "p" : "5319.42",
      "s" : "sell",
      "i" : "YFIUSD-PERP",
      "m" : "4611686018430567295"
    }, {
      "d" : "1756454692814705700",
      "t" : 1756454692814,
      "tn" : 1756454692814705700,
      "q" : "0.0001",
      "p" : "5321.73",
      "s" : "sell",
      "i" : "YFIUSD-PERP",
      "m" : "4611686018430567294"
    }, {
      "d" : "1756454692693315598",
      "t" : 1756454692693,
      "tn" : 1756454692693315598,
      "q" : "0.0001",
      "p" : "5319.15",
      "s" : "sell",
      "i" : "YFIUSD-PERP",
      "m" : "4611686018430567293"
    }, {
      "d" : "1756454692693312801",
      "t" : 1756454692693,
      "tn" : 1756454692693312801,
      "q" : "0.0001",
      "p" : "5319.48",
      "s" : "sell",
      "i" : "YFIUSD-PERP",
      "m" : "4611686018430567292"
    }, {
      "d" : "1756454685806602881",
      "t" : 1756454685806,
      "tn" : 1756454685806602881,
      "q" : "0.0001",
      "p" : "5321.73",
      "s" : "sell",
      "i" : "YFIUSD-PERP",
      "m" : "4611686018430567291"
    }, {
      "d" : "1756454682656352288",
      "t" : 1756454682656,
      "tn" : 1756454682656352288,
      "q" : "0.0001",
      "p" : "5318.48",
      "s" : "sell",
      "i" : "YFIUSD-PERP",
      "m" : "4611686018430567290"
    }, {
      "d" : "1756454681428499365",
      "t" : 1756454681428,
      "tn" : 1756454681428499365,
      "q" : "0.0001",
      "p" : "5319.48",
      "s" : "sell",
      "i" : "YFIUSD-PERP",
      "m" : "4611686018430567289"
    }, {
      "d" : "1756454672647017348",
      "t" : 1756454672647,
      "tn" : 1756454672647017348,
      "q" : "0.0001",
      "p" : "5321.73",
      "s" : "sell",
      "i" : "YFIUSD-PERP",
      "m" : "4611686018430567288"
    }, {
      "d" : "1756454667602016614",
      "t" : 1756454667602,
      "tn" : 1756454667602016614,
      "q" : "0.0001",
      "p" : "5326.50",
      "s" : "sell",
      "i" : "YFIUSD-PERP",
      "m" : "4611686018430567287"
    }, {
      "d" : "1756454667293960652",
      "t" : 1756454667293,
      "tn" : 1756454667293960652,
      "q" : "0.0001",
      "p" : "5326.49",
      "s" : "sell",
      "i" : "YFIUSD-PERP",
      "m" : "4611686018430567286"
    }, {
      "d" : "1756454662719476254",
      "t" : 1756454662719,
      "tn" : 1756454662719476254,
      "q" : "0.0001",
      "p" : "5328.62",
      "s" : "sell",
      "i" : "YFIUSD-PERP",
      "m" : "4611686018430567285"
    }, {
      "d" : "1756454662597588383",
      "t" : 1756454662597,
      "tn" : 1756454662597588383,
      "q" : "0.0001",
      "p" : "5326.22",
      "s" : "sell",
      "i" : "YFIUSD-PERP",
      "m" : "4611686018430567284"
    }, {
      "d" : "1756454662597585413",
      "t" : 1756454662597,
      "tn" : 1756454662597585413,
      "q" : "0.0001",
      "p" : "5326.55",
      "s" : "sell",
      "i" : "YFIUSD-PERP",
      "m" : "4611686018430567283"
    }, {
      "d" : "1756454657253841340",
      "t" : 1756454657253,
      "tn" : 1756454657253841340,
      "q" : "0.0001",
      "p" : "5326.55",
      "s" : "sell",
      "i" : "YFIUSD-PERP",
      "m" : "4611686018430567282"
    }, {
      "d" : "1756454654688835157",
      "t" : 1756454654688,
      "tn" : 1756454654688835157,
      "q" : "0.0001",
      "p" : "5328.62",
      "s" : "sell",
      "i" : "YFIUSD-PERP",
      "m" : "4611686018430567281"
    }, {
      "d" : "1756454652684965635",
      "t" : 1756454652684,
      "tn" : 1756454652684965635,
      "q" : "0.0001",
      "p" : "5327.56",
      "s" : "sell",
      "i" : "YFIUSD-PERP",
      "m" : "4611686018430567280"
    }, {
      "d" : "1756454652565483973",
      "t" : 1756454652565,
      "tn" : 1756454652565483973,
      "q" : "0.0001",
      "p" : "5325.28",
      "s" : "sell",
      "i" : "YFIUSD-PERP",
      "m" : "4611686018430567279"
    }, {
      "d" : "1756454652565481964",
      "t" : 1756454652565,
      "tn" : 1756454652565481964,
      "q" : "0.0001",
      "p" : "5326.50",
      "s" : "sell",
      "i" : "YFIUSD-PERP",
      "m" : "4611686018430567278"
    }, {
      "d" : "1756454647197977447",
      "t" : 1756454647197,
      "tn" : 1756454647197977447,
      "q" : "0.0001",
      "p" : "5328.61",
      "s" : "sell",
      "i" : "YFIUSD-PERP",
      "m" : "4611686018430567277"
    }, {
      "d" : "1756454644664983392",
      "t" : 1756454644664,
      "tn" : 1756454644664983392,
      "q" : "0.0001",
      "p" : "5330.62",
      "s" : "sell",
      "i" : "YFIUSD-PERP",
      "m" : "4611686018430567276"
    }, {
      "d" : "1756454642650521704",
      "t" : 1756454642650,
      "tn" : 1756454642650521704,
      "q" : "0.0001",
      "p" : "5332.86",
      "s" : "sell",
      "i" : "YFIUSD-PERP",
      "m" : "4611686018430567275"
    }, {
      "d" : "1756454642534804624",
      "t" : 1756454642534,
      "tn" : 1756454642534804624,
      "q" : "0.0001",
      "p" : "5330.35",
      "s" : "sell",
      "i" : "YFIUSD-PERP",
      "m" : "4611686018430567274"
    }, {
      "d" : "1756454642534802137",
      "t" : 1756454642534,
      "tn" : 1756454642534802137,
      "q" : "0.0001",
      "p" : "5331.80",
      "s" : "sell",
      "i" : "YFIUSD-PERP",
      "m" : "4611686018430567273"
    }, {
      "d" : "1756454634944685267",
      "t" : 1756454634944,
      "tn" : 1756454634944685267,
      "q" : "0.0001",
      "p" : "5329.42",
      "s" : "sell",
      "i" : "YFIUSD-PERP",
      "m" : "4611686018430567272"
    }, {
      "d" : "1756454634065281228",
      "t" : 1756454634065,
      "tn" : 1756454634065281228,
      "q" : "0.0001",
      "p" : "5330.74",
      "s" : "sell",
      "i" : "YFIUSD-PERP",
      "m" : "4611686018430567271"
    }, {
      "d" : "1756454632597673295",
      "t" : 1756454632597,
      "tn" : 1756454632597673295,
      "q" : "0.0001",
      "p" : "5330.74",
      "s" : "sell",
      "i" : "YFIUSD-PERP",
      "m" : "4611686018430567270"
    }, {
      "d" : "1756454632477255287",
      "t" : 1756454632477,
      "tn" : 1756454632477255287,
      "q" : "0.0001",
      "p" : "5328.48",
      "s" : "sell",
      "i" : "YFIUSD-PERP",
      "m" : "4611686018430567269"
    }, {
      "d" : "1756454632477252422",
      "t" : 1756454632477,
      "tn" : 1756454632477252422,
      "q" : "0.0001",
      "p" : "5329.68",
      "s" : "sell",
      "i" : "YFIUSD-PERP",
      "m" : "4611686018430567268"
    }, {
      "d" : "1756454624907455629",
      "t" : 1756454624907,
      "tn" : 1756454624907455629,
      "q" : "0.0001",
      "p" : "5329.81",
      "s" : "sell",
      "i" : "YFIUSD-PERP",
      "m" : "4611686018430567267"
    }, {
      "d" : "1756454622553964898",
      "t" : 1756454622553,
      "tn" : 1756454622553964898,
      "q" : "0.0001",
      "p" : "5328.62",
      "s" : "sell",
      "i" : "YFIUSD-PERP",
      "m" : "4611686018430567266"
    }, {
      "d" : "1756454622460683875",
      "t" : 1756454622460,
      "tn" : 1756454622460683875,
      "q" : "0.0001",
      "p" : "5326.54",
      "s" : "sell",
      "i" : "YFIUSD-PERP",
      "m" : "4611686018430567265"
    }, {
      "d" : "1756454622460681700",
      "t" : 1756454622460,
      "tn" : 1756454622460681700,
      "q" : "0.0001",
      "p" : "5328.62",
      "s" : "sell",
      "i" : "YFIUSD-PERP",
      "m" : "4611686018430567264"
    }, {
      "d" : "1756454612546748372",
      "t" : 1756454612546,
      "tn" : 1756454612546748372,
      "q" : "0.0001",
      "p" : "5333.92",
      "s" : "sell",
      "i" : "YFIUSD-PERP",
      "m" : "4611686018430567263"
    }, {
      "d" : "1756454612431385077",
      "t" : 1756454612431,
      "tn" : 1756454612431385077,
      "q" : "0.0001",
      "p" : "5331.61",
      "s" : "sell",
      "i" : "YFIUSD-PERP",
      "m" : "4611686018430567262"
    }, {
      "d" : "1756454612431382752",
      "t" : 1756454612431,
      "tn" : 1756454612431382752,
      "q" : "0.0001",
      "p" : "5331.93",
      "s" : "sell",
      "i" : "YFIUSD-PERP",
      "m" : "4611686018430567261"
    }, {
      "d" : "1756454610653387924",
      "t" : 1756454610653,
      "tn" : 1756454610653387924,
      "q" : "0.0001",
      "p" : "5333.92",
      "s" : "sell",
      "i" : "YFIUSD-PERP",
      "m" : "4611686018430567260"
    }, {
      "d" : "1756454602519709822",
      "t" : 1756454602519,
      "tn" : 1756454602519709822,
      "q" : "0.0001",
      "p" : "5332.94",
      "s" : "sell",
      "i" : "YFIUSD-PERP",
      "m" : "4611686018430567259"
    }, {
      "d" : "1756454602458679530",
      "t" : 1756454602458,
      "tn" : 1756454602458679530,
      "q" : "0.0001",
      "p" : "5334.98",
      "s" : "sell",
      "i" : "YFIUSD-PERP",
      "m" : "4611686018430567258"
    }, {
      "d" : "1756454602398139612",
      "t" : 1756454602398,
      "tn" : 1756454602398139612,
      "q" : "0.0001",
      "p" : "5332.67",
      "s" : "sell",
      "i" : "YFIUSD-PERP",
      "m" : "4611686018430567257"
    }, {
      "d" : "1756454602363154901",
      "t" : 1756454602363,
      "tn" : 1756454602363154901,
      "q" : "0.0001",
      "p" : "5334.00",
      "s" : "sell",
      "i" : "YFIUSD-PERP",
      "m" : "4611686018430567256"
    }, {
      "d" : "1756454592469990947",
      "t" : 1756454592469,
      "tn" : 1756454592469990947,
      "q" : "0.0001",
      "p" : "5333.74",
      "s" : "sell",
      "i" : "YFIUSD-PERP",
      "m" : "4611686018430567255"
    }, {
      "d" : "1756454592469989312",
      "t" : 1756454592469,
      "tn" : 1756454592469989312,
      "q" : "0.0001",
      "p" : "5336.04",
      "s" : "sell",
      "i" : "YFIUSD-PERP",
      "m" : "4611686018430567254"
    }, {
      "d" : "1756454592348307940",
      "t" : 1756454592348,
      "tn" : 1756454592348307940,
      "q" : "0.0001",
      "p" : "5333.80",
      "s" : "sell",
      "i" : "YFIUSD-PERP",
      "m" : "4611686018430567253"
    }, {
      "d" : "1756454592348305716",
      "t" : 1756454592348,
      "tn" : 1756454592348305716,
      "q" : "0.0001",
      "p" : "5334.13",
      "s" : "sell",
      "i" : "YFIUSD-PERP",
      "m" : "4611686018430567252"
    }, {
      "d" : "1756454589526939539",
      "t" : 1756454589526,
      "tn" : 1756454589526939539,
      "q" : "0.0001",
      "p" : "5336.04",
      "s" : "sell",
      "i" : "YFIUSD-PERP",
      "m" : "4611686018430567251"
    }, {
      "d" : "1756454582421914230",
      "t" : 1756454582421,
      "tn" : 1756454582421914230,
      "q" : "0.0001",
      "p" : "5338.69",
      "s" : "sell",
      "i" : "YFIUSD-PERP",
      "m" : "4611686018430567250"
    }, {
      "d" : "1756454582300205086",
      "t" : 1756454582300,
      "tn" : 1756454582300205086,
      "q" : "0.0001",
      "p" : "5336.87",
      "s" : "sell",
      "i" : "YFIUSD-PERP",
      "m" : "4611686018430567249"
    }, {
      "d" : "1756454582300202697",
      "t" : 1756454582300,
      "tn" : 1756454582300202697,
      "q" : "0.0001",
      "p" : "5337.19",
      "s" : "sell",
      "i" : "YFIUSD-PERP",
      "m" : "4611686018430567248"
    }, {
      "d" : "1756454579733318488",
      "t" : 1756454579733,
      "tn" : 1756454579733318488,
      "q" : "0.0001",
      "p" : "5338.69",
      "s" : "sell",
      "i" : "YFIUSD-PERP",
      "m" : "4611686018430567247"
    }, {
      "d" : "1756454572385948186",
      "t" : 1756454572385,
      "tn" : 1756454572385948186,
      "q" : "0.0001",
      "p" : "5337.63",
      "s" : "sell",
      "i" : "YFIUSD-PERP",
      "m" : "4611686018430567246"
    }, {
      "d" : "1756454572264629224",
      "t" : 1756454572264,
      "tn" : 1756454572264629224,
      "q" : "0.0001",
      "p" : "5335.93",
      "s" : "sell",
      "i" : "YFIUSD-PERP",
      "m" : "4611686018430567245"
    }, {
      "d" : "1756454572264626994",
      "t" : 1756454572264,
      "tn" : 1756454572264626994,
      "q" : "0.0001",
      "p" : "5336.26",
      "s" : "sell",
      "i" : "YFIUSD-PERP",
      "m" : "4611686018430567244"
    }, {
      "d" : "1756454570859701783",
      "t" : 1756454570859,
      "tn" : 1756454570859701783,
      "q" : "0.0001",
      "p" : "5337.63",
      "s" : "sell",
      "i" : "YFIUSD-PERP",
      "m" : "4611686018430567243"
    }, {
      "d" : "1756454562229139285",
      "t" : 1756454562229,
      "tn" : 1756454562229139285,
      "q" : "0.0001",
      "p" : "5335.99",
      "s" : "sell",
      "i" : "YFIUSD-PERP",
      "m" : "4611686018430567242"
    }, {
      "d" : "1756454562229136891",
      "t" : 1756454562229,
      "tn" : 1756454562229136891,
      "q" : "0.0001",
      "p" : "5336.32",
      "s" : "sell",
      "i" : "YFIUSD-PERP",
      "m" : "4611686018430567241"
    }, {
      "d" : "1756454562107430954",
      "t" : 1756454562107,
      "tn" : 1756454562107430954,
      "q" : "0.0001",
      "p" : "5336.32",
      "s" : "sell",
      "i" : "YFIUSD-PERP",
      "m" : "4611686018430567240"
    }, {
      "d" : "1756454560812378503",
      "t" : 1756454560812,
      "tn" : 1756454560812378503,
      "q" : "0.0001",
      "p" : "5337.63",
      "s" : "sell",
      "i" : "YFIUSD-PERP",
      "m" : "4611686018430567239"
    }, {
      "d" : "1756454552216284859",
      "t" : 1756454552216,
      "tn" : 1756454552216284859,
      "q" : "0.0001",
      "p" : "5336.06",
      "s" : "sell",
      "i" : "YFIUSD-PERP",
      "m" : "4611686018430567238"
    }, {
      "d" : "1756454552216283078",
      "t" : 1756454552216,
      "tn" : 1756454552216283078,
      "q" : "0.0001",
      "p" : "5336.38",
      "s" : "sell",
      "i" : "YFIUSD-PERP",
      "m" : "4611686018430567237"
    }, {
      "d" : "1756454552094031949",
      "t" : 1756454552094,
      "tn" : 1756454552094031949,
      "q" : "0.0001",
      "p" : "5337.38",
      "s" : "sell",
      "i" : "YFIUSD-PERP",
      "m" : "4611686018430567236"
    }, {
      "d" : "1756454550799978785",
      "t" : 1756454550799,
      "tn" : 1756454550799978785,
      "q" : "0.0001",
      "p" : "5337.38",
      "s" : "sell",
      "i" : "YFIUSD-PERP",
      "m" : "4611686018430567235"
    }, {
      "d" : "1756454546412052377",
      "t" : 1756454546412,
      "tn" : 1756454546412052377,
      "q" : "0.0001",
      "p" : "5338.69",
      "s" : "sell",
      "i" : "YFIUSD-PERP",
      "m" : "4611686018430567234"
    }, {
      "d" : "1756454542163981035",
      "t" : 1756454542163,
      "tn" : 1756454542163981035,
      "q" : "0.0001",
      "p" : "5336.12",
      "s" : "sell",
      "i" : "YFIUSD-PERP",
      "m" : "4611686018430567233"
    }, {
      "d" : "1756454542163979660",
      "t" : 1756454542163,
      "tn" : 1756454542163979660,
      "q" : "0.0001",
      "p" : "5337.63",
      "s" : "sell",
      "i" : "YFIUSD-PERP",
      "m" : "4611686018430567232"
    }, {
      "d" : "1756454542042269031",
      "t" : 1756454542042,
      "tn" : 1756454542042269031,
      "q" : "0.0001",
      "p" : "5336.18",
      "s" : "sell",
      "i" : "YFIUSD-PERP",
      "m" : "4611686018430567231"
    }, {
      "d" : "1756454542042266736",
      "t" : 1756454542042,
      "tn" : 1756454542042266736,
      "q" : "0.0001",
      "p" : "5336.51",
      "s" : "sell",
      "i" : "YFIUSD-PERP",
      "m" : "4611686018430567230"
    }, {
      "d" : "1756454540629413443",
      "t" : 1756454540629,
      "tn" : 1756454540629413443,
      "q" : "0.0001",
      "p" : "5336.04",
      "s" : "sell",
      "i" : "YFIUSD-PERP",
      "m" : "4611686018430567229"
    }, {
      "d" : "1756454540507601892",
      "t" : 1756454540507,
      "tn" : 1756454540507601892,
      "q" : "0.0001",
      "p" : "5334.24",
      "s" : "sell",
      "i" : "YFIUSD-PERP",
      "m" : "4611686018430567228"
    }, {
      "d" : "1756454540507599415",
      "t" : 1756454540507,
      "tn" : 1756454540507599415,
      "q" : "0.0001",
      "p" : "5334.57",
      "s" : "sell",
      "i" : "YFIUSD-PERP",
      "m" : "4611686018430567227"
    }, {
      "d" : "1756454538356196312",
      "t" : 1756454538356,
      "tn" : 1756454538356196312,
      "q" : "0.0001",
      "p" : "5336.04",
      "s" : "sell",
      "i" : "YFIUSD-PERP",
      "m" : "4611686018430567226"
    }, {
      "d" : "1756454532134530055",
      "t" : 1756454532134,
      "tn" : 1756454532134530055,
      "q" : "0.0001",
      "p" : "5332.31",
      "s" : "sell",
      "i" : "YFIUSD-PERP",
      "m" : "4611686018430567225"
    }, {
      "d" : "1756454532134528366",
      "t" : 1756454532134,
      "tn" : 1756454532134528366,
      "q" : "0.0001",
      "p" : "5333.92",
      "s" : "sell",
      "i" : "YFIUSD-PERP",
      "m" : "4611686018430567224"
    }, {
      "d" : "1756454532011739591",
      "t" : 1756454532011,
      "tn" : 1756454532011739591,
      "q" : "0.0001",
      "p" : "5332.37",
      "s" : "sell",
      "i" : "YFIUSD-PERP",
      "m" : "4611686018430567223"
    }, {
      "d" : "1756454532011736740",
      "t" : 1756454532011,
      "tn" : 1756454532011736740,
      "q" : "0.0001",
      "p" : "5332.70",
      "s" : "sell",
      "i" : "YFIUSD-PERP",
      "m" : "4611686018430567222"
    }, {
      "d" : "1756454530397529472",
      "t" : 1756454530397,
      "tn" : 1756454530397529472,
      "q" : "0.0001",
      "p" : "5332.43",
      "s" : "sell",
      "i" : "YFIUSD-PERP",
      "m" : "4611686018430567221"
    }, {
      "d" : "1756454530325713357",
      "t" : 1756454530325,
      "tn" : 1756454530325713357,
      "q" : "0.0001",
      "p" : "5333.92",
      "s" : "sell",
      "i" : "YFIUSD-PERP",
      "m" : "4611686018430567220"
    }, {
      "d" : "1756454522114673776",
      "t" : 1756454522114,
      "tn" : 1756454522114673776,
      "q" : "0.0001",
      "p" : "5330.76",
      "s" : "sell",
      "i" : "YFIUSD-PERP",
      "m" : "4611686018430567219"
    }, {
      "d" : "1756454521992901396",
      "t" : 1756454521992,
      "tn" : 1756454521992901396,
      "q" : "0.0001",
      "p" : "5330.49",
      "s" : "sell",
      "i" : "YFIUSD-PERP",
      "m" : "4611686018430567218"
    }, {
      "d" : "1756454521931073178",
      "t" : 1756454521931,
      "tn" : 1756454521931073178,
      "q" : "0.0001",
      "p" : "5331.80",
      "s" : "sell",
      "i" : "YFIUSD-PERP",
      "m" : "4611686018430567217"
    }, {
      "d" : "1756454517217537758",
      "t" : 1756454517217,
      "tn" : 1756454517217537758,
      "q" : "0.0001",
      "p" : "5330.56",
      "s" : "sell",
      "i" : "YFIUSD-PERP",
      "m" : "4611686018430567216"
    }, {
      "d" : "1756454517217535251",
      "t" : 1756454517217,
      "tn" : 1756454517217535251,
      "q" : "0.0001",
      "p" : "5330.89",
      "s" : "sell",
      "i" : "YFIUSD-PERP",
      "m" : "4611686018430567215"
    }, {
      "d" : "1756454513897823211",
      "t" : 1756454513897,
      "tn" : 1756454513897823211,
      "q" : "0.0001",
      "p" : "5331.80",
      "s" : "sell",
      "i" : "YFIUSD-PERP",
      "m" : "4611686018430567214"
    }, {
      "d" : "1756454512096020978",
      "t" : 1756454512096,
      "tn" : 1756454512096020978,
      "q" : "0.0001",
      "p" : "5332.89",
      "s" : "sell",
      "i" : "YFIUSD-PERP",
      "m" : "4611686018430567213"
    }, {
      "d" : "1756454511974137559",
      "t" : 1756454511974,
      "tn" : 1756454511974137559,
      "q" : "0.0001",
      "p" : "5332.62",
      "s" : "sell",
      "i" : "YFIUSD-PERP",
      "m" : "4611686018430567212"
    }, {
      "d" : "1756454511974134977",
      "t" : 1756454511974,
      "tn" : 1756454511974134977,
      "q" : "0.0001",
      "p" : "5333.92",
      "s" : "sell",
      "i" : "YFIUSD-PERP",
      "m" : "4611686018430567211"
    }, {
      "d" : "1756454510113287149",
      "t" : 1756454510113,
      "tn" : 1756454510113287149,
      "q" : "0.0001",
      "p" : "5330.68",
      "s" : "sell",
      "i" : "YFIUSD-PERP",
      "m" : "4611686018430567210"
    } ]
  }
}