{
  "id" : -1,
  "method" : "public/get-trades",
  "code" : 0,
  "result" : {
    "data" : [ {
      "d" : "1756458161029219993",
      "t" : 1756458161029,
      "tn" : 1756458161029219993,
      "q" : "212.6",
      "p" : "0.1552",
      "s" : "sell",
      "i" : "YGG_USDT",
      "m" : "4611686018430322579"
    }, {
      "d" : "1756458159925420425",
      "t" : 1756458159925,
      "tn" : 1756458159925420425,
      "q" : "49.4",
      "p" : "0.1554",
      "s" : "sell",
      "i" : "YGG_USDT",
      "m" : "4611686018430322578"
    }, {
      "d" : "1756458159924861929",
      "t" : 1756458159924,
      "tn" : 1756458159924861929,
      "q" : "160.9",
      "p" : "0.1554",
      "s" : "sell",
      "i" : "YGG_USDT",
      "m" : "4611686018430322577"
    }, {
      "d" : "1756458156517427221",
      "t" : 1756458156517,
      "tn" : 1756458156517427221,
      "q" : "208.5",
      "p" : "0.1552",
      "s" : "sell",
      "i" : "YGG_USDT",
      "m" : "4611686018430322576"
    }, {
      "d" : "1756458149694077571",
      "t" : 1756458149694,
      "tn" : 1756458149694077571,
      "q" : "206.0",
      "p" : "0.1555",
      "s" : "sell",
      "i" : "YGG_USDT",
      "m" : "4611686018430322575"
    }, {
      "d" : "1756458148494202974",
      "t" : 1756458148494,
      "tn" : 1756458148494202974,
      "q" : "204.0",
      "p" : "0.1555",
      "s" : "sell",
      "i" : "YGG_USDT",
      "m" : "4611686018430322574"
    }, {
      "d" : "1756451296602922284",
      "t" : 1756451296602,
      "tn" : 1756451296602922284,
      "q" : "194.6",
      "p" : "0.1613",
      "s" : "sell",
      "i" : "YGG_USDT",
      "m" : "4611686018430322573"
    }, {
      "d" : "1756450539683320281",
      "t" : 1756450539683,
      "tn" : 1756450539683320281,
      "q" : "764.9",
      "p" : "0.1632",
      "s" : "buy",
      "i" : "YGG_USDT",
      "m" : "4611686018430322572"
    }, {
      "d" : "1756450538560472859",
      "t" : 1756450538560,
      "tn" : 1756450538560472859,
      "q" : "592.8",
      "p" : "0.1632",
      "s" : "buy",
      "i" : "YGG_USDT",
      "m" : "4611686018430322571"
    }, {
      "d" : "1756450410962241568",
      "t" : 1756450410962,
      "tn" : 1756450410962241568,
      "q" : "90.8",
      "p" : "0.1630",
      "s" : "buy",
      "i" : "YGG_USDT",
      "m" : "4611686018430322570"
    }, {
      "d" : "1756449605778616271",
      "t" : 1756449605778,
      "tn" : 1756449605778616271,
      "q" : "191.5",
      "p" : "0.1623",
      "s" : "sell",
      "i" : "YGG_USDT",
      "m" : "4611686018430322569"
    }, {
      "d" : "1756449604161270828",
      "t" : 1756449604161,
      "tn" : 1756449604161270828,
      "q" : "189.5",
      "p" : "0.1625",
      "s" : "sell",
      "i" : "YGG_USDT",
      "m" : "4611686018430322568"
    }, {
      "d" : "1756449602966693798",
      "t" : 1756449602966,
      "tn" : 1756449602966693798,
      "q" : "187.4",
      "p" : "0.1627",
      "s" : "sell",
      "i" : "YGG_USDT",
      "m" : "4611686018430322567"
    }, {
      "d" : "1756449543635021369",
      "t" : 1756449543635,
      "tn" : 1756449543635021369,
      "q" : "1888.2",
      "p" : "0.1629",
      "s" : "sell",
      "i" : "YGG_USDT",
      "m" : "4611686018430322566"
    }, {
      "d" : "1756449542848997544",
      "t" : 1756449542848,
      "tn" : 1756449542848997544,
      "q" : "1552.5",
      "p" : "0.1629",
      "s" : "sell",
      "i" : "YGG_USDT",
      "m" : "4611686018430322565"
    }, {
      "d" : "1756449541339625716",
      "t" : 1756449541339,
      "tn" : 1756449541339625716,
      "q" : "138.2",
      "p" : "0.1630",
      "s" : "sell",
      "i" : "YGG_USDT",
      "m" : "4611686018430322564"
    }, {
      "d" : "1756449541234955716",
      "t" : 1756449541234,
      "tn" : 1756449541234955715,
      "q" : "643.1",
      "p" : "0.1630",
      "s" : "sell",
      "i" : "YGG_USDT",
      "m" : "4611686018430322563"
    }, {
      "d" : "1756449541234955715",
      "t" : 1756449541234,
      "tn" : 1756449541234955715,
      "q" : "1343.3",
      "p" : "0.1630",
      "s" : "sell",
      "i" : "YGG_USDT",
      "m" : "4611686018430322563"
    }, {
      "d" : "1756449540515198864",
      "t" : 1756449540515,
      "tn" : 1756449540515198864,
      "q" : "1595.2",
      "p" : "0.1630",
      "s" : "sell",
      "i" : "YGG_USDT",
      "m" : "4611686018430322562"
    }, {
      "d" : "1756449540209056914",
      "t" : 1756449540209,
      "tn" : 1756449540209056914,
      "q" : "1601.1",
      "p" : "0.1630",
      "s" : "sell",
      "i" : "YGG_USDT",
      "m" : "4611686018430322561"
    }, {
      "d" : "1756448888264263996",
      "t" : 1756448888264,
      "tn" : 1756448888264263996,
      "q" : "238.3",
      "p" : "0.1629",
      "s" : "sell",
      "i" : "YGG_USDT",
      "m" : "4611686018430322560"
    }, {
      "d" : "1756448096678262477",
      "t" : 1756448096678,
      "tn" : 1756448096678262477,
      "q" : "184.3",
      "p" : "0.1638",
      "s" : "sell",
      "i" : "YGG_USDT",
      "m" : "4611686018430322559"
    }, {
      "d" : "1756446783057481512",
      "t" : 1756446783057,
      "tn" : 1756446783057481512,
      "q" : "182.1",
      "p" : "0.1640",
      "s" : "sell",
      "i" : "YGG_USDT",
      "m" : "4611686018430322558"
    }, {
      "d" : "1756446783056910697",
      "t" : 1756446783056,
      "tn" : 1756446783056910697,
      "q" : "876.2",
      "p" : "0.1641",
      "s" : "sell",
      "i" : "YGG_USDT",
      "m" : "4611686018430322557"
    }, {
      "d" : "1756446783053113896",
      "t" : 1756446783053,
      "tn" : 1756446783053113896,
      "q" : "182.1",
      "p" : "0.1641",
      "s" : "sell",
      "i" : "YGG_USDT",
      "m" : "4611686018430322556"
    }, {
      "d" : "1756446783052885596",
      "t" : 1756446783052,
      "tn" : 1756446783052885596,
      "q" : "2479.7",
      "p" : "0.1641",
      "s" : "sell",
      "i" : "YGG_USDT",
      "m" : "4611686018430322555"
    }, {
      "d" : "1756446783052254032",
      "t" : 1756446783052,
      "tn" : 1756446783052254032,
      "q" : "1058.3",
      "p" : "0.1641",
      "s" : "sell",
      "i" : "YGG_USDT",
      "m" : "4611686018430322554"
    }, {
      "d" : "1756445396060199581",
      "t" : 1756445396060,
      "tn" : 1756445396060199581,
      "q" : "607.5",
      "p" : "0.1646",
      "s" : "sell",
      "i" : "YGG_USDT",
      "m" : "4611686018430322553"
    }, {
      "d" : "1756443365039960298",
      "t" : 1756443365039,
      "tn" : 1756443365039960298,
      "q" : "179.3",
      "p" : "0.1650",
      "s" : "sell",
      "i" : "YGG_USDT",
      "m" : "4611686018430322552"
    }, {
      "d" : "1756441840297166133",
      "t" : 1756441840297,
      "tn" : 1756441840297166133,
      "q" : "175.4",
      "p" : "0.1670",
      "s" : "sell",
      "i" : "YGG_USDT",
      "m" : "4611686018430322551"
    }, {
      "d" : "1756441694340797824",
      "t" : 1756441694340,
      "tn" : 1756441694340797822,
      "q" : "44.7",
      "p" : "0.1671",
      "s" : "buy",
      "i" : "YGG_USDT",
      "m" : "4611686018430322550"
    }, {
      "d" : "1756441694340797823",
      "t" : 1756441694340,
      "tn" : 1756441694340797822,
      "q" : "43.7",
      "p" : "0.1671",
      "s" : "buy",
      "i" : "YGG_USDT",
      "m" : "4611686018430322550"
    }, {
      "d" : "1756441694340797822",
      "t" : 1756441694340,
      "tn" : 1756441694340797822,
      "q" : "43.7",
      "p" : "0.1671",
      "s" : "buy",
      "i" : "YGG_USDT",
      "m" : "4611686018430322550"
    }, {
      "d" : "1756440321073786663",
      "t" : 1756440321073,
      "tn" : 1756440321073786663,
      "q" : "2118.3",
      "p" : "0.1670",
      "s" : "buy",
      "i" : "YGG_USDT",
      "m" : "4611686018430322549"
    }, {
      "d" : "1756439707801677315",
      "t" : 1756439707801,
      "tn" : 1756439707801677315,
      "q" : "43.7",
      "p" : "0.1670",
      "s" : "buy",
      "i" : "YGG_USDT",
      "m" : "4611686018430322548"
    }, {
      "d" : "1756434928199492647",
      "t" : 1756434928199,
      "tn" : 1756434928199492647,
      "q" : "301.8",
      "p" : "0.1661",
      "s" : "sell",
      "i" : "YGG_USDT",
      "m" : "4611686018430322547"
    }, {
      "d" : "1756434490197113362",
      "t" : 1756434490197,
      "tn" : 1756434490197113361,
      "q" : "601.0",
      "p" : "0.1664",
      "s" : "buy",
      "i" : "YGG_USDT",
      "m" : "4611686018430322546"
    }, {
      "d" : "1756434490197113361",
      "t" : 1756434490197,
      "tn" : 1756434490197113361,
      "q" : "741.3",
      "p" : "0.1664",
      "s" : "buy",
      "i" : "YGG_USDT",
      "m" : "4611686018430322546"
    }, {
      "d" : "1756434315930036193",
      "t" : 1756434315930,
      "tn" : 1756434315930036193,
      "q" : "175.9",
      "p" : "0.1665",
      "s" : "sell",
      "i" : "YGG_USDT",
      "m" : "4611686018430322545"
    }, {
      "d" : "1756434251508142948",
      "t" : 1756434251508,
      "tn" : 1756434251508142945,
      "q" : "179.5",
      "p" : "0.1666",
      "s" : "buy",
      "i" : "YGG_USDT",
      "m" : "4611686018430322544"
    }, {
      "d" : "1756434251508142947",
      "t" : 1756434251508,
      "tn" : 1756434251508142945,
      "q" : "179.0",
      "p" : "0.1666",
      "s" : "buy",
      "i" : "YGG_USDT",
      "m" : "4611686018430322544"
    }, {
      "d" : "1756434251508142946",
      "t" : 1756434251508,
      "tn" : 1756434251508142945,
      "q" : "179.0",
      "p" : "0.1666",
      "s" : "buy",
      "i" : "YGG_USDT",
      "m" : "4611686018430322544"
    }, {
      "d" : "1756434251508142945",
      "t" : 1756434251508,
      "tn" : 1756434251508142945,
      "q" : "179.0",
      "p" : "0.1666",
      "s" : "buy",
      "i" : "YGG_USDT",
      "m" : "4611686018430322544"
    }, {
      "d" : "1756434190067303922",
      "t" : 1756434190067,
      "tn" : 1756434190067303922,
      "q" : "1936.9",
      "p" : "0.1664",
      "s" : "buy",
      "i" : "YGG_USDT",
      "m" : "4611686018430322543"
    }, {
      "d" : "1756433676044043620",
      "t" : 1756433676044,
      "tn" : 1756433676044043620,
      "q" : "18.8",
      "p" : "0.1660",
      "s" : "buy",
      "i" : "YGG_USDT",
      "m" : "4611686018430322542"
    }, {
      "d" : "1756433662267974724",
      "t" : 1756433662267,
      "tn" : 1756433662267974724,
      "q" : "245.5",
      "p" : "0.1660",
      "s" : "buy",
      "i" : "YGG_USDT",
      "m" : "4611686018430322541"
    }, {
      "d" : "1756433313434863540",
      "t" : 1756433313434,
      "tn" : 1756433313434863540,
      "q" : "229.1",
      "p" : "0.1650",
      "s" : "sell",
      "i" : "YGG_USDT",
      "m" : "4611686018430322540"
    }, {
      "d" : "1756432954298302956",
      "t" : 1756432954298,
      "tn" : 1756432954298302956,
      "q" : "116.8",
      "p" : "0.1648",
      "s" : "sell",
      "i" : "YGG_USDT",
      "m" : "4611686018430322539"
    }, {
      "d" : "1756432954234998153",
      "t" : 1756432954234,
      "tn" : 1756432954234998153,
      "q" : "1820.4",
      "p" : "0.1648",
      "s" : "sell",
      "i" : "YGG_USDT",
      "m" : "4611686018430322538"
    }, {
      "d" : "1756432954225919425",
      "t" : 1756432954225,
      "tn" : 1756432954225919424,
      "q" : "1317.6",
      "p" : "0.1648",
      "s" : "sell",
      "i" : "YGG_USDT",
      "m" : "4611686018430322537"
    }, {
      "d" : "1756432940359176956",
      "t" : 1756432940359,
      "tn" : 1756432940359176956,
      "q" : "2544.3",
      "p" : "0.1648",
      "s" : "sell",
      "i" : "YGG_USDT",
      "m" : "4611686018430322536"
    }, {
      "d" : "1756432893040116010",
      "t" : 1756432893040,
      "tn" : 1756432893040116010,
      "q" : "264.3",
      "p" : "0.1650",
      "s" : "sell",
      "i" : "YGG_USDT",
      "m" : "4611686018430322535"
    }, {
      "d" : "1756430603556214113",
      "t" : 1756430603556,
      "tn" : 1756430603556214113,
      "q" : "183.6",
      "p" : "0.1642",
      "s" : "sell",
      "i" : "YGG_USDT",
      "m" : "4611686018430322534"
    }, {
      "d" : "1756430487119229668",
      "t" : 1756430487119,
      "tn" : 1756430487119229668,
      "q" : "180.9",
      "p" : "0.1651",
      "s" : "sell",
      "i" : "YGG_USDT",
      "m" : "4611686018430322533"
    }, {
      "d" : "1756430228213914710",
      "t" : 1756430228213,
      "tn" : 1756430228213914710,
      "q" : "178.5",
      "p" : "0.1656",
      "s" : "sell",
      "i" : "YGG_USDT",
      "m" : "4611686018430322532"
    }, {
      "d" : "1756429021331785685",
      "t" : 1756429021331,
      "tn" : 1756429021331785685,
      "q" : "258.7",
      "p" : "0.1686",
      "s" : "buy",
      "i" : "YGG_USDT",
      "m" : "4611686018430322531"
    }, {
      "d" : "1756428853538996827",
      "t" : 1756428853538,
      "tn" : 1756428853538996827,
      "q" : "274.5",
      "p" : "0.1674",
      "s" : "sell",
      "i" : "YGG_USDT",
      "m" : "4611686018430322530"
    }, {
      "d" : "1756428851626712110",
      "t" : 1756428851626,
      "tn" : 1756428851626712110,
      "q" : "596.6",
      "p" : "0.1676",
      "s" : "sell",
      "i" : "YGG_USDT",
      "m" : "4611686018430322529"
    }, {
      "d" : "1756428845837065860",
      "t" : 1756428845837,
      "tn" : 1756428845837065860,
      "q" : "595.9",
      "p" : "0.1678",
      "s" : "sell",
      "i" : "YGG_USDT",
      "m" : "4611686018430322528"
    }, {
      "d" : "1756428604222083005",
      "t" : 1756428604222,
      "tn" : 1756428604222083005,
      "q" : "258.7",
      "p" : "0.1678",
      "s" : "sell",
      "i" : "YGG_USDT",
      "m" : "4611686018430322527"
    }, {
      "d" : "1756428367507233791",
      "t" : 1756428367507,
      "tn" : 1756428367507233791,
      "q" : "2300.0",
      "p" : "0.1681",
      "s" : "buy",
      "i" : "YGG_USDT",
      "m" : "4611686018430322526"
    }, {
      "d" : "1756428367505294788",
      "t" : 1756428367505,
      "tn" : 1756428367505294788,
      "q" : "345.8",
      "p" : "0.1681",
      "s" : "buy",
      "i" : "YGG_USDT",
      "m" : "4611686018430322525"
    }, {
      "d" : "1756428367504540066",
      "t" : 1756428367504,
      "tn" : 1756428367504540066,
      "q" : "291.0",
      "p" : "0.1680",
      "s" : "buy",
      "i" : "YGG_USDT",
      "m" : "4611686018430322524"
    }, {
      "d" : "1756428240901880787",
      "t" : 1756428240901,
      "tn" : 1756428240901880787,
      "q" : "763.8",
      "p" : "0.1683",
      "s" : "buy",
      "i" : "YGG_USDT",
      "m" : "4611686018430322523"
    }, {
      "d" : "1756428240762344445",
      "t" : 1756428240762,
      "tn" : 1756428240762344445,
      "q" : "258.5",
      "p" : "0.1679",
      "s" : "buy",
      "i" : "YGG_USDT",
      "m" : "4611686018430322522"
    }, {
      "d" : "1756428148328982661",
      "t" : 1756428148328,
      "tn" : 1756428148328982661,
      "q" : "1147.8",
      "p" : "0.1679",
      "s" : "sell",
      "i" : "YGG_USDT",
      "m" : "4611686018430322521"
    }, {
      "d" : "1756428147106125293",
      "t" : 1756428147106,
      "tn" : 1756428147106125293,
      "q" : "1093.0",
      "p" : "0.1680",
      "s" : "sell",
      "i" : "YGG_USDT",
      "m" : "4611686018430322520"
    }, {
      "d" : "1756427899738062692",
      "t" : 1756427899738,
      "tn" : 1756427899738062692,
      "q" : "790.8",
      "p" : "0.1684",
      "s" : "buy",
      "i" : "YGG_USDT",
      "m" : "4611686018430322519"
    }, {
      "d" : "1756427679148544788",
      "t" : 1756427679148,
      "tn" : 1756427679148544788,
      "q" : "405.6",
      "p" : "0.1677",
      "s" : "sell",
      "i" : "YGG_USDT",
      "m" : "4611686018430322518"
    }, {
      "d" : "1756427679145264832",
      "t" : 1756427679145,
      "tn" : 1756427679145264832,
      "q" : "258.5",
      "p" : "0.1678",
      "s" : "sell",
      "i" : "YGG_USDT",
      "m" : "4611686018430322517"
    }, {
      "d" : "1756427679067841208",
      "t" : 1756427679067,
      "tn" : 1756427679067841208,
      "q" : "284.1",
      "p" : "0.1680",
      "s" : "sell",
      "i" : "YGG_USDT",
      "m" : "4611686018430322516"
    }, {
      "d" : "1756427678944327494",
      "t" : 1756427678944,
      "tn" : 1756427678944327494,
      "q" : "733.6",
      "p" : "0.1689",
      "s" : "sell",
      "i" : "YGG_USDT",
      "m" : "4611686018430322515"
    }, {
      "d" : "1756427661666549454",
      "t" : 1756427661666,
      "tn" : 1756427661666549454,
      "q" : "173.0",
      "p" : "0.1693",
      "s" : "sell",
      "i" : "YGG_USDT",
      "m" : "4611686018430322514"
    }, {
      "d" : "1756427641015529758",
      "t" : 1756427641015,
      "tn" : 1756427641015529758,
      "q" : "43.7",
      "p" : "0.1690",
      "s" : "buy",
      "i" : "YGG_USDT",
      "m" : "4611686018430322513"
    }, {
      "d" : "1756427636658935978",
      "t" : 1756427636658,
      "tn" : 1756427636658935977,
      "q" : "43.6",
      "p" : "0.1688",
      "s" : "buy",
      "i" : "YGG_USDT",
      "m" : "4611686018430322512"
    }, {
      "d" : "1756427636658935977",
      "t" : 1756427636658,
      "tn" : 1756427636658935977,
      "q" : "43.6",
      "p" : "0.1688",
      "s" : "buy",
      "i" : "YGG_USDT",
      "m" : "4611686018430322512"
    }, {
      "d" : "1756427628359043068",
      "t" : 1756427628359,
      "tn" : 1756427628359043067,
      "q" : "1141.5",
      "p" : "0.1686",
      "s" : "buy",
      "i" : "YGG_USDT",
      "m" : "4611686018430322511"
    }, {
      "d" : "1756427628359043067",
      "t" : 1756427628359,
      "tn" : 1756427628359043067,
      "q" : "43.6",
      "p" : "0.1686",
      "s" : "buy",
      "i" : "YGG_USDT",
      "m" : "4611686018430322511"
    }, {
      "d" : "1756427626378886616",
      "t" : 1756427626378,
      "tn" : 1756427626378886616,
      "q" : "2545.5",
      "p" : "0.1685",
      "s" : "buy",
      "i" : "YGG_USDT",
      "m" : "4611686018430322510"
    }, {
      "d" : "1756427513294114465",
      "t" : 1756427513294,
      "tn" : 1756427513294114465,
      "q" : "174.5",
      "p" : "0.1678",
      "s" : "sell",
      "i" : "YGG_USDT",
      "m" : "4611686018430322509"
    }, {
      "d" : "1756427204490113406",
      "t" : 1756427204490,
      "tn" : 1756427204490113406,
      "q" : "1519.5",
      "p" : "0.1661",
      "s" : "buy",
      "i" : "YGG_USDT",
      "m" : "4611686018430322508"
    }, {
      "d" : "1756427204384003289",
      "t" : 1756427204384,
      "tn" : 1756427204384003289,
      "q" : "1791.4",
      "p" : "0.1661",
      "s" : "buy",
      "i" : "YGG_USDT",
      "m" : "4611686018430322507"
    }, {
      "d" : "1756427194355975357",
      "t" : 1756427194355,
      "tn" : 1756427194355975357,
      "q" : "44.7",
      "p" : "0.1660",
      "s" : "buy",
      "i" : "YGG_USDT",
      "m" : "4611686018430322506"
    }, {
      "d" : "1756427191458148653",
      "t" : 1756427191458,
      "tn" : 1756427191458148652,
      "q" : "44.2",
      "p" : "0.1658",
      "s" : "buy",
      "i" : "YGG_USDT",
      "m" : "4611686018430322505"
    }, {
      "d" : "1756427191458148652",
      "t" : 1756427191458,
      "tn" : 1756427191458148652,
      "q" : "44.2",
      "p" : "0.1658",
      "s" : "buy",
      "i" : "YGG_USDT",
      "m" : "4611686018430322505"
    }, {
      "d" : "1756427169964179445",
      "t" : 1756427169964,
      "tn" : 1756427169964179445,
      "q" : "535.5",
      "p" : "0.1657",
      "s" : "buy",
      "i" : "YGG_USDT",
      "m" : "4611686018430322504"
    }, {
      "d" : "1756426998913873855",
      "t" : 1756426998913,
      "tn" : 1756426998913873855,
      "q" : "583.0",
      "p" : "0.1651",
      "s" : "buy",
      "i" : "YGG_USDT",
      "m" : "4611686018430322503"
    }, {
      "d" : "1756425320287523396",
      "t" : 1756425320287,
      "tn" : 1756425320287523396,
      "q" : "44.2",
      "p" : "0.1656",
      "s" : "buy",
      "i" : "YGG_USDT",
      "m" : "4611686018430322502"
    }, {
      "d" : "1756424352877250582",
      "t" : 1756424352877,
      "tn" : 1756424352877250581,
      "q" : "344.7",
      "p" : "0.1650",
      "s" : "buy",
      "i" : "YGG_USDT",
      "m" : "4611686018430322501"
    }, {
      "d" : "1756424352877250581",
      "t" : 1756424352877,
      "tn" : 1756424352877250581,
      "q" : "1728.5",
      "p" : "0.1650",
      "s" : "buy",
      "i" : "YGG_USDT",
      "m" : "4611686018430322501"
    }, {
      "d" : "1756424352767946035",
      "t" : 1756424352767,
      "tn" : 1756424352767946035,
      "q" : "2360.9",
      "p" : "0.1650",
      "s" : "buy",
      "i" : "YGG_USDT",
      "m" : "4611686018430322500"
    }, {
      "d" : "1756421995329948399",
      "t" : 1756421995329,
      "tn" : 1756421995329948399,
      "q" : "177.6",
      "p" : "0.1647",
      "s" : "sell",
      "i" : "YGG_USDT",
      "m" : "4611686018430322499"
    }, {
      "d" : "1756421713613993655",
      "t" : 1756421713613,
      "tn" : 1756421713613993655,
      "q" : "45.2",
      "p" : "0.1645",
      "s" : "buy",
      "i" : "YGG_USDT",
      "m" : "4611686018430322498"
    }, {
      "d" : "1756420313973120595",
      "t" : 1756420313973,
      "tn" : 1756420313973120593,
      "q" : "44.7",
      "p" : "0.1643",
      "s" : "buy",
      "i" : "YGG_USDT",
      "m" : "4611686018430322497"
    }, {
      "d" : "1756420313973120594",
      "t" : 1756420313973,
      "tn" : 1756420313973120593,
      "q" : "44.7",
      "p" : "0.1643",
      "s" : "buy",
      "i" : "YGG_USDT",
      "m" : "4611686018430322497"
    }, {
      "d" : "1756420313973120593",
      "t" : 1756420313973,
      "tn" : 1756420313973120593,
      "q" : "44.7",
      "p" : "0.1643",
      "s" : "buy",
      "i" : "YGG_USDT",
      "m" : "4611686018430322497"
    }, {
      "d" : "1756419078004117260",
      "t" : 1756419078004,
      "tn" : 1756419078004117260,
      "q" : "179.3",
      "p" : "0.1632",
      "s" : "sell",
      "i" : "YGG_USDT",
      "m" : "4611686018430322496"
    }, {
      "d" : "1756418506749038911",
      "t" : 1756418506749,
      "tn" : 1756418506749038911,
      "q" : "45.2",
      "p" : "0.1627",
      "s" : "buy",
      "i" : "YGG_USDT",
      "m" : "4611686018430322495"
    }, {
      "d" : "1756418141549237362",
      "t" : 1756418141549,
      "tn" : 1756418141549237360,
      "q" : "45.1",
      "p" : "0.1625",
      "s" : "buy",
      "i" : "YGG_USDT",
      "m" : "4611686018430322494"
    }, {
      "d" : "1756418141549237361",
      "t" : 1756418141549,
      "tn" : 1756418141549237360,
      "q" : "45.1",
      "p" : "0.1625",
      "s" : "buy",
      "i" : "YGG_USDT",
      "m" : "4611686018430322494"
    }, {
      "d" : "1756418141549237360",
      "t" : 1756418141549,
      "tn" : 1756418141549237360,
      "q" : "45.1",
      "p" : "0.1625",
      "s" : "buy",
      "i" : "YGG_USDT",
      "m" : "4611686018430322494"
    }, {
      "d" : "1756416276511438013",
      "t" : 1756416276511,
      "tn" : 1756416276511438013,
      "q" : "180.6",
      "p" : "0.1620",
      "s" : "sell",
      "i" : "YGG_USDT",
      "m" : "4611686018430322493"
    }, {
      "d" : "1756416200136977214",
      "t" : 1756416200136,
      "tn" : 1756416200136977211,
      "q" : "231.6",
      "p" : "0.1618",
      "s" : "buy",
      "i" : "YGG_USDT",
      "m" : "4611686018430322492"
    }, {
      "d" : "1756416200136977213",
      "t" : 1756416200136,
      "tn" : 1756416200136977211,
      "q" : "231.3",
      "p" : "0.1618",
      "s" : "buy",
      "i" : "YGG_USDT",
      "m" : "4611686018430322492"
    }, {
      "d" : "1756416200136977212",
      "t" : 1756416200136,
      "tn" : 1756416200136977211,
      "q" : "231.3",
      "p" : "0.1618",
      "s" : "buy",
      "i" : "YGG_USDT",
      "m" : "4611686018430322492"
    }, {
      "d" : "1756416200136977211",
      "t" : 1756416200136,
      "tn" : 1756416200136977211,
      "q" : "231.3",
      "p" : "0.1618",
      "s" : "buy",
      "i" : "YGG_USDT",
      "m" : "4611686018430322492"
    }, {
      "d" : "1756410959436164120",
      "t" : 1756410959436,
      "tn" : 1756410959436164120,
      "q" : "190.3",
      "p" : "0.1600",
      "s" : "sell",
      "i" : "YGG_USDT",
      "m" : "4611686018430322491"
    }, {
      "d" : "1756410957321620122",
      "t" : 1756410957321,
      "tn" : 1756410957321620122,
      "q" : "188.4",
      "p" : "0.1600",
      "s" : "sell",
      "i" : "YGG_USDT",
      "m" : "4611686018430322490"
    }, {
      "d" : "1756400402563906351",
      "t" : 1756400402563,
      "tn" : 1756400402563906351,
      "q" : "453.5",
      "p" : "0.1601",
      "s" : "sell",
      "i" : "YGG_USDT",
      "m" : "4611686018430322489"
    }, {
      "d" : "1756400367242043753",
      "t" : 1756400367242,
      "tn" : 1756400367242043753,
      "q" : "185.6",
      "p" : "0.1607",
      "s" : "sell",
      "i" : "YGG_USDT",
      "m" : "4611686018430322488"
    }, {
      "d" : "1756400357096373329",
      "t" : 1756400357096,
      "tn" : 1756400357096373329,
      "q" : "307.0",
      "p" : "0.1608",
      "s" : "sell",
      "i" : "YGG_USDT",
      "m" : "4611686018430322487"
    }, {
      "d" : "1756400356669194842",
      "t" : 1756400356669,
      "tn" : 1756400356669194842,
      "q" : "633.1",
      "p" : "0.1609",
      "s" : "sell",
      "i" : "YGG_USDT",
      "m" : "4611686018430322486"
    }, {
      "d" : "1756400356596499589",
      "t" : 1756400356596,
      "tn" : 1756400356596499589,
      "q" : "1945.4",
      "p" : "0.1609",
      "s" : "sell",
      "i" : "YGG_USDT",
      "m" : "4611686018430322485"
    }, {
      "d" : "1756400298220267822",
      "t" : 1756400298220,
      "tn" : 1756400298220267822,
      "q" : "183.1",
      "p" : "0.1613",
      "s" : "sell",
      "i" : "YGG_USDT",
      "m" : "4611686018430322484"
    }, {
      "d" : "1756396160373183242",
      "t" : 1756396160373,
      "tn" : 1756396160373183242,
      "q" : "273.5",
      "p" : "0.1624",
      "s" : "sell",
      "i" : "YGG_USDT",
      "m" : "4611686018430322483"
    }, {
      "d" : "1756393270474296091",
      "t" : 1756393270474,
      "tn" : 1756393270474296091,
      "q" : "1566.2",
      "p" : "0.1648",
      "s" : "buy",
      "i" : "YGG_USDT",
      "m" : "4611686018430322482"
    }, {
      "d" : "1756391509373177113",
      "t" : 1756391509373,
      "tn" : 1756391509373177113,
      "q" : "388.6",
      "p" : "0.1632",
      "s" : "sell",
      "i" : "YGG_USDT",
      "m" : "4611686018430322481"
    }, {
      "d" : "1756391509253268659",
      "t" : 1756391509253,
      "tn" : 1756391509253268659,
      "q" : "2231.2",
      "p" : "0.1632",
      "s" : "sell",
      "i" : "YGG_USDT",
      "m" : "4611686018430322480"
    }, {
      "d" : "1756390669147977296",
      "t" : 1756390669147,
      "tn" : 1756390669147977296,
      "q" : "1915.5",
      "p" : "0.1648",
      "s" : "buy",
      "i" : "YGG_USDT",
      "m" : "4611686018430322479"
    }, {
      "d" : "1756390394042345924",
      "t" : 1756390394042,
      "tn" : 1756390394042345924,
      "q" : "1707.7",
      "p" : "0.1640",
      "s" : "sell",
      "i" : "YGG_USDT",
      "m" : "4611686018430322478"
    }, {
      "d" : "1756390383684490587",
      "t" : 1756390383684,
      "tn" : 1756390383684490587,
      "q" : "1907.6",
      "p" : "0.1641",
      "s" : "sell",
      "i" : "YGG_USDT",
      "m" : "4611686018430322477"
    }, {
      "d" : "1756390383579023508",
      "t" : 1756390383579,
      "tn" : 1756390383579023508,
      "q" : "2086.0",
      "p" : "0.1641",
      "s" : "sell",
      "i" : "YGG_USDT",
      "m" : "4611686018430322476"
    }, {
      "d" : "1756390169198626000",
      "t" : 1756390169198,
      "tn" : 1756390169198626000,
      "q" : "548.9",
      "p" : "0.1638",
      "s" : "sell",
      "i" : "YGG_USDT",
      "m" : "4611686018430322475"
    }, {
      "d" : "1756390028078470048",
      "t" : 1756390028078,
      "tn" : 1756390028078470048,
      "q" : "177.8",
      "p" : "0.1645",
      "s" : "sell",
      "i" : "YGG_USDT",
      "m" : "4611686018430322474"
    }, {
      "d" : "1756389990875768742",
      "t" : 1756389990875,
      "tn" : 1756389990875768742,
      "q" : "45.2",
      "p" : "0.1645",
      "s" : "buy",
      "i" : "YGG_USDT",
      "m" : "4611686018430322473"
    }, {
      "d" : "1756389940618010417",
      "t" : 1756389940618,
      "tn" : 1756389940618010416,
      "q" : "44.7",
      "p" : "0.1643",
      "s" : "buy",
      "i" : "YGG_USDT",
      "m" : "4611686018430322472"
    }, {
      "d" : "1756389940618010416",
      "t" : 1756389940618,
      "tn" : 1756389940618010416,
      "q" : "44.7",
      "p" : "0.1643",
      "s" : "buy",
      "i" : "YGG_USDT",
      "m" : "4611686018430322472"
    }, {
      "d" : "1756389812774259264",
      "t" : 1756389812774,
      "tn" : 1756389812774259264,
      "q" : "44.7",
      "p" : "0.1640",
      "s" : "buy",
      "i" : "YGG_USDT",
      "m" : "4611686018430322471"
    }, {
      "d" : "1756389761330415950",
      "t" : 1756389761330,
      "tn" : 1756389761330415950,
      "q" : "1682.9",
      "p" : "0.1636",
      "s" : "buy",
      "i" : "YGG_USDT",
      "m" : "4611686018430322470"
    }, {
      "d" : "1756389761215038394",
      "t" : 1756389761215,
      "tn" : 1756389761215038394,
      "q" : "1885.3",
      "p" : "0.1636",
      "s" : "buy",
      "i" : "YGG_USDT",
      "m" : "4611686018430322469"
    }, {
      "d" : "1756388853024132075",
      "t" : 1756388853024,
      "tn" : 1756388853024132075,
      "q" : "1128.5",
      "p" : "0.1626",
      "s" : "sell",
      "i" : "YGG_USDT",
      "m" : "4611686018430322468"
    }, {
      "d" : "1756388747217305805",
      "t" : 1756388747217,
      "tn" : 1756388747217305805,
      "q" : "1912.9",
      "p" : "0.1627",
      "s" : "sell",
      "i" : "YGG_USDT",
      "m" : "4611686018430322467"
    }, {
      "d" : "1756388747065209815",
      "t" : 1756388747065,
      "tn" : 1756388747065209815,
      "q" : "2182.3",
      "p" : "0.1627",
      "s" : "sell",
      "i" : "YGG_USDT",
      "m" : "4611686018430322466"
    }, {
      "d" : "1756387271436117870",
      "t" : 1756387271436,
      "tn" : 1756387271436117870,
      "q" : "1309.6",
      "p" : "0.1631",
      "s" : "buy",
      "i" : "YGG_USDT",
      "m" : "4611686018430322465"
    }, {
      "d" : "1756387270068057518",
      "t" : 1756387270068,
      "tn" : 1756387270068057518,
      "q" : "2212.4",
      "p" : "0.1631",
      "s" : "buy",
      "i" : "YGG_USDT",
      "m" : "4611686018430322464"
    }, {
      "d" : "1756384264360057194",
      "t" : 1756384264360,
      "tn" : 1756384264360057194,
      "q" : "1523.0",
      "p" : "0.1626",
      "s" : "sell",
      "i" : "YGG_USDT",
      "m" : "4611686018430322463"
    }, {
      "d" : "1756383190718916466",
      "t" : 1756383190718,
      "tn" : 1756383190718916466,
      "q" : "179.5",
      "p" : "0.1630",
      "s" : "sell",
      "i" : "YGG_USDT",
      "m" : "4611686018430322462"
    }, {
      "d" : "1756382883084088477",
      "t" : 1756382883084,
      "tn" : 1756382883084088476,
      "q" : "184.0",
      "p" : "0.1627",
      "s" : "buy",
      "i" : "YGG_USDT",
      "m" : "4611686018430322461"
    }, {
      "d" : "1756382883084088476",
      "t" : 1756382883084,
      "tn" : 1756382883084088476,
      "q" : "183.0",
      "p" : "0.1627",
      "s" : "buy",
      "i" : "YGG_USDT",
      "m" : "4611686018430322461"
    }, {
      "d" : "1756382405294046149",
      "t" : 1756382405294,
      "tn" : 1756382405294046148,
      "q" : "183.0",
      "p" : "0.1625",
      "s" : "buy",
      "i" : "YGG_USDT",
      "m" : "4611686018430322460"
    }, {
      "d" : "1756382405294046148",
      "t" : 1756382405294,
      "tn" : 1756382405294046148,
      "q" : "183.0",
      "p" : "0.1625",
      "s" : "buy",
      "i" : "YGG_USDT",
      "m" : "4611686018430322460"
    }, {
      "d" : "1756381984411105618",
      "t" : 1756381984411,
      "tn" : 1756381984411105618,
      "q" : "300.0",
      "p" : "0.1624",
      "s" : "buy",
      "i" : "YGG_USDT",
      "m" : "4611686018430322459"
    }, {
      "d" : "1756381948540252472",
      "t" : 1756381948540,
      "tn" : 1756381948540252472,
      "q" : "2054.7",
      "p" : "0.1623",
      "s" : "buy",
      "i" : "YGG_USDT",
      "m" : "4611686018430322458"
    }, {
      "d" : "1756377152326535751",
      "t" : 1756377152326,
      "tn" : 1756377152326535751,
      "q" : "4235.8",
      "p" : "0.1620",
      "s" : "buy",
      "i" : "YGG_USDT",
      "m" : "4611686018430322457"
    }, {
      "d" : "1756377143971539473",
      "t" : 1756377143971,
      "tn" : 1756377143971539473,
      "q" : "381.0",
      "p" : "0.1620",
      "s" : "buy",
      "i" : "YGG_USDT",
      "m" : "4611686018430322456"
    } ]
  }
}