{
  "id" : -1,
  "method" : "public/get-trades",
  "code" : 0,
  "result" : {
    "data" : [ {
      "d" : "1756460663568277846",
      "t" : 1756460663568,
      "tn" : 1756460663568277846,
      "q" : "132.4",
      "p" : "0.1562",
      "s" : "buy",
      "i" : "YGG_USD",
      "m" : "4611686018430141841"
    }, {
      "d" : "1756453547005693444",
      "t" : 1756453547005,
      "tn" : 1756453547005693444,
      "q" : "74.8",
      "p" : "0.1595",
      "s" : "sell",
      "i" : "YGG_USD",
      "m" : "4611686018430141840"
    }, {
      "d" : "1756452270408099802",
      "t" : 1756452270408,
      "tn" : 1756452270408099802,
      "q" : "414.0",
      "p" : "0.1595",
      "s" : "sell",
      "i" : "YGG_USD",
      "m" : "4611686018430141839"
    }, {
      "d" : "1756450947260208342",
      "t" : 1756450947260,
      "tn" : 1756450947260208342,
      "q" : "3003.9",
      "p" : "0.1620",
      "s" : "sell",
      "i" : "YGG_USD",
      "m" : "4611686018430141838"
    }, {
      "d" : "1756450947141491756",
      "t" : 1756450947141,
      "tn" : 1756450947141491755,
      "q" : "1602.9",
      "p" : "0.1620",
      "s" : "sell",
      "i" : "YGG_USD",
      "m" : "4611686018430141837"
    }, {
      "d" : "1756450947141491755",
      "t" : 1756450947141,
      "tn" : 1756450947141491755,
      "q" : "651.3",
      "p" : "0.1620",
      "s" : "sell",
      "i" : "YGG_USD",
      "m" : "4611686018430141837"
    }, {
      "d" : "1756450947131285878",
      "t" : 1756450947131,
      "tn" : 1756450947131285878,
      "q" : "501.1",
      "p" : "0.1620",
      "s" : "sell",
      "i" : "YGG_USD",
      "m" : "4611686018430141836"
    }, {
      "d" : "1756450946751426753",
      "t" : 1756450946751,
      "tn" : 1756450946751426752,
      "q" : "623.3",
      "p" : "0.1622",
      "s" : "sell",
      "i" : "YGG_USD",
      "m" : "4611686018430141835"
    }, {
      "d" : "1756450946751426752",
      "t" : 1756450946751,
      "tn" : 1756450946751426752,
      "q" : "666.3",
      "p" : "0.1622",
      "s" : "sell",
      "i" : "YGG_USD",
      "m" : "4611686018430141835"
    }, {
      "d" : "1756450818300974148",
      "t" : 1756450818300,
      "tn" : 1756450818300974148,
      "q" : "538.6",
      "p" : "0.1637",
      "s" : "buy",
      "i" : "YGG_USD",
      "m" : "4611686018430141834"
    }, {
      "d" : "1756450817298862915",
      "t" : 1756450817298,
      "tn" : 1756450817298862915,
      "q" : "763.5",
      "p" : "0.1637",
      "s" : "buy",
      "i" : "YGG_USD",
      "m" : "4611686018430141833"
    }, {
      "d" : "1756450816596829477",
      "t" : 1756450816596,
      "tn" : 1756450816596829477,
      "q" : "763.5",
      "p" : "0.1637",
      "s" : "buy",
      "i" : "YGG_USD",
      "m" : "4611686018430141832"
    }, {
      "d" : "1756450211089369010",
      "t" : 1756450211089,
      "tn" : 1756450211089369010,
      "q" : "132.4",
      "p" : "0.1630",
      "s" : "sell",
      "i" : "YGG_USD",
      "m" : "4611686018430141831"
    }, {
      "d" : "1756448888263492215",
      "t" : 1756448888263,
      "tn" : 1756448888263492215,
      "q" : "238.3",
      "p" : "0.1626",
      "s" : "sell",
      "i" : "YGG_USD",
      "m" : "4611686018430141830"
    }, {
      "d" : "1756448318527191109",
      "t" : 1756448318527,
      "tn" : 1756448318527191109,
      "q" : "1949.8",
      "p" : "0.1629",
      "s" : "sell",
      "i" : "YGG_USD",
      "m" : "4611686018430141829"
    }, {
      "d" : "1756445573577750125",
      "t" : 1756445573577,
      "tn" : 1756445573577750125,
      "q" : "600.0",
      "p" : "0.1640",
      "s" : "sell",
      "i" : "YGG_USD",
      "m" : "4611686018430141828"
    }, {
      "d" : "1756443960238266941",
      "t" : 1756443960238,
      "tn" : 1756443960238266941,
      "q" : "130.9",
      "p" : "0.1649",
      "s" : "buy",
      "i" : "YGG_USD",
      "m" : "4611686018430141827"
    }, {
      "d" : "1756443275793870274",
      "t" : 1756443275793,
      "tn" : 1756443275793870274,
      "q" : "2079.6",
      "p" : "0.1652",
      "s" : "sell",
      "i" : "YGG_USD",
      "m" : "4611686018430141826"
    }, {
      "d" : "1756440860264527020",
      "t" : 1756440860264,
      "tn" : 1756440860264527020,
      "q" : "244.7",
      "p" : "0.1658",
      "s" : "sell",
      "i" : "YGG_USD",
      "m" : "4611686018430141825"
    }, {
      "d" : "1756439768583855490",
      "t" : 1756439768583,
      "tn" : 1756439768583855490,
      "q" : "1144.6",
      "p" : "0.1667",
      "s" : "buy",
      "i" : "YGG_USD",
      "m" : "4611686018430141824"
    }, {
      "d" : "1756436772866685616",
      "t" : 1756436772866,
      "tn" : 1756436772866685616,
      "q" : "130.9",
      "p" : "0.1651",
      "s" : "sell",
      "i" : "YGG_USD",
      "m" : "4611686018430141823"
    }, {
      "d" : "1756435978207187912",
      "t" : 1756435978207,
      "tn" : 1756435978207187911,
      "q" : "410.6",
      "p" : "0.1655",
      "s" : "sell",
      "i" : "YGG_USD",
      "m" : "4611686018430141822"
    }, {
      "d" : "1756435978207187911",
      "t" : 1756435978207,
      "tn" : 1756435978207187911,
      "q" : "604.2",
      "p" : "0.1655",
      "s" : "sell",
      "i" : "YGG_USD",
      "m" : "4611686018430141822"
    }, {
      "d" : "1756434871316449831",
      "t" : 1756434871316,
      "tn" : 1756434871316449831,
      "q" : "283.1",
      "p" : "0.1662",
      "s" : "sell",
      "i" : "YGG_USD",
      "m" : "4611686018430141821"
    }, {
      "d" : "1756434870947487462",
      "t" : 1756434870947,
      "tn" : 1756434870947487462,
      "q" : "283.1",
      "p" : "0.1662",
      "s" : "sell",
      "i" : "YGG_USD",
      "m" : "4611686018430141820"
    }, {
      "d" : "1756434870099384951",
      "t" : 1756434870099,
      "tn" : 1756434870099384951,
      "q" : "282.8",
      "p" : "0.1662",
      "s" : "sell",
      "i" : "YGG_USD",
      "m" : "4611686018430141819"
    }, {
      "d" : "1756434869877252683",
      "t" : 1756434869877,
      "tn" : 1756434869877252683,
      "q" : "601.6",
      "p" : "0.1662",
      "s" : "sell",
      "i" : "YGG_USD",
      "m" : "4611686018430141818"
    }, {
      "d" : "1756434869631842664",
      "t" : 1756434869631,
      "tn" : 1756434869631842664,
      "q" : "601.6",
      "p" : "0.1662",
      "s" : "sell",
      "i" : "YGG_USD",
      "m" : "4611686018430141817"
    }, {
      "d" : "1756433681197896512",
      "t" : 1756433681197,
      "tn" : 1756433681197896512,
      "q" : "1710.1",
      "p" : "0.1662",
      "s" : "buy",
      "i" : "YGG_USD",
      "m" : "4611686018430141816"
    }, {
      "d" : "1756433676260233809",
      "t" : 1756433676260,
      "tn" : 1756433676260233809,
      "q" : "283.5",
      "p" : "0.1661",
      "s" : "buy",
      "i" : "YGG_USD",
      "m" : "4611686018430141815"
    }, {
      "d" : "1756433676259097544",
      "t" : 1756433676259,
      "tn" : 1756433676259097544,
      "q" : "469.0",
      "p" : "0.1661",
      "s" : "buy",
      "i" : "YGG_USD",
      "m" : "4611686018430141814"
    }, {
      "d" : "1756433676043002364",
      "t" : 1756433676043,
      "tn" : 1756433676043002364,
      "q" : "752.5",
      "p" : "0.1661",
      "s" : "buy",
      "i" : "YGG_USD",
      "m" : "4611686018430141813"
    }, {
      "d" : "1756433655174239567",
      "t" : 1756433655174,
      "tn" : 1756433655174239567,
      "q" : "130.3",
      "p" : "0.1659",
      "s" : "buy",
      "i" : "YGG_USD",
      "m" : "4611686018430141812"
    }, {
      "d" : "1756433313435319245",
      "t" : 1756433313435,
      "tn" : 1756433313435319245,
      "q" : "605.6",
      "p" : "0.1651",
      "s" : "sell",
      "i" : "YGG_USD",
      "m" : "4611686018430141811"
    }, {
      "d" : "1756432954225812326",
      "t" : 1756432954225,
      "tn" : 1756432954225812326,
      "q" : "353.9",
      "p" : "0.1647",
      "s" : "sell",
      "i" : "YGG_USD",
      "m" : "4611686018430141810"
    }, {
      "d" : "1756432940362079319",
      "t" : 1756432940362,
      "tn" : 1756432940362079319,
      "q" : "1212.1",
      "p" : "0.1650",
      "s" : "sell",
      "i" : "YGG_USD",
      "m" : "4611686018430141809"
    }, {
      "d" : "1756432940357537510",
      "t" : 1756432940357,
      "tn" : 1756432940357537509,
      "q" : "2969.8",
      "p" : "0.1650",
      "s" : "sell",
      "i" : "YGG_USD",
      "m" : "4611686018430141808"
    }, {
      "d" : "1756432940357537509",
      "t" : 1756432940357,
      "tn" : 1756432940357537509,
      "q" : "46.7",
      "p" : "0.1650",
      "s" : "sell",
      "i" : "YGG_USD",
      "m" : "4611686018430141808"
    }, {
      "d" : "1756432936011437398",
      "t" : 1756432936011,
      "tn" : 1756432936011437398,
      "q" : "3987.9",
      "p" : "0.1650",
      "s" : "sell",
      "i" : "YGG_USD",
      "m" : "4611686018430141807"
    }, {
      "d" : "1756432934941778909",
      "t" : 1756432934941,
      "tn" : 1756432934941778909,
      "q" : "167.9",
      "p" : "0.1650",
      "s" : "sell",
      "i" : "YGG_USD",
      "m" : "4611686018430141806"
    }, {
      "d" : "1756432932009907992",
      "t" : 1756432932009,
      "tn" : 1756432932009907992,
      "q" : "605.6",
      "p" : "0.1651",
      "s" : "sell",
      "i" : "YGG_USD",
      "m" : "4611686018430141805"
    }, {
      "d" : "1756430510191068661",
      "t" : 1756430510191,
      "tn" : 1756430510191068661,
      "q" : "323.6",
      "p" : "0.1643",
      "s" : "sell",
      "i" : "YGG_USD",
      "m" : "4611686018430141804"
    }, {
      "d" : "1756429537517291978",
      "t" : 1756429537517,
      "tn" : 1756429537517291978,
      "q" : "130.3",
      "p" : "0.1669",
      "s" : "sell",
      "i" : "YGG_USD",
      "m" : "4611686018430141803"
    }, {
      "d" : "1756428661732265534",
      "t" : 1756428661732,
      "tn" : 1756428661732265534,
      "q" : "597.3",
      "p" : "0.1674",
      "s" : "sell",
      "i" : "YGG_USD",
      "m" : "4611686018430141802"
    }, {
      "d" : "1756428661333199841",
      "t" : 1756428661333,
      "tn" : 1756428661333199841,
      "q" : "597.3",
      "p" : "0.1674",
      "s" : "sell",
      "i" : "YGG_USD",
      "m" : "4611686018430141801"
    }, {
      "d" : "1756428367504750190",
      "t" : 1756428367504,
      "tn" : 1756428367504750190,
      "q" : "592.0",
      "p" : "0.1681",
      "s" : "buy",
      "i" : "YGG_USD",
      "m" : "4611686018430141800"
    }, {
      "d" : "1756428241812733079",
      "t" : 1756428241812,
      "tn" : 1756428241812733079,
      "q" : "129.1",
      "p" : "0.1684",
      "s" : "buy",
      "i" : "YGG_USD",
      "m" : "4611686018430141799"
    }, {
      "d" : "1756427824882130789",
      "t" : 1756427824882,
      "tn" : 1756427824882130789,
      "q" : "2930.5",
      "p" : "0.1682",
      "s" : "buy",
      "i" : "YGG_USD",
      "m" : "4611686018430141798"
    }, {
      "d" : "1756427822088858160",
      "t" : 1756427822088,
      "tn" : 1756427822088858160,
      "q" : "692.7",
      "p" : "0.1681",
      "s" : "buy",
      "i" : "YGG_USD",
      "m" : "4611686018430141797"
    }, {
      "d" : "1756427793115980863",
      "t" : 1756427793115,
      "tn" : 1756427793115980863,
      "q" : "450.4",
      "p" : "0.1680",
      "s" : "sell",
      "i" : "YGG_USD",
      "m" : "4611686018430141796"
    }, {
      "d" : "1756427793108787280",
      "t" : 1756427793108,
      "tn" : 1756427793108787280,
      "q" : "595.3",
      "p" : "0.1680",
      "s" : "buy",
      "i" : "YGG_USD",
      "m" : "4611686018430141795"
    }, {
      "d" : "1756427736420249793",
      "t" : 1756427736420,
      "tn" : 1756427736420249793,
      "q" : "933.2",
      "p" : "0.1677",
      "s" : "buy",
      "i" : "YGG_USD",
      "m" : "4611686018430141794"
    }, {
      "d" : "1756427679174066506",
      "t" : 1756427679174,
      "tn" : 1756427679174066506,
      "q" : "56.1",
      "p" : "0.1678",
      "s" : "sell",
      "i" : "YGG_USD",
      "m" : "4611686018430141793"
    }, {
      "d" : "1756427679148186166",
      "t" : 1756427679148,
      "tn" : 1756427679148186166,
      "q" : "16.9",
      "p" : "0.1678",
      "s" : "sell",
      "i" : "YGG_USD",
      "m" : "4611686018430141792"
    }, {
      "d" : "1756427679145145109",
      "t" : 1756427679145,
      "tn" : 1756427679145145109,
      "q" : "56.1",
      "p" : "0.1678",
      "s" : "sell",
      "i" : "YGG_USD",
      "m" : "4611686018430141791"
    }, {
      "d" : "1756427679055976691",
      "t" : 1756427679055,
      "tn" : 1756427679055976691,
      "q" : "1303.5",
      "p" : "0.1682",
      "s" : "sell",
      "i" : "YGG_USD",
      "m" : "4611686018430141790"
    }, {
      "d" : "1756427679050913563",
      "t" : 1756427679050,
      "tn" : 1756427679050913563,
      "q" : "2514.3",
      "p" : "0.1682",
      "s" : "sell",
      "i" : "YGG_USD",
      "m" : "4611686018430141789"
    }, {
      "d" : "1756427679043747514",
      "t" : 1756427679043,
      "tn" : 1756427679043747514,
      "q" : "84.8",
      "p" : "0.1682",
      "s" : "sell",
      "i" : "YGG_USD",
      "m" : "4611686018430141788"
    }, {
      "d" : "1756427678944231352",
      "t" : 1756427678944,
      "tn" : 1756427678944231352,
      "q" : "592.0",
      "p" : "0.1689",
      "s" : "sell",
      "i" : "YGG_USD",
      "m" : "4611686018430141787"
    }, {
      "d" : "1756427630479013462",
      "t" : 1756427630479,
      "tn" : 1756427630479013462,
      "q" : "1081.7",
      "p" : "0.1688",
      "s" : "buy",
      "i" : "YGG_USD",
      "m" : "4611686018430141786"
    }, {
      "d" : "1756427630371039132",
      "t" : 1756427630371,
      "tn" : 1756427630371039132,
      "q" : "1670.9",
      "p" : "0.1688",
      "s" : "buy",
      "i" : "YGG_USD",
      "m" : "4611686018430141785"
    }, {
      "d" : "1756427549453157681",
      "t" : 1756427549453,
      "tn" : 1756427549453157681,
      "q" : "777.4",
      "p" : "0.1684",
      "s" : "buy",
      "i" : "YGG_USD",
      "m" : "4611686018430141784"
    }, {
      "d" : "1756427340570285269",
      "t" : 1756427340570,
      "tn" : 1756427340570285269,
      "q" : "83.2",
      "p" : "0.1675",
      "s" : "buy",
      "i" : "YGG_USD",
      "m" : "4611686018430141783"
    }, {
      "d" : "1756427271746896754",
      "t" : 1756427271746,
      "tn" : 1756427271746896754,
      "q" : "679.2",
      "p" : "0.1671",
      "s" : "buy",
      "i" : "YGG_USD",
      "m" : "4611686018430141782"
    }, {
      "d" : "1756427126932054400",
      "t" : 1756427126932,
      "tn" : 1756427126932054400,
      "q" : "1556.7",
      "p" : "0.1656",
      "s" : "buy",
      "i" : "YGG_USD",
      "m" : "4611686018430141781"
    }, {
      "d" : "1756427126926060139",
      "t" : 1756427126926,
      "tn" : 1756427126926060139,
      "q" : "3881.5",
      "p" : "0.1655",
      "s" : "buy",
      "i" : "YGG_USD",
      "m" : "4611686018430141780"
    }, {
      "d" : "1756426998913788032",
      "t" : 1756426998913,
      "tn" : 1756426998913788032,
      "q" : "605.5",
      "p" : "0.1652",
      "s" : "buy",
      "i" : "YGG_USD",
      "m" : "4611686018430141779"
    }, {
      "d" : "1756426504596120432",
      "t" : 1756426504596,
      "tn" : 1756426504596120432,
      "q" : "148.8",
      "p" : "0.1653",
      "s" : "sell",
      "i" : "YGG_USD",
      "m" : "4611686018430141778"
    }, {
      "d" : "1756426504590223939",
      "t" : 1756426504590,
      "tn" : 1756426504590223939,
      "q" : "861.0",
      "p" : "0.1653",
      "s" : "buy",
      "i" : "YGG_USD",
      "m" : "4611686018430141777"
    }, {
      "d" : "1756426008882816819",
      "t" : 1756426008882,
      "tn" : 1756426008882816819,
      "q" : "606.0",
      "p" : "0.1650",
      "s" : "sell",
      "i" : "YGG_USD",
      "m" : "4611686018430141776"
    }, {
      "d" : "1756417370535887130",
      "t" : 1756417370535,
      "tn" : 1756417370535887130,
      "q" : "609.4",
      "p" : "0.1621",
      "s" : "buy",
      "i" : "YGG_USD",
      "m" : "4611686018430141775"
    }, {
      "d" : "1756416325100852287",
      "t" : 1756416325100,
      "tn" : 1756416325100852287,
      "q" : "74.5",
      "p" : "0.1617",
      "s" : "sell",
      "i" : "YGG_USD",
      "m" : "4611686018430141774"
    }, {
      "d" : "1756413448506629378",
      "t" : 1756413448506,
      "tn" : 1756413448506629378,
      "q" : "85.0",
      "p" : "0.1603",
      "s" : "sell",
      "i" : "YGG_USD",
      "m" : "4611686018430141773"
    }, {
      "d" : "1756408685557629641",
      "t" : 1756408685557,
      "tn" : 1756408685557629641,
      "q" : "210.7",
      "p" : "0.1617",
      "s" : "sell",
      "i" : "YGG_USD",
      "m" : "4611686018430141772"
    }, {
      "d" : "1756408685553012234",
      "t" : 1756408685553,
      "tn" : 1756408685553012234,
      "q" : "618.4",
      "p" : "0.1617",
      "s" : "buy",
      "i" : "YGG_USD",
      "m" : "4611686018430141771"
    }, {
      "d" : "1756400403270237894",
      "t" : 1756400403270,
      "tn" : 1756400403270237894,
      "q" : "323.9",
      "p" : "0.1601",
      "s" : "sell",
      "i" : "YGG_USD",
      "m" : "4611686018430141770"
    }, {
      "d" : "1756400403269268127",
      "t" : 1756400403269,
      "tn" : 1756400403269268126,
      "q" : "1488.9",
      "p" : "0.1601",
      "s" : "sell",
      "i" : "YGG_USD",
      "m" : "4611686018430141769"
    }, {
      "d" : "1756400403269268126",
      "t" : 1756400403269,
      "tn" : 1756400403269268126,
      "q" : "1128.1",
      "p" : "0.1601",
      "s" : "sell",
      "i" : "YGG_USD",
      "m" : "4611686018430141769"
    }, {
      "d" : "1756400374091360956",
      "t" : 1756400374091,
      "tn" : 1756400374091360955,
      "q" : "476.4",
      "p" : "0.1604",
      "s" : "sell",
      "i" : "YGG_USD",
      "m" : "4611686018430141768"
    }, {
      "d" : "1756400374091360955",
      "t" : 1756400374091,
      "tn" : 1756400374091360955,
      "q" : "607.6",
      "p" : "0.1604",
      "s" : "sell",
      "i" : "YGG_USD",
      "m" : "4611686018430141768"
    }, {
      "d" : "1756391785561533240",
      "t" : 1756391785561,
      "tn" : 1756391785561533240,
      "q" : "94.3",
      "p" : "0.1633",
      "s" : "sell",
      "i" : "YGG_USD",
      "m" : "4611686018430141767"
    }, {
      "d" : "1756391379940209074",
      "t" : 1756391379940,
      "tn" : 1756391379940209074,
      "q" : "44.3",
      "p" : "0.1635",
      "s" : "buy",
      "i" : "YGG_USD",
      "m" : "4611686018430141766"
    }, {
      "d" : "1756390432122107745",
      "t" : 1756390432122,
      "tn" : 1756390432122107745,
      "q" : "609.3",
      "p" : "0.1641",
      "s" : "sell",
      "i" : "YGG_USD",
      "m" : "4611686018430141765"
    }, {
      "d" : "1756389941094728576",
      "t" : 1756389941094,
      "tn" : 1756389941094728576,
      "q" : "1443.4",
      "p" : "0.1644",
      "s" : "buy",
      "i" : "YGG_USD",
      "m" : "4611686018430141764"
    }, {
      "d" : "1756389940975035508",
      "t" : 1756389940975,
      "tn" : 1756389940975035508,
      "q" : "1639.6",
      "p" : "0.1644",
      "s" : "buy",
      "i" : "YGG_USD",
      "m" : "4611686018430141763"
    }, {
      "d" : "1756389940856063065",
      "t" : 1756389940856,
      "tn" : 1756389940856063065,
      "q" : "1705.0",
      "p" : "0.1644",
      "s" : "buy",
      "i" : "YGG_USD",
      "m" : "4611686018430141762"
    }, {
      "d" : "1756389890948443365",
      "t" : 1756389890948,
      "tn" : 1756389890948443365,
      "q" : "1879.3",
      "p" : "0.1641",
      "s" : "buy",
      "i" : "YGG_USD",
      "m" : "4611686018430141761"
    }, {
      "d" : "1756389761187475276",
      "t" : 1756389761187,
      "tn" : 1756389761187475276,
      "q" : "4311.3",
      "p" : "0.1636",
      "s" : "buy",
      "i" : "YGG_USD",
      "m" : "4611686018430141760"
    }, {
      "d" : "1756389135031213488",
      "t" : 1756389135031,
      "tn" : 1756389135031213488,
      "q" : "150.0",
      "p" : "0.1624",
      "s" : "buy",
      "i" : "YGG_USD",
      "m" : "4611686018430141759"
    }, {
      "d" : "1756388757321260157",
      "t" : 1756388757321,
      "tn" : 1756388757321260157,
      "q" : "206.7",
      "p" : "0.1624",
      "s" : "sell",
      "i" : "YGG_USD",
      "m" : "4611686018430141758"
    }, {
      "d" : "1756388756192506026",
      "t" : 1756388756192,
      "tn" : 1756388756192506026,
      "q" : "2376.0",
      "p" : "0.1624",
      "s" : "sell",
      "i" : "YGG_USD",
      "m" : "4611686018430141757"
    }, {
      "d" : "1756388756173346434",
      "t" : 1756388756173,
      "tn" : 1756388756173346434,
      "q" : "1479.8",
      "p" : "0.1624",
      "s" : "sell",
      "i" : "YGG_USD",
      "m" : "4611686018430141756"
    }, {
      "d" : "1756388753246227716",
      "t" : 1756388753246,
      "tn" : 1756388753246227716,
      "q" : "1300.2",
      "p" : "0.1625",
      "s" : "sell",
      "i" : "YGG_USD",
      "m" : "4611686018430141755"
    }, {
      "d" : "1756385723327503687",
      "t" : 1756385723327,
      "tn" : 1756385723327503686,
      "q" : "611.0",
      "p" : "0.1632",
      "s" : "buy",
      "i" : "YGG_USD",
      "m" : "4611686018430141754"
    }, {
      "d" : "1756385723327503686",
      "t" : 1756385723327,
      "tn" : 1756385723327503686,
      "q" : "1226.1",
      "p" : "0.1632",
      "s" : "buy",
      "i" : "YGG_USD",
      "m" : "4611686018430141754"
    }, {
      "d" : "1756384264973422986",
      "t" : 1756384264973,
      "tn" : 1756384264973422986,
      "q" : "1076.2",
      "p" : "0.1625",
      "s" : "sell",
      "i" : "YGG_USD",
      "m" : "4611686018430141753"
    }, {
      "d" : "1756382642511438180",
      "t" : 1756382642511,
      "tn" : 1756382642511438180,
      "q" : "3065.6",
      "p" : "0.1630",
      "s" : "buy",
      "i" : "YGG_USD",
      "m" : "4611686018430141752"
    }, {
      "d" : "1756381948540210361",
      "t" : 1756381948540,
      "tn" : 1756381948540210361,
      "q" : "1863.8",
      "p" : "0.1624",
      "s" : "buy",
      "i" : "YGG_USD",
      "m" : "4611686018430141751"
    }, {
      "d" : "1756379187900111019",
      "t" : 1756379187900,
      "tn" : 1756379187900111019,
      "q" : "190.7",
      "p" : "0.1615",
      "s" : "sell",
      "i" : "YGG_USD",
      "m" : "4611686018430141750"
    }, {
      "d" : "1756379187898427262",
      "t" : 1756379187898,
      "tn" : 1756379187898427262,
      "q" : "110.4",
      "p" : "0.1615",
      "s" : "sell",
      "i" : "YGG_USD",
      "m" : "4611686018430141749"
    }, {
      "d" : "1756379187895635438",
      "t" : 1756379187895,
      "tn" : 1756379187895635438,
      "q" : "2066.3",
      "p" : "0.1615",
      "s" : "sell",
      "i" : "YGG_USD",
      "m" : "4611686018430141748"
    }, {
      "d" : "1756377015424255705",
      "t" : 1756377015424,
      "tn" : 1756377015424255705,
      "q" : "243.5",
      "p" : "0.1619",
      "s" : "buy",
      "i" : "YGG_USD",
      "m" : "4611686018430141747"
    } ]
  }
}