{
  "id" : -1,
  "method" : "public/get-trades",
  "code" : 0,
  "result" : {
    "data" : [ {
      "d" : "1756461441046332208",
      "t" : 1756461441046,
      "tn" : 1756461441046332208,
      "q" : "1",
      "p" : "0.1565",
      "s" : "sell",
      "i" : "YGGUSD-PERP",
      "m" : "4611686018429682874"
    }, {
      "d" : "1756454008239156863",
      "t" : 1756454008239,
      "tn" : 1756454008239156863,
      "q" : "1",
      "p" : "0.1590",
      "s" : "sell",
      "i" : "YGGUSD-PERP",
      "m" : "4611686018429682873"
    }, {
      "d" : "1756452559594562497",
      "t" : 1756452559594,
      "tn" : 1756452559594562497,
      "q" : "1",
      "p" : "0.1592",
      "s" : "sell",
      "i" : "YGGUSD-PERP",
      "m" : "4611686018429682872"
    }, {
      "d" : "1756451206315724053",
      "t" : 1756451206315,
      "tn" : 1756451206315724053,
      "q" : "1",
      "p" : "0.1621",
      "s" : "sell",
      "i" : "YGGUSD-PERP",
      "m" : "4611686018429682871"
    }, {
      "d" : "1756449539092116773",
      "t" : 1756449539092,
      "tn" : 1756449539092116773,
      "q" : "306",
      "p" : "0.1629",
      "s" : "sell",
      "i" : "YGGUSD-PERP",
      "m" : "4611686018429682870"
    }, {
      "d" : "1756448001083413103",
      "t" : 1756448001083,
      "tn" : 1756448001083413103,
      "q" : "1",
      "p" : "0.1639",
      "s" : "sell",
      "i" : "YGGUSD-PERP",
      "m" : "4611686018429682869"
    }, {
      "d" : "1756447827735263050",
      "t" : 1756447827735,
      "tn" : 1756447827735263050,
      "q" : "1",
      "p" : "0.1641",
      "s" : "sell",
      "i" : "YGGUSD-PERP",
      "m" : "4611686018429682868"
    }, {
      "d" : "1756447406157400348",
      "t" : 1756447406157,
      "tn" : 1756447406157400348,
      "q" : "1",
      "p" : "0.1645",
      "s" : "sell",
      "i" : "YGGUSD-PERP",
      "m" : "4611686018429682867"
    }, {
      "d" : "1756447260106547010",
      "t" : 1756447260106,
      "tn" : 1756447260106547010,
      "q" : "1",
      "p" : "0.1646",
      "s" : "sell",
      "i" : "YGGUSD-PERP",
      "m" : "4611686018429682866"
    }, {
      "d" : "1756447244450449396",
      "t" : 1756447244450,
      "tn" : 1756447244450449396,
      "q" : "1",
      "p" : "0.1645",
      "s" : "sell",
      "i" : "YGGUSD-PERP",
      "m" : "4611686018429682865"
    }, {
      "d" : "1756447234079183972",
      "t" : 1756447234079,
      "tn" : 1756447234079183972,
      "q" : "1",
      "p" : "0.1644",
      "s" : "sell",
      "i" : "YGGUSD-PERP",
      "m" : "4611686018429682864"
    }, {
      "d" : "1756447223235228533",
      "t" : 1756447223235,
      "tn" : 1756447223235228533,
      "q" : "1",
      "p" : "0.1644",
      "s" : "sell",
      "i" : "YGGUSD-PERP",
      "m" : "4611686018429682863"
    }, {
      "d" : "1756447205796964452",
      "t" : 1756447205796,
      "tn" : 1756447205796964452,
      "q" : "1",
      "p" : "0.1644",
      "s" : "sell",
      "i" : "YGGUSD-PERP",
      "m" : "4611686018429682862"
    }, {
      "d" : "1756447195789745774",
      "t" : 1756447195789,
      "tn" : 1756447195789745774,
      "q" : "1",
      "p" : "0.1644",
      "s" : "sell",
      "i" : "YGGUSD-PERP",
      "m" : "4611686018429682861"
    }, {
      "d" : "1756447185783326672",
      "t" : 1756447185783,
      "tn" : 1756447185783326672,
      "q" : "1",
      "p" : "0.1645",
      "s" : "sell",
      "i" : "YGGUSD-PERP",
      "m" : "4611686018429682860"
    }, {
      "d" : "1756447182188301836",
      "t" : 1756447182188,
      "tn" : 1756447182188301836,
      "q" : "1",
      "p" : "0.1644",
      "s" : "sell",
      "i" : "YGGUSD-PERP",
      "m" : "4611686018429682859"
    }, {
      "d" : "1756447175746957205",
      "t" : 1756447175746,
      "tn" : 1756447175746957205,
      "q" : "1",
      "p" : "0.1644",
      "s" : "sell",
      "i" : "YGGUSD-PERP",
      "m" : "4611686018429682858"
    }, {
      "d" : "1756447172134808998",
      "t" : 1756447172134,
      "tn" : 1756447172134808998,
      "q" : "1",
      "p" : "0.1644",
      "s" : "sell",
      "i" : "YGGUSD-PERP",
      "m" : "4611686018429682857"
    }, {
      "d" : "1756447165714779065",
      "t" : 1756447165714,
      "tn" : 1756447165714779065,
      "q" : "1",
      "p" : "0.1644",
      "s" : "sell",
      "i" : "YGGUSD-PERP",
      "m" : "4611686018429682856"
    }, {
      "d" : "1756447140615558665",
      "t" : 1756447140615,
      "tn" : 1756447140615558665,
      "q" : "1",
      "p" : "0.1644",
      "s" : "sell",
      "i" : "YGGUSD-PERP",
      "m" : "4611686018429682855"
    }, {
      "d" : "1756446964169079877",
      "t" : 1756446964169,
      "tn" : 1756446964169079877,
      "q" : "1",
      "p" : "0.1641",
      "s" : "sell",
      "i" : "YGGUSD-PERP",
      "m" : "4611686018429682854"
    }, {
      "d" : "1756446760411834498",
      "t" : 1756446760411,
      "tn" : 1756446760411834498,
      "q" : "1",
      "p" : "0.1643",
      "s" : "sell",
      "i" : "YGGUSD-PERP",
      "m" : "4611686018429682853"
    }, {
      "d" : "1756446758341674157",
      "t" : 1756446758341,
      "tn" : 1756446758341674157,
      "q" : "1",
      "p" : "0.1643",
      "s" : "sell",
      "i" : "YGGUSD-PERP",
      "m" : "4611686018429682852"
    }, {
      "d" : "1756446748281100097",
      "t" : 1756446748281,
      "tn" : 1756446748281100097,
      "q" : "1",
      "p" : "0.1643",
      "s" : "sell",
      "i" : "YGGUSD-PERP",
      "m" : "4611686018429682851"
    }, {
      "d" : "1756446669036732054",
      "t" : 1756446669036,
      "tn" : 1756446669036732054,
      "q" : "1",
      "p" : "0.1645",
      "s" : "sell",
      "i" : "YGGUSD-PERP",
      "m" : "4611686018429682850"
    }, {
      "d" : "1756446615123594315",
      "t" : 1756446615123,
      "tn" : 1756446615123594315,
      "q" : "1",
      "p" : "0.1646",
      "s" : "sell",
      "i" : "YGGUSD-PERP",
      "m" : "4611686018429682849"
    }, {
      "d" : "1756446451945910158",
      "t" : 1756446451945,
      "tn" : 1756446451945910158,
      "q" : "1",
      "p" : "0.1646",
      "s" : "sell",
      "i" : "YGGUSD-PERP",
      "m" : "4611686018429682848"
    }, {
      "d" : "1756446450956480027",
      "t" : 1756446450956,
      "tn" : 1756446450956480027,
      "q" : "1",
      "p" : "0.1646",
      "s" : "sell",
      "i" : "YGGUSD-PERP",
      "m" : "4611686018429682847"
    }, {
      "d" : "1756446441705101516",
      "t" : 1756446441705,
      "tn" : 1756446441705101516,
      "q" : "1",
      "p" : "0.1645",
      "s" : "sell",
      "i" : "YGGUSD-PERP",
      "m" : "4611686018429682846"
    }, {
      "d" : "1756446437991087426",
      "t" : 1756446437991,
      "tn" : 1756446437991087426,
      "q" : "1",
      "p" : "0.1645",
      "s" : "sell",
      "i" : "YGGUSD-PERP",
      "m" : "4611686018429682845"
    }, {
      "d" : "1756446431522711010",
      "t" : 1756446431522,
      "tn" : 1756446431522711010,
      "q" : "1",
      "p" : "0.1645",
      "s" : "sell",
      "i" : "YGGUSD-PERP",
      "m" : "4611686018429682844"
    }, {
      "d" : "1756446421465401535",
      "t" : 1756446421465,
      "tn" : 1756446421465401535,
      "q" : "1",
      "p" : "0.1645",
      "s" : "sell",
      "i" : "YGGUSD-PERP",
      "m" : "4611686018429682843"
    }, {
      "d" : "1756446411415974453",
      "t" : 1756446411415,
      "tn" : 1756446411415974453,
      "q" : "1",
      "p" : "0.1645",
      "s" : "sell",
      "i" : "YGGUSD-PERP",
      "m" : "4611686018429682842"
    }, {
      "d" : "1756446391809757294",
      "t" : 1756446391809,
      "tn" : 1756446391809757294,
      "q" : "1",
      "p" : "0.1644",
      "s" : "sell",
      "i" : "YGGUSD-PERP",
      "m" : "4611686018429682841"
    }, {
      "d" : "1756446378725356739",
      "t" : 1756446378725,
      "tn" : 1756446378725356739,
      "q" : "1",
      "p" : "0.1644",
      "s" : "sell",
      "i" : "YGGUSD-PERP",
      "m" : "4611686018429682840"
    }, {
      "d" : "1756446368677004201",
      "t" : 1756446368677,
      "tn" : 1756446368677004201,
      "q" : "1",
      "p" : "0.1644",
      "s" : "sell",
      "i" : "YGGUSD-PERP",
      "m" : "4611686018429682839"
    }, {
      "d" : "1756446361419830913",
      "t" : 1756446361419,
      "tn" : 1756446361419830913,
      "q" : "1",
      "p" : "0.1644",
      "s" : "sell",
      "i" : "YGGUSD-PERP",
      "m" : "4611686018429682838"
    }, {
      "d" : "1756446358666320079",
      "t" : 1756446358666,
      "tn" : 1756446358666320079,
      "q" : "1",
      "p" : "0.1643",
      "s" : "sell",
      "i" : "YGGUSD-PERP",
      "m" : "4611686018429682837"
    }, {
      "d" : "1756446348657891151",
      "t" : 1756446348657,
      "tn" : 1756446348657891151,
      "q" : "1",
      "p" : "0.1643",
      "s" : "sell",
      "i" : "YGGUSD-PERP",
      "m" : "4611686018429682836"
    }, {
      "d" : "1756446340650006263",
      "t" : 1756446340650,
      "tn" : 1756446340650006263,
      "q" : "1",
      "p" : "0.1643",
      "s" : "sell",
      "i" : "YGGUSD-PERP",
      "m" : "4611686018429682835"
    }, {
      "d" : "1756446338600477447",
      "t" : 1756446338600,
      "tn" : 1756446338600477447,
      "q" : "1",
      "p" : "0.1643",
      "s" : "sell",
      "i" : "YGGUSD-PERP",
      "m" : "4611686018429682834"
    }, {
      "d" : "1756446328593707771",
      "t" : 1756446328593,
      "tn" : 1756446328593707771,
      "q" : "1",
      "p" : "0.1643",
      "s" : "sell",
      "i" : "YGGUSD-PERP",
      "m" : "4611686018429682833"
    }, {
      "d" : "1756446318408909922",
      "t" : 1756446318408,
      "tn" : 1756446318408909922,
      "q" : "1",
      "p" : "0.1643",
      "s" : "sell",
      "i" : "YGGUSD-PERP",
      "m" : "4611686018429682832"
    }, {
      "d" : "1756446314495190073",
      "t" : 1756446314495,
      "tn" : 1756446314495190073,
      "q" : "1",
      "p" : "0.1643",
      "s" : "sell",
      "i" : "YGGUSD-PERP",
      "m" : "4611686018429682831"
    }, {
      "d" : "1756446308372774586",
      "t" : 1756446308372,
      "tn" : 1756446308372774586,
      "q" : "1",
      "p" : "0.1643",
      "s" : "sell",
      "i" : "YGGUSD-PERP",
      "m" : "4611686018429682830"
    }, {
      "d" : "1756446304482578563",
      "t" : 1756446304482,
      "tn" : 1756446304482578563,
      "q" : "1",
      "p" : "0.1643",
      "s" : "sell",
      "i" : "YGGUSD-PERP",
      "m" : "4611686018429682829"
    }, {
      "d" : "1756446297156906044",
      "t" : 1756446297156,
      "tn" : 1756446297156906044,
      "q" : "1",
      "p" : "0.1643",
      "s" : "sell",
      "i" : "YGGUSD-PERP",
      "m" : "4611686018429682828"
    }, {
      "d" : "1756446285343434180",
      "t" : 1756446285343,
      "tn" : 1756446285343434180,
      "q" : "1",
      "p" : "0.1643",
      "s" : "sell",
      "i" : "YGGUSD-PERP",
      "m" : "4611686018429682827"
    }, {
      "d" : "1756446271703178937",
      "t" : 1756446271703,
      "tn" : 1756446271703178937,
      "q" : "1",
      "p" : "0.1643",
      "s" : "sell",
      "i" : "YGGUSD-PERP",
      "m" : "4611686018429682826"
    }, {
      "d" : "1756446261664171986",
      "t" : 1756446261664,
      "tn" : 1756446261664171986,
      "q" : "1",
      "p" : "0.1643",
      "s" : "sell",
      "i" : "YGGUSD-PERP",
      "m" : "4611686018429682825"
    }, {
      "d" : "1756446256061028636",
      "t" : 1756446256061,
      "tn" : 1756446256061028636,
      "q" : "1",
      "p" : "0.1643",
      "s" : "sell",
      "i" : "YGGUSD-PERP",
      "m" : "4611686018429682824"
    }, {
      "d" : "1756446251629516566",
      "t" : 1756446251629,
      "tn" : 1756446251629516566,
      "q" : "1",
      "p" : "0.1643",
      "s" : "sell",
      "i" : "YGGUSD-PERP",
      "m" : "4611686018429682823"
    }, {
      "d" : "1756446241595707305",
      "t" : 1756446241595,
      "tn" : 1756446241595707305,
      "q" : "1",
      "p" : "0.1643",
      "s" : "sell",
      "i" : "YGGUSD-PERP",
      "m" : "4611686018429682822"
    }, {
      "d" : "1756446185956107228",
      "t" : 1756446185956,
      "tn" : 1756446185956107228,
      "q" : "1",
      "p" : "0.1644",
      "s" : "sell",
      "i" : "YGGUSD-PERP",
      "m" : "4611686018429682821"
    }, {
      "d" : "1756446175743128524",
      "t" : 1756446175743,
      "tn" : 1756446175743128524,
      "q" : "1",
      "p" : "0.1644",
      "s" : "sell",
      "i" : "YGGUSD-PERP",
      "m" : "4611686018429682820"
    }, {
      "d" : "1756446174719414176",
      "t" : 1756446174719,
      "tn" : 1756446174719414176,
      "q" : "1",
      "p" : "0.1644",
      "s" : "sell",
      "i" : "YGGUSD-PERP",
      "m" : "4611686018429682819"
    }, {
      "d" : "1756446070327417572",
      "t" : 1756446070327,
      "tn" : 1756446070327417572,
      "q" : "1",
      "p" : "0.1645",
      "s" : "sell",
      "i" : "YGGUSD-PERP",
      "m" : "4611686018429682818"
    }, {
      "d" : "1756446057126071637",
      "t" : 1756446057126,
      "tn" : 1756446057126071637,
      "q" : "1",
      "p" : "0.1646",
      "s" : "sell",
      "i" : "YGGUSD-PERP",
      "m" : "4611686018429682817"
    }, {
      "d" : "1756446047102640575",
      "t" : 1756446047102,
      "tn" : 1756446047102640575,
      "q" : "1",
      "p" : "0.1646",
      "s" : "sell",
      "i" : "YGGUSD-PERP",
      "m" : "4611686018429682816"
    }, {
      "d" : "1756446045693474499",
      "t" : 1756446045693,
      "tn" : 1756446045693474499,
      "q" : "1",
      "p" : "0.1646",
      "s" : "sell",
      "i" : "YGGUSD-PERP",
      "m" : "4611686018429682815"
    }, {
      "d" : "1756446037076220366",
      "t" : 1756446037076,
      "tn" : 1756446037076220366,
      "q" : "1",
      "p" : "0.1646",
      "s" : "sell",
      "i" : "YGGUSD-PERP",
      "m" : "4611686018429682814"
    }, {
      "d" : "1756446033051324717",
      "t" : 1756446033051,
      "tn" : 1756446033051324717,
      "q" : "1",
      "p" : "0.1647",
      "s" : "sell",
      "i" : "YGGUSD-PERP",
      "m" : "4611686018429682813"
    }, {
      "d" : "1756446027056703363",
      "t" : 1756446027056,
      "tn" : 1756446027056703363,
      "q" : "1",
      "p" : "0.1647",
      "s" : "sell",
      "i" : "YGGUSD-PERP",
      "m" : "4611686018429682812"
    }, {
      "d" : "1756445880391744018",
      "t" : 1756445880391,
      "tn" : 1756445880391744018,
      "q" : "1",
      "p" : "0.1642",
      "s" : "sell",
      "i" : "YGGUSD-PERP",
      "m" : "4611686018429682811"
    }, {
      "d" : "1756445870362264457",
      "t" : 1756445870362,
      "tn" : 1756445870362264457,
      "q" : "1",
      "p" : "0.1642",
      "s" : "sell",
      "i" : "YGGUSD-PERP",
      "m" : "4611686018429682810"
    }, {
      "d" : "1756445860329190582",
      "t" : 1756445860329,
      "tn" : 1756445860329190582,
      "q" : "1",
      "p" : "0.1641",
      "s" : "sell",
      "i" : "YGGUSD-PERP",
      "m" : "4611686018429682809"
    }, {
      "d" : "1756445819174813681",
      "t" : 1756445819174,
      "tn" : 1756445819174813681,
      "q" : "1",
      "p" : "0.1642",
      "s" : "sell",
      "i" : "YGGUSD-PERP",
      "m" : "4611686018429682808"
    }, {
      "d" : "1756445782139098911",
      "t" : 1756445782139,
      "tn" : 1756445782139098911,
      "q" : "1",
      "p" : "0.1643",
      "s" : "sell",
      "i" : "YGGUSD-PERP",
      "m" : "4611686018429682807"
    }, {
      "d" : "1756445706855179249",
      "t" : 1756445706855,
      "tn" : 1756445706855179249,
      "q" : "1",
      "p" : "0.1645",
      "s" : "sell",
      "i" : "YGGUSD-PERP",
      "m" : "4611686018429682806"
    }, {
      "d" : "1756445696357628621",
      "t" : 1756445696357,
      "tn" : 1756445696357628621,
      "q" : "1",
      "p" : "0.1645",
      "s" : "sell",
      "i" : "YGGUSD-PERP",
      "m" : "4611686018429682805"
    }, {
      "d" : "1756445686333547829",
      "t" : 1756445686333,
      "tn" : 1756445686333547829,
      "q" : "1",
      "p" : "0.1645",
      "s" : "sell",
      "i" : "YGGUSD-PERP",
      "m" : "4611686018429682804"
    }, {
      "d" : "1756445656033237625",
      "t" : 1756445656033,
      "tn" : 1756445656033237625,
      "q" : "1",
      "p" : "0.1645",
      "s" : "sell",
      "i" : "YGGUSD-PERP",
      "m" : "4611686018429682803"
    }, {
      "d" : "1756445592264600241",
      "t" : 1756445592264,
      "tn" : 1756445592264600241,
      "q" : "1",
      "p" : "0.1645",
      "s" : "sell",
      "i" : "YGGUSD-PERP",
      "m" : "4611686018429682802"
    }, {
      "d" : "1756445582022235203",
      "t" : 1756445582022,
      "tn" : 1756445582022235203,
      "q" : "1",
      "p" : "0.1645",
      "s" : "sell",
      "i" : "YGGUSD-PERP",
      "m" : "4611686018429682801"
    }, {
      "d" : "1756445570929951022",
      "t" : 1756445570929,
      "tn" : 1756445570929951022,
      "q" : "1",
      "p" : "0.1645",
      "s" : "sell",
      "i" : "YGGUSD-PERP",
      "m" : "4611686018429682800"
    }, {
      "d" : "1756445560926292146",
      "t" : 1756445560926,
      "tn" : 1756445560926292146,
      "q" : "1",
      "p" : "0.1643",
      "s" : "sell",
      "i" : "YGGUSD-PERP",
      "m" : "4611686018429682799"
    }, {
      "d" : "1756445550895556653",
      "t" : 1756445550895,
      "tn" : 1756445550895556653,
      "q" : "1",
      "p" : "0.1644",
      "s" : "sell",
      "i" : "YGGUSD-PERP",
      "m" : "4611686018429682798"
    }, {
      "d" : "1756445348552999962",
      "t" : 1756445348552,
      "tn" : 1756445348552999962,
      "q" : "1",
      "p" : "0.1645",
      "s" : "sell",
      "i" : "YGGUSD-PERP",
      "m" : "4611686018429682797"
    }, {
      "d" : "1756445340248202907",
      "t" : 1756445340248,
      "tn" : 1756445340248202907,
      "q" : "1",
      "p" : "0.1644",
      "s" : "sell",
      "i" : "YGGUSD-PERP",
      "m" : "4611686018429682796"
    }, {
      "d" : "1756445330215949133",
      "t" : 1756445330215,
      "tn" : 1756445330215949133,
      "q" : "1",
      "p" : "0.1644",
      "s" : "sell",
      "i" : "YGGUSD-PERP",
      "m" : "4611686018429682795"
    }, {
      "d" : "1756445320183521170",
      "t" : 1756445320183,
      "tn" : 1756445320183521170,
      "q" : "1",
      "p" : "0.1644",
      "s" : "sell",
      "i" : "YGGUSD-PERP",
      "m" : "4611686018429682794"
    }, {
      "d" : "1756445310120878278",
      "t" : 1756445310120,
      "tn" : 1756445310120878278,
      "q" : "1",
      "p" : "0.1644",
      "s" : "sell",
      "i" : "YGGUSD-PERP",
      "m" : "4611686018429682793"
    }, {
      "d" : "1756445198245010274",
      "t" : 1756445198245,
      "tn" : 1756445198245010274,
      "q" : "1",
      "p" : "0.1644",
      "s" : "sell",
      "i" : "YGGUSD-PERP",
      "m" : "4611686018429682792"
    }, {
      "d" : "1756445188164056402",
      "t" : 1756445188164,
      "tn" : 1756445188164056402,
      "q" : "1",
      "p" : "0.1643",
      "s" : "sell",
      "i" : "YGGUSD-PERP",
      "m" : "4611686018429682791"
    }, {
      "d" : "1756445095201556417",
      "t" : 1756445095201,
      "tn" : 1756445095201556417,
      "q" : "1",
      "p" : "0.1644",
      "s" : "sell",
      "i" : "YGGUSD-PERP",
      "m" : "4611686018429682790"
    }, {
      "d" : "1756444936212943854",
      "t" : 1756444936212,
      "tn" : 1756444936212943854,
      "q" : "1",
      "p" : "0.1645",
      "s" : "sell",
      "i" : "YGGUSD-PERP",
      "m" : "4611686018429682789"
    }, {
      "d" : "1756444905474862129",
      "t" : 1756444905474,
      "tn" : 1756444905474862129,
      "q" : "1",
      "p" : "0.1645",
      "s" : "sell",
      "i" : "YGGUSD-PERP",
      "m" : "4611686018429682788"
    }, {
      "d" : "1756444835218805939",
      "t" : 1756444835218,
      "tn" : 1756444835218805939,
      "q" : "1",
      "p" : "0.1646",
      "s" : "sell",
      "i" : "YGGUSD-PERP",
      "m" : "4611686018429682787"
    }, {
      "d" : "1756444775706830825",
      "t" : 1756444775706,
      "tn" : 1756444775706830825,
      "q" : "1",
      "p" : "0.1645",
      "s" : "sell",
      "i" : "YGGUSD-PERP",
      "m" : "4611686018429682786"
    }, {
      "d" : "1756444758181284082",
      "t" : 1756444758181,
      "tn" : 1756444758181284082,
      "q" : "1",
      "p" : "0.1644",
      "s" : "sell",
      "i" : "YGGUSD-PERP",
      "m" : "4611686018429682785"
    }, {
      "d" : "1756444464075037814",
      "t" : 1756444464075,
      "tn" : 1756444464075037814,
      "q" : "1",
      "p" : "0.1649",
      "s" : "sell",
      "i" : "YGGUSD-PERP",
      "m" : "4611686018429682784"
    }, {
      "d" : "1756444463950173392",
      "t" : 1756444463950,
      "tn" : 1756444463950173392,
      "q" : "1",
      "p" : "0.1649",
      "s" : "sell",
      "i" : "YGGUSD-PERP",
      "m" : "4611686018429682783"
    }, {
      "d" : "1756444450714660616",
      "t" : 1756444450714,
      "tn" : 1756444450714660616,
      "q" : "1",
      "p" : "0.1649",
      "s" : "sell",
      "i" : "YGGUSD-PERP",
      "m" : "4611686018429682782"
    }, {
      "d" : "1756444440381524630",
      "t" : 1756444440381,
      "tn" : 1756444440381524630,
      "q" : "1",
      "p" : "0.1648",
      "s" : "sell",
      "i" : "YGGUSD-PERP",
      "m" : "4611686018429682781"
    }, {
      "d" : "1756444403792192840",
      "t" : 1756444403792,
      "tn" : 1756444403792192840,
      "q" : "1",
      "p" : "0.1649",
      "s" : "sell",
      "i" : "YGGUSD-PERP",
      "m" : "4611686018429682780"
    }, {
      "d" : "1756444227647286406",
      "t" : 1756444227647,
      "tn" : 1756444227647286406,
      "q" : "1",
      "p" : "0.1650",
      "s" : "sell",
      "i" : "YGGUSD-PERP",
      "m" : "4611686018429682779"
    }, {
      "d" : "1756444221883651374",
      "t" : 1756444221883,
      "tn" : 1756444221883651374,
      "q" : "1",
      "p" : "0.1650",
      "s" : "sell",
      "i" : "YGGUSD-PERP",
      "m" : "4611686018429682778"
    }, {
      "d" : "1756444208186677727",
      "t" : 1756444208186,
      "tn" : 1756444208186677727,
      "q" : "1",
      "p" : "0.1650",
      "s" : "sell",
      "i" : "YGGUSD-PERP",
      "m" : "4611686018429682777"
    }, {
      "d" : "1756444166052972712",
      "t" : 1756444166052,
      "tn" : 1756444166052972712,
      "q" : "1",
      "p" : "0.1650",
      "s" : "sell",
      "i" : "YGGUSD-PERP",
      "m" : "4611686018429682776"
    }, {
      "d" : "1756444024680400826",
      "t" : 1756444024680,
      "tn" : 1756444024680400826,
      "q" : "1",
      "p" : "0.1648",
      "s" : "sell",
      "i" : "YGGUSD-PERP",
      "m" : "4611686018429682775"
    }, {
      "d" : "1756443915004682360",
      "t" : 1756443915004,
      "tn" : 1756443915004682360,
      "q" : "1",
      "p" : "0.1647",
      "s" : "sell",
      "i" : "YGGUSD-PERP",
      "m" : "4611686018429682774"
    }, {
      "d" : "1756443679744416828",
      "t" : 1756443679744,
      "tn" : 1756443679744416828,
      "q" : "1",
      "p" : "0.1649",
      "s" : "sell",
      "i" : "YGGUSD-PERP",
      "m" : "4611686018429682773"
    }, {
      "d" : "1756443662701442877",
      "t" : 1756443662701,
      "tn" : 1756443662701442877,
      "q" : "1",
      "p" : "0.1648",
      "s" : "sell",
      "i" : "YGGUSD-PERP",
      "m" : "4611686018429682772"
    }, {
      "d" : "1756443643274679130",
      "t" : 1756443643274,
      "tn" : 1756443643274679130,
      "q" : "1",
      "p" : "0.1648",
      "s" : "sell",
      "i" : "YGGUSD-PERP",
      "m" : "4611686018429682771"
    }, {
      "d" : "1756443569537656365",
      "t" : 1756443569537,
      "tn" : 1756443569537656365,
      "q" : "1",
      "p" : "0.1648",
      "s" : "sell",
      "i" : "YGGUSD-PERP",
      "m" : "4611686018429682770"
    }, {
      "d" : "1756443443797254328",
      "t" : 1756443443797,
      "tn" : 1756443443797254328,
      "q" : "1",
      "p" : "0.1645",
      "s" : "sell",
      "i" : "YGGUSD-PERP",
      "m" : "4611686018429682769"
    }, {
      "d" : "1756443265057522407",
      "t" : 1756443265057,
      "tn" : 1756443265057522407,
      "q" : "1",
      "p" : "0.1651",
      "s" : "sell",
      "i" : "YGGUSD-PERP",
      "m" : "4611686018429682768"
    }, {
      "d" : "1756443170143656281",
      "t" : 1756443170143,
      "tn" : 1756443170143656281,
      "q" : "1",
      "p" : "0.1655",
      "s" : "sell",
      "i" : "YGGUSD-PERP",
      "m" : "4611686018429682767"
    }, {
      "d" : "1756443138741717251",
      "t" : 1756443138741,
      "tn" : 1756443138741717251,
      "q" : "1",
      "p" : "0.1656",
      "s" : "sell",
      "i" : "YGGUSD-PERP",
      "m" : "4611686018429682766"
    }, {
      "d" : "1756443068872576774",
      "t" : 1756443068872,
      "tn" : 1756443068872576774,
      "q" : "1",
      "p" : "0.1657",
      "s" : "sell",
      "i" : "YGGUSD-PERP",
      "m" : "4611686018429682765"
    }, {
      "d" : "1756443064823926868",
      "t" : 1756443064823,
      "tn" : 1756443064823926868,
      "q" : "1",
      "p" : "0.1658",
      "s" : "sell",
      "i" : "YGGUSD-PERP",
      "m" : "4611686018429682764"
    }, {
      "d" : "1756443058832824027",
      "t" : 1756443058832,
      "tn" : 1756443058832824027,
      "q" : "1",
      "p" : "0.1658",
      "s" : "sell",
      "i" : "YGGUSD-PERP",
      "m" : "4611686018429682763"
    }, {
      "d" : "1756443054820864347",
      "t" : 1756443054820,
      "tn" : 1756443054820864347,
      "q" : "1",
      "p" : "0.1658",
      "s" : "sell",
      "i" : "YGGUSD-PERP",
      "m" : "4611686018429682762"
    }, {
      "d" : "1756443048803426909",
      "t" : 1756443048803,
      "tn" : 1756443048803426909,
      "q" : "1",
      "p" : "0.1658",
      "s" : "sell",
      "i" : "YGGUSD-PERP",
      "m" : "4611686018429682761"
    }, {
      "d" : "1756443044790973656",
      "t" : 1756443044790,
      "tn" : 1756443044790973656,
      "q" : "1",
      "p" : "0.1658",
      "s" : "sell",
      "i" : "YGGUSD-PERP",
      "m" : "4611686018429682760"
    }, {
      "d" : "1756443038764329339",
      "t" : 1756443038764,
      "tn" : 1756443038764329339,
      "q" : "1",
      "p" : "0.1658",
      "s" : "sell",
      "i" : "YGGUSD-PERP",
      "m" : "4611686018429682759"
    }, {
      "d" : "1756443034786469306",
      "t" : 1756443034786,
      "tn" : 1756443034786469306,
      "q" : "1",
      "p" : "0.1658",
      "s" : "sell",
      "i" : "YGGUSD-PERP",
      "m" : "4611686018429682758"
    }, {
      "d" : "1756443024761072307",
      "t" : 1756443024761,
      "tn" : 1756443024761072307,
      "q" : "1",
      "p" : "0.1658",
      "s" : "sell",
      "i" : "YGGUSD-PERP",
      "m" : "4611686018429682757"
    }, {
      "d" : "1756443014734115680",
      "t" : 1756443014734,
      "tn" : 1756443014734115680,
      "q" : "1",
      "p" : "0.1658",
      "s" : "sell",
      "i" : "YGGUSD-PERP",
      "m" : "4611686018429682756"
    }, {
      "d" : "1756443000101975065",
      "t" : 1756443000101,
      "tn" : 1756443000101975065,
      "q" : "1",
      "p" : "0.1658",
      "s" : "sell",
      "i" : "YGGUSD-PERP",
      "m" : "4611686018429682755"
    }, {
      "d" : "1756442990053361798",
      "t" : 1756442990053,
      "tn" : 1756442990053361798,
      "q" : "1",
      "p" : "0.1658",
      "s" : "sell",
      "i" : "YGGUSD-PERP",
      "m" : "4611686018429682754"
    }, {
      "d" : "1756442980028819524",
      "t" : 1756442980028,
      "tn" : 1756442980028819524,
      "q" : "1",
      "p" : "0.1658",
      "s" : "sell",
      "i" : "YGGUSD-PERP",
      "m" : "4611686018429682753"
    }, {
      "d" : "1756442945357552824",
      "t" : 1756442945357,
      "tn" : 1756442945357552824,
      "q" : "1",
      "p" : "0.1658",
      "s" : "sell",
      "i" : "YGGUSD-PERP",
      "m" : "4611686018429682752"
    }, {
      "d" : "1756442935344818630",
      "t" : 1756442935344,
      "tn" : 1756442935344818630,
      "q" : "1",
      "p" : "0.1658",
      "s" : "sell",
      "i" : "YGGUSD-PERP",
      "m" : "4611686018429682751"
    }, {
      "d" : "1756442925291523814",
      "t" : 1756442925291,
      "tn" : 1756442925291523814,
      "q" : "1",
      "p" : "0.1658",
      "s" : "sell",
      "i" : "YGGUSD-PERP",
      "m" : "4611686018429682750"
    }, {
      "d" : "1756442910335771596",
      "t" : 1756442910335,
      "tn" : 1756442910335771596,
      "q" : "1",
      "p" : "0.1659",
      "s" : "sell",
      "i" : "YGGUSD-PERP",
      "m" : "4611686018429682749"
    }, {
      "d" : "1756442910088371616",
      "t" : 1756442910088,
      "tn" : 1756442910088371616,
      "q" : "1",
      "p" : "0.1659",
      "s" : "sell",
      "i" : "YGGUSD-PERP",
      "m" : "4611686018429682748"
    }, {
      "d" : "1756442807165521550",
      "t" : 1756442807165,
      "tn" : 1756442807165521550,
      "q" : "1",
      "p" : "0.1661",
      "s" : "sell",
      "i" : "YGGUSD-PERP",
      "m" : "4611686018429682747"
    }, {
      "d" : "1756442783133260441",
      "t" : 1756442783133,
      "tn" : 1756442783133260441,
      "q" : "1",
      "p" : "0.1661",
      "s" : "sell",
      "i" : "YGGUSD-PERP",
      "m" : "4611686018429682746"
    }, {
      "d" : "1756442283865816215",
      "t" : 1756442283865,
      "tn" : 1756442283865816215,
      "q" : "1",
      "p" : "0.1660",
      "s" : "sell",
      "i" : "YGGUSD-PERP",
      "m" : "4611686018429682745"
    }, {
      "d" : "1756442191508120569",
      "t" : 1756442191508,
      "tn" : 1756442191508120569,
      "q" : "1",
      "p" : "0.1661",
      "s" : "sell",
      "i" : "YGGUSD-PERP",
      "m" : "4611686018429682744"
    }, {
      "d" : "1756442163884536125",
      "t" : 1756442163884,
      "tn" : 1756442163884536125,
      "q" : "1",
      "p" : "0.1663",
      "s" : "sell",
      "i" : "YGGUSD-PERP",
      "m" : "4611686018429682743"
    }, {
      "d" : "1756442098201173293",
      "t" : 1756442098201,
      "tn" : 1756442098201173293,
      "q" : "1",
      "p" : "0.1662",
      "s" : "sell",
      "i" : "YGGUSD-PERP",
      "m" : "4611686018429682742"
    }, {
      "d" : "1756442098077746484",
      "t" : 1756442098077,
      "tn" : 1756442098077746484,
      "q" : "1",
      "p" : "0.1662",
      "s" : "sell",
      "i" : "YGGUSD-PERP",
      "m" : "4611686018429682741"
    }, {
      "d" : "1756442008725246467",
      "t" : 1756442008725,
      "tn" : 1756442008725246467,
      "q" : "1",
      "p" : "0.1666",
      "s" : "sell",
      "i" : "YGGUSD-PERP",
      "m" : "4611686018429682740"
    }, {
      "d" : "1756442007985490214",
      "t" : 1756442007985,
      "tn" : 1756442007985490214,
      "q" : "1",
      "p" : "0.1666",
      "s" : "sell",
      "i" : "YGGUSD-PERP",
      "m" : "4611686018429682739"
    }, {
      "d" : "1756441997937723766",
      "t" : 1756441997937,
      "tn" : 1756441997937723766,
      "q" : "1",
      "p" : "0.1666",
      "s" : "sell",
      "i" : "YGGUSD-PERP",
      "m" : "4611686018429682738"
    }, {
      "d" : "1756441987879808117",
      "t" : 1756441987879,
      "tn" : 1756441987879808117,
      "q" : "1",
      "p" : "0.1665",
      "s" : "sell",
      "i" : "YGGUSD-PERP",
      "m" : "4611686018429682737"
    }, {
      "d" : "1756441977864336666",
      "t" : 1756441977864,
      "tn" : 1756441977864336666,
      "q" : "1",
      "p" : "0.1666",
      "s" : "sell",
      "i" : "YGGUSD-PERP",
      "m" : "4611686018429682736"
    }, {
      "d" : "1756441967831730215",
      "t" : 1756441967831,
      "tn" : 1756441967831730215,
      "q" : "1",
      "p" : "0.1666",
      "s" : "sell",
      "i" : "YGGUSD-PERP",
      "m" : "4611686018429682735"
    }, {
      "d" : "1756441957788369323",
      "t" : 1756441957788,
      "tn" : 1756441957788369323,
      "q" : "1",
      "p" : "0.1666",
      "s" : "sell",
      "i" : "YGGUSD-PERP",
      "m" : "4611686018429682734"
    }, {
      "d" : "1756441799133484309",
      "t" : 1756441799133,
      "tn" : 1756441799133484309,
      "q" : "1",
      "p" : "0.1671",
      "s" : "sell",
      "i" : "YGGUSD-PERP",
      "m" : "4611686018429682733"
    }, {
      "d" : "1756441699319446831",
      "t" : 1756441699319,
      "tn" : 1756441699319446831,
      "q" : "1",
      "p" : "0.1671",
      "s" : "sell",
      "i" : "YGGUSD-PERP",
      "m" : "4611686018429682732"
    }, {
      "d" : "1756441694419883003",
      "t" : 1756441694419,
      "tn" : 1756441694419883003,
      "q" : "1",
      "p" : "0.1671",
      "s" : "sell",
      "i" : "YGGUSD-PERP",
      "m" : "4611686018429682731"
    }, {
      "d" : "1756441689274535755",
      "t" : 1756441689274,
      "tn" : 1756441689274535755,
      "q" : "1",
      "p" : "0.1669",
      "s" : "sell",
      "i" : "YGGUSD-PERP",
      "m" : "4611686018429682730"
    }, {
      "d" : "1756441679260050652",
      "t" : 1756441679260,
      "tn" : 1756441679260050652,
      "q" : "1",
      "p" : "0.1669",
      "s" : "sell",
      "i" : "YGGUSD-PERP",
      "m" : "4611686018429682729"
    }, {
      "d" : "1756441666584376420",
      "t" : 1756441666584,
      "tn" : 1756441666584376420,
      "q" : "1",
      "p" : "0.1669",
      "s" : "sell",
      "i" : "YGGUSD-PERP",
      "m" : "4611686018429682728"
    }, {
      "d" : "1756441613714964409",
      "t" : 1756441613714,
      "tn" : 1756441613714964409,
      "q" : "1",
      "p" : "0.1669",
      "s" : "sell",
      "i" : "YGGUSD-PERP",
      "m" : "4611686018429682727"
    }, {
      "d" : "1756441601585258014",
      "t" : 1756441601585,
      "tn" : 1756441601585258014,
      "q" : "1",
      "p" : "0.1668",
      "s" : "sell",
      "i" : "YGGUSD-PERP",
      "m" : "4611686018429682726"
    }, {
      "d" : "1756441598554406667",
      "t" : 1756441598554,
      "tn" : 1756441598554406667,
      "q" : "1",
      "p" : "0.1668",
      "s" : "sell",
      "i" : "YGGUSD-PERP",
      "m" : "4611686018429682725"
    } ]
  }
}