{
  "id" : -1,
  "method" : "public/get-trades",
  "code" : 0,
  "result" : {
    "data" : [ {
      "d" : "1756460019030142824",
      "t" : 1756460019030,
      "tn" : 1756460019030142824,
      "q" : "234.7",
      "p" : "0.5325",
      "s" : "buy",
      "i" : "YZY_USD",
      "m" : "4611686018427394144"
    }, {
      "d" : "1756459979133530339",
      "t" : 1756459979133,
      "tn" : 1756459979133530339,
      "q" : "86.5",
      "p" : "0.5324",
      "s" : "buy",
      "i" : "YZY_USD",
      "m" : "4611686018427394143"
    }, {
      "d" : "1756459978848615574",
      "t" : 1756459978848,
      "tn" : 1756459978848615574,
      "q" : "86.5",
      "p" : "0.5324",
      "s" : "buy",
      "i" : "YZY_USD",
      "m" : "4611686018427394142"
    }, {
      "d" : "1756459683633138468",
      "t" : 1756459683633,
      "tn" : 1756459683633138468,
      "q" : "234.8",
      "p" : "0.5323",
      "s" : "buy",
      "i" : "YZY_USD",
      "m" : "4611686018427394141"
    }, {
      "d" : "1756459682950900658",
      "t" : 1756459682950,
      "tn" : 1756459682950900658,
      "q" : "235.0",
      "p" : "0.5319",
      "s" : "buy",
      "i" : "YZY_USD",
      "m" : "4611686018427394140"
    }, {
      "d" : "1756459543132262720",
      "t" : 1756459543132,
      "tn" : 1756459543132262720,
      "q" : "234.4",
      "p" : "0.5331",
      "s" : "buy",
      "i" : "YZY_USD",
      "m" : "4611686018427394139"
    }, {
      "d" : "1756459478922487623",
      "t" : 1756459478922,
      "tn" : 1756459478922487623,
      "q" : "233.9",
      "p" : "0.5343",
      "s" : "buy",
      "i" : "YZY_USD",
      "m" : "4611686018427394138"
    }, {
      "d" : "1756459329292014498",
      "t" : 1756459329292,
      "tn" : 1756459329292014498,
      "q" : "235.5",
      "p" : "0.5306",
      "s" : "sell",
      "i" : "YZY_USD",
      "m" : "4611686018427394137"
    }, {
      "d" : "1756459328288694953",
      "t" : 1756459328288,
      "tn" : 1756459328288694953,
      "q" : "235.5",
      "p" : "0.5306",
      "s" : "sell",
      "i" : "YZY_USD",
      "m" : "4611686018427394136"
    }, {
      "d" : "1756459326816691671",
      "t" : 1756459326816,
      "tn" : 1756459326816691671,
      "q" : "235.5",
      "p" : "0.5306",
      "s" : "sell",
      "i" : "YZY_USD",
      "m" : "4611686018427394135"
    }, {
      "d" : "1756459325803723979",
      "t" : 1756459325803,
      "tn" : 1756459325803723979,
      "q" : "235.5",
      "p" : "0.5306",
      "s" : "sell",
      "i" : "YZY_USD",
      "m" : "4611686018427394134"
    }, {
      "d" : "1756459320692832810",
      "t" : 1756459320692,
      "tn" : 1756459320692832810,
      "q" : "461.0",
      "p" : "0.5333",
      "s" : "buy",
      "i" : "YZY_USD",
      "m" : "4611686018427394133"
    }, {
      "d" : "1756458572095023043",
      "t" : 1756458572095,
      "tn" : 1756458572095023043,
      "q" : "231.0",
      "p" : "0.5295",
      "s" : "buy",
      "i" : "YZY_USD",
      "m" : "4611686018427394132"
    }, {
      "d" : "1756458572089649290",
      "t" : 1756458572089,
      "tn" : 1756458572089649290,
      "q" : "236.0",
      "p" : "0.5295",
      "s" : "sell",
      "i" : "YZY_USD",
      "m" : "4611686018427394131"
    }, {
      "d" : "1756452949604679803",
      "t" : 1756452949604,
      "tn" : 1756452949604679803,
      "q" : "393.7",
      "p" : "0.5367",
      "s" : "buy",
      "i" : "YZY_USD",
      "m" : "4611686018427394130"
    }, {
      "d" : "1756450813634790907",
      "t" : 1756450813634,
      "tn" : 1756450813634790907,
      "q" : "32.4",
      "p" : "0.5343",
      "s" : "buy",
      "i" : "YZY_USD",
      "m" : "4611686018427394129"
    }, {
      "d" : "1756450645897859386",
      "t" : 1756450645897,
      "tn" : 1756450645897859386,
      "q" : "287.1",
      "p" : "0.5301",
      "s" : "sell",
      "i" : "YZY_USD",
      "m" : "4611686018427394128"
    }, {
      "d" : "1756450645897148633",
      "t" : 1756450645897,
      "tn" : 1756450645897148633,
      "q" : "95.7",
      "p" : "0.5301",
      "s" : "sell",
      "i" : "YZY_USD",
      "m" : "4611686018427394127"
    }, {
      "d" : "1756450618470311098",
      "t" : 1756450618470,
      "tn" : 1756450618470311098,
      "q" : "95.8",
      "p" : "0.5297",
      "s" : "sell",
      "i" : "YZY_USD",
      "m" : "4611686018427394126"
    }, {
      "d" : "1756450618469805495",
      "t" : 1756450618469,
      "tn" : 1756450618469805495,
      "q" : "174.2",
      "p" : "0.5297",
      "s" : "sell",
      "i" : "YZY_USD",
      "m" : "4611686018427394125"
    }, {
      "d" : "1756450618469566605",
      "t" : 1756450618469,
      "tn" : 1756450618469566605,
      "q" : "112.8",
      "p" : "0.5297",
      "s" : "sell",
      "i" : "YZY_USD",
      "m" : "4611686018427394124"
    }, {
      "d" : "1756429746116630471",
      "t" : 1756429746116,
      "tn" : 1756429746116630470,
      "q" : "237.6",
      "p" : "0.5344",
      "s" : "buy",
      "i" : "YZY_USD",
      "m" : "4611686018427394123"
    }, {
      "d" : "1756429746116630470",
      "t" : 1756429746116,
      "tn" : 1756429746116630470,
      "q" : "233.9",
      "p" : "0.5344",
      "s" : "buy",
      "i" : "YZY_USD",
      "m" : "4611686018427394123"
    }, {
      "d" : "1756424409508633499",
      "t" : 1756424409508,
      "tn" : 1756424409508633499,
      "q" : "25.5",
      "p" : "0.5381",
      "s" : "buy",
      "i" : "YZY_USD",
      "m" : "4611686018427394122"
    }, {
      "d" : "1756414011316873442",
      "t" : 1756414011316,
      "tn" : 1756414011316873442,
      "q" : "49.0",
      "p" : "0.5335",
      "s" : "buy",
      "i" : "YZY_USD",
      "m" : "4611686018427394121"
    }, {
      "d" : "1756414011297277099",
      "t" : 1756414011297,
      "tn" : 1756414011297277099,
      "q" : "70.0",
      "p" : "0.5335",
      "s" : "buy",
      "i" : "YZY_USD",
      "m" : "4611686018427394120"
    }, {
      "d" : "1756414010291510183",
      "t" : 1756414010291,
      "tn" : 1756414010291510183,
      "q" : "70.0",
      "p" : "0.5335",
      "s" : "buy",
      "i" : "YZY_USD",
      "m" : "4611686018427394119"
    }, {
      "d" : "1756414010290492748",
      "t" : 1756414010290,
      "tn" : 1756414010290492748,
      "q" : "70.0",
      "p" : "0.5335",
      "s" : "buy",
      "i" : "YZY_USD",
      "m" : "4611686018427394118"
    }, {
      "d" : "1756414009552375041",
      "t" : 1756414009552,
      "tn" : 1756414009552375041,
      "q" : "49.0",
      "p" : "0.5335",
      "s" : "buy",
      "i" : "YZY_USD",
      "m" : "4611686018427394117"
    }, {
      "d" : "1756414009294915966",
      "t" : 1756414009294,
      "tn" : 1756414009294915966,
      "q" : "70.0",
      "p" : "0.5335",
      "s" : "buy",
      "i" : "YZY_USD",
      "m" : "4611686018427394116"
    }, {
      "d" : "1756414008300132005",
      "t" : 1756414008300,
      "tn" : 1756414008300132005,
      "q" : "70.0",
      "p" : "0.5335",
      "s" : "buy",
      "i" : "YZY_USD",
      "m" : "4611686018427394115"
    }, {
      "d" : "1756414008293965495",
      "t" : 1756414008293,
      "tn" : 1756414008293965495,
      "q" : "70.0",
      "p" : "0.5335",
      "s" : "buy",
      "i" : "YZY_USD",
      "m" : "4611686018427394114"
    }, {
      "d" : "1756414007420852480",
      "t" : 1756414007420,
      "tn" : 1756414007420852480,
      "q" : "49.0",
      "p" : "0.5335",
      "s" : "buy",
      "i" : "YZY_USD",
      "m" : "4611686018427394113"
    }, {
      "d" : "1756414007291565043",
      "t" : 1756414007291,
      "tn" : 1756414007291565043,
      "q" : "70.0",
      "p" : "0.5335",
      "s" : "buy",
      "i" : "YZY_USD",
      "m" : "4611686018427394112"
    }, {
      "d" : "1756414006317553987",
      "t" : 1756414006317,
      "tn" : 1756414006317553987,
      "q" : "49.0",
      "p" : "0.5335",
      "s" : "buy",
      "i" : "YZY_USD",
      "m" : "4611686018427394111"
    }, {
      "d" : "1756414006294939436",
      "t" : 1756414006294,
      "tn" : 1756414006294939436,
      "q" : "70.0",
      "p" : "0.5335",
      "s" : "buy",
      "i" : "YZY_USD",
      "m" : "4611686018427394110"
    }, {
      "d" : "1756414005312804296",
      "t" : 1756414005312,
      "tn" : 1756414005312804296,
      "q" : "49.0",
      "p" : "0.5335",
      "s" : "buy",
      "i" : "YZY_USD",
      "m" : "4611686018427394109"
    }, {
      "d" : "1756414005298230235",
      "t" : 1756414005298,
      "tn" : 1756414005298230235,
      "q" : "70.0",
      "p" : "0.5335",
      "s" : "buy",
      "i" : "YZY_USD",
      "m" : "4611686018427394108"
    }, {
      "d" : "1756414004493224026",
      "t" : 1756414004493,
      "tn" : 1756414004493224026,
      "q" : "54.0",
      "p" : "0.5335",
      "s" : "buy",
      "i" : "YZY_USD",
      "m" : "4611686018427394107"
    }, {
      "d" : "1756414004493103794",
      "t" : 1756414004493,
      "tn" : 1756414004493103794,
      "q" : "70.0",
      "p" : "0.5335",
      "s" : "buy",
      "i" : "YZY_USD",
      "m" : "4611686018427394106"
    }, {
      "d" : "1756414004491074064",
      "t" : 1756414004491,
      "tn" : 1756414004491074064,
      "q" : "70.0",
      "p" : "0.5335",
      "s" : "buy",
      "i" : "YZY_USD",
      "m" : "4611686018427394105"
    }, {
      "d" : "1756412839460125802",
      "t" : 1756412839460,
      "tn" : 1756412839460125802,
      "q" : "235.3",
      "p" : "0.5312",
      "s" : "buy",
      "i" : "YZY_USD",
      "m" : "4611686018427394104"
    }, {
      "d" : "1756411814007404171",
      "t" : 1756411814007,
      "tn" : 1756411814007404171,
      "q" : "237.9",
      "p" : "0.5254",
      "s" : "buy",
      "i" : "YZY_USD",
      "m" : "4611686018427394103"
    }, {
      "d" : "1756410700160561194",
      "t" : 1756410700160,
      "tn" : 1756410700160561194,
      "q" : "26.1",
      "p" : "0.5242",
      "s" : "sell",
      "i" : "YZY_USD",
      "m" : "4611686018427394102"
    }, {
      "d" : "1756408497349517523",
      "t" : 1756408497349,
      "tn" : 1756408497349517523,
      "q" : "766.1",
      "p" : "0.5287",
      "s" : "buy",
      "i" : "YZY_USD",
      "m" : "4611686018427394101"
    }, {
      "d" : "1756407999477963507",
      "t" : 1756407999477,
      "tn" : 1756407999477963507,
      "q" : "235.8",
      "p" : "0.5300",
      "s" : "buy",
      "i" : "YZY_USD",
      "m" : "4611686018427394100"
    }, {
      "d" : "1756400134914133826",
      "t" : 1756400134914,
      "tn" : 1756400134914133826,
      "q" : "26.1",
      "p" : "0.5331",
      "s" : "sell",
      "i" : "YZY_USD",
      "m" : "4611686018427394099"
    }, {
      "d" : "1756399569289273347",
      "t" : 1756399569289,
      "tn" : 1756399569289273347,
      "q" : "231.4",
      "p" : "0.5401",
      "s" : "buy",
      "i" : "YZY_USD",
      "m" : "4611686018427394098"
    }, {
      "d" : "1756397983231408399",
      "t" : 1756397983231,
      "tn" : 1756397983231408399,
      "q" : "182.8",
      "p" : "0.5397",
      "s" : "sell",
      "i" : "YZY_USD",
      "m" : "4611686018427394097"
    }, {
      "d" : "1756397974633049760",
      "t" : 1756397974633,
      "tn" : 1756397974633049760,
      "q" : "197.3",
      "p" : "0.5397",
      "s" : "sell",
      "i" : "YZY_USD",
      "m" : "4611686018427394096"
    }, {
      "d" : "1756397969232008868",
      "t" : 1756397969232,
      "tn" : 1756397969232008868,
      "q" : "231.6",
      "p" : "0.5397",
      "s" : "sell",
      "i" : "YZY_USD",
      "m" : "4611686018427394095"
    }, {
      "d" : "1756397907315932158",
      "t" : 1756397907315,
      "tn" : 1756397907315932158,
      "q" : "47.2",
      "p" : "0.5384",
      "s" : "sell",
      "i" : "YZY_USD",
      "m" : "4611686018427394094"
    }, {
      "d" : "1756397898711903673",
      "t" : 1756397898711,
      "tn" : 1756397898711903673,
      "q" : "232.1",
      "p" : "0.5384",
      "s" : "sell",
      "i" : "YZY_USD",
      "m" : "4611686018427394093"
    }, {
      "d" : "1756397891889838621",
      "t" : 1756397891889,
      "tn" : 1756397891889838621,
      "q" : "232.1",
      "p" : "0.5384",
      "s" : "sell",
      "i" : "YZY_USD",
      "m" : "4611686018427394092"
    }, {
      "d" : "1756397886293052584",
      "t" : 1756397886293,
      "tn" : 1756397886293052584,
      "q" : "232.7",
      "p" : "0.5371",
      "s" : "sell",
      "i" : "YZY_USD",
      "m" : "4611686018427394091"
    }, {
      "d" : "1756397884503617983",
      "t" : 1756397884503,
      "tn" : 1756397884503617983,
      "q" : "232.7",
      "p" : "0.5371",
      "s" : "sell",
      "i" : "YZY_USD",
      "m" : "4611686018427394090"
    }, {
      "d" : "1756397763052288706",
      "t" : 1756397763052,
      "tn" : 1756397763052288706,
      "q" : "24.9",
      "p" : "0.5361",
      "s" : "sell",
      "i" : "YZY_USD",
      "m" : "4611686018427394089"
    }, {
      "d" : "1756394813753216045",
      "t" : 1756394813753,
      "tn" : 1756394813753216045,
      "q" : "230.3",
      "p" : "0.5426",
      "s" : "buy",
      "i" : "YZY_USD",
      "m" : "4611686018427394088"
    }, {
      "d" : "1756394139646699167",
      "t" : 1756394139646,
      "tn" : 1756394139646699167,
      "q" : "231.1",
      "p" : "0.5406",
      "s" : "sell",
      "i" : "YZY_USD",
      "m" : "4611686018427394087"
    }, {
      "d" : "1756390805462796182",
      "t" : 1756390805462,
      "tn" : 1756390805462796182,
      "q" : "18.1",
      "p" : "0.5400",
      "s" : "sell",
      "i" : "YZY_USD",
      "m" : "4611686018427394086"
    }, {
      "d" : "1756390299102084161",
      "t" : 1756390299102,
      "tn" : 1756390299102084161,
      "q" : "115.1",
      "p" : "0.5411",
      "s" : "sell",
      "i" : "YZY_USD",
      "m" : "4611686018427394085"
    }, {
      "d" : "1756390299102082567",
      "t" : 1756390299102,
      "tn" : 1756390299102082567,
      "q" : "18.1",
      "p" : "0.5414",
      "s" : "sell",
      "i" : "YZY_USD",
      "m" : "4611686018427394084"
    }, {
      "d" : "1756389896465760810",
      "t" : 1756389896465,
      "tn" : 1756389896465760810,
      "q" : "126.5",
      "p" : "0.5433",
      "s" : "buy",
      "i" : "YZY_USD",
      "m" : "4611686018427394083"
    }, {
      "d" : "1756389885346375501",
      "t" : 1756389885346,
      "tn" : 1756389885346375501,
      "q" : "209.3",
      "p" : "0.5441",
      "s" : "buy",
      "i" : "YZY_USD",
      "m" : "4611686018427394082"
    }, {
      "d" : "1756389884986096203",
      "t" : 1756389884986,
      "tn" : 1756389884986096203,
      "q" : "20.4",
      "p" : "0.5441",
      "s" : "buy",
      "i" : "YZY_USD",
      "m" : "4611686018427394081"
    }, {
      "d" : "1756389425289599811",
      "t" : 1756389425289,
      "tn" : 1756389425289599811,
      "q" : "229.1",
      "p" : "0.5456",
      "s" : "buy",
      "i" : "YZY_USD",
      "m" : "4611686018427394080"
    }, {
      "d" : "1756389424281838045",
      "t" : 1756389424281,
      "tn" : 1756389424281838045,
      "q" : "229.1",
      "p" : "0.5456",
      "s" : "buy",
      "i" : "YZY_USD",
      "m" : "4611686018427394079"
    }, {
      "d" : "1756389256364929840",
      "t" : 1756389256364,
      "tn" : 1756389256364929840,
      "q" : "92.0",
      "p" : "0.5418",
      "s" : "sell",
      "i" : "YZY_USD",
      "m" : "4611686018427394078"
    }, {
      "d" : "1756389256271673708",
      "t" : 1756389256271,
      "tn" : 1756389256271673708,
      "q" : "92.0",
      "p" : "0.5418",
      "s" : "sell",
      "i" : "YZY_USD",
      "m" : "4611686018427394077"
    }, {
      "d" : "1756387929463465395",
      "t" : 1756387929463,
      "tn" : 1756387929463465395,
      "q" : "225.4",
      "p" : "0.5467",
      "s" : "sell",
      "i" : "YZY_USD",
      "m" : "4611686018427394076"
    }, {
      "d" : "1756387928282639353",
      "t" : 1756387928282,
      "tn" : 1756387928282639353,
      "q" : "228.6",
      "p" : "0.5467",
      "s" : "sell",
      "i" : "YZY_USD",
      "m" : "4611686018427394075"
    }, {
      "d" : "1756387835633278122",
      "t" : 1756387835633,
      "tn" : 1756387835633278122,
      "q" : "226.8",
      "p" : "0.5510",
      "s" : "buy",
      "i" : "YZY_USD",
      "m" : "4611686018427394074"
    }, {
      "d" : "1756387835205062090",
      "t" : 1756387835205,
      "tn" : 1756387835205062090,
      "q" : "227.1",
      "p" : "0.5503",
      "s" : "buy",
      "i" : "YZY_USD",
      "m" : "4611686018427394073"
    }, {
      "d" : "1756385829946387856",
      "t" : 1756385829946,
      "tn" : 1756385829946387856,
      "q" : "150.0",
      "p" : "0.5561",
      "s" : "buy",
      "i" : "YZY_USD",
      "m" : "4611686018427394072"
    }, {
      "d" : "1756385789609824854",
      "t" : 1756385789609,
      "tn" : 1756385789609824854,
      "q" : "74.7",
      "p" : "0.5561",
      "s" : "buy",
      "i" : "YZY_USD",
      "m" : "4611686018427394071"
    }, {
      "d" : "1756385765606081002",
      "t" : 1756385765606,
      "tn" : 1756385765606081002,
      "q" : "224.9",
      "p" : "0.5556",
      "s" : "buy",
      "i" : "YZY_USD",
      "m" : "4611686018427394070"
    }, {
      "d" : "1756385749639573740",
      "t" : 1756385749639,
      "tn" : 1756385749639573740,
      "q" : "224.9",
      "p" : "0.5556",
      "s" : "buy",
      "i" : "YZY_USD",
      "m" : "4611686018427394069"
    }, {
      "d" : "1756385749229212171",
      "t" : 1756385749229,
      "tn" : 1756385749229212171,
      "q" : "224.9",
      "p" : "0.5556",
      "s" : "buy",
      "i" : "YZY_USD",
      "m" : "4611686018427394068"
    }, {
      "d" : "1756385747705847266",
      "t" : 1756385747705,
      "tn" : 1756385747705847266,
      "q" : "224.9",
      "p" : "0.5556",
      "s" : "buy",
      "i" : "YZY_USD",
      "m" : "4611686018427394067"
    }, {
      "d" : "1756385727414835690",
      "t" : 1756385727414,
      "tn" : 1756385727414835690,
      "q" : "224.9",
      "p" : "0.5556",
      "s" : "buy",
      "i" : "YZY_USD",
      "m" : "4611686018427394066"
    }, {
      "d" : "1756385726777207946",
      "t" : 1756385726777,
      "tn" : 1756385726777207946,
      "q" : "224.9",
      "p" : "0.5556",
      "s" : "buy",
      "i" : "YZY_USD",
      "m" : "4611686018427394065"
    }, {
      "d" : "1756385724471682840",
      "t" : 1756385724471,
      "tn" : 1756385724471682840,
      "q" : "224.9",
      "p" : "0.5556",
      "s" : "buy",
      "i" : "YZY_USD",
      "m" : "4611686018427394064"
    }, {
      "d" : "1756385723505977210",
      "t" : 1756385723505,
      "tn" : 1756385723505977210,
      "q" : "224.9",
      "p" : "0.5556",
      "s" : "buy",
      "i" : "YZY_USD",
      "m" : "4611686018427394063"
    }, {
      "d" : "1756381741294797702",
      "t" : 1756381741294,
      "tn" : 1756381741294797702,
      "q" : "110.4",
      "p" : "0.5534",
      "s" : "sell",
      "i" : "YZY_USD",
      "m" : "4611686018427394062"
    }, {
      "d" : "1756381675297898670",
      "t" : 1756381675297,
      "tn" : 1756381675297898670,
      "q" : "225.8",
      "p" : "0.5534",
      "s" : "sell",
      "i" : "YZY_USD",
      "m" : "4611686018427394061"
    }, {
      "d" : "1756381674288365615",
      "t" : 1756381674288,
      "tn" : 1756381674288365615,
      "q" : "225.8",
      "p" : "0.5534",
      "s" : "sell",
      "i" : "YZY_USD",
      "m" : "4611686018427394060"
    }, {
      "d" : "1756381673392861253",
      "t" : 1756381673392,
      "tn" : 1756381673392861253,
      "q" : "225.8",
      "p" : "0.5534",
      "s" : "sell",
      "i" : "YZY_USD",
      "m" : "4611686018427394059"
    }, {
      "d" : "1756381672597984358",
      "t" : 1756381672597,
      "tn" : 1756381672597984358,
      "q" : "226.0",
      "p" : "0.5529",
      "s" : "sell",
      "i" : "YZY_USD",
      "m" : "4611686018427394058"
    }, {
      "d" : "1756380039847859910",
      "t" : 1756380039847,
      "tn" : 1756380039847859910,
      "q" : "55.2",
      "p" : "0.5500",
      "s" : "buy",
      "i" : "YZY_USD",
      "m" : "4611686018427394057"
    }, {
      "d" : "1756380039842074355",
      "t" : 1756380039842,
      "tn" : 1756380039842074355,
      "q" : "28.0",
      "p" : "0.5500",
      "s" : "buy",
      "i" : "YZY_USD",
      "m" : "4611686018427394056"
    }, {
      "d" : "1756380039841681721",
      "t" : 1756380039841,
      "tn" : 1756380039841681721,
      "q" : "180.0",
      "p" : "0.5500",
      "s" : "buy",
      "i" : "YZY_USD",
      "m" : "4611686018427394055"
    }, {
      "d" : "1756380039836136164",
      "t" : 1756380039836,
      "tn" : 1756380039836136164,
      "q" : "286.8",
      "p" : "0.5500",
      "s" : "buy",
      "i" : "YZY_USD",
      "m" : "4611686018427394054"
    }, {
      "d" : "1756378135380923778",
      "t" : 1756378135380,
      "tn" : 1756378135380923778,
      "q" : "143.3",
      "p" : "0.5487",
      "s" : "sell",
      "i" : "YZY_USD",
      "m" : "4611686018427394053"
    } ]
  }
}