{
  "id" : -1,
  "method" : "public/get-trades",
  "code" : 0,
  "result" : {
    "data" : [ {
      "d" : "1756462961011064352",
      "t" : 1756462961011,
      "tn" : 1756462961011064352,
      "q" : "0.1",
      "p" : "0.5312",
      "s" : "sell",
      "i" : "YZYUSD-PERP",
      "m" : "4611686018427392751"
    }, {
      "d" : "1756462555051023868",
      "t" : 1756462555051,
      "tn" : 1756462555051023868,
      "q" : "0.1",
      "p" : "0.5308",
      "s" : "sell",
      "i" : "YZYUSD-PERP",
      "m" : "4611686018427392750"
    }, {
      "d" : "1756462532601165193",
      "t" : 1756462532601,
      "tn" : 1756462532601165193,
      "q" : "0.1",
      "p" : "0.5312",
      "s" : "sell",
      "i" : "YZYUSD-PERP",
      "m" : "4611686018427392749"
    }, {
      "d" : "1756462260301074375",
      "t" : 1756462260301,
      "tn" : 1756462260301074375,
      "q" : "0.1",
      "p" : "0.5307",
      "s" : "sell",
      "i" : "YZYUSD-PERP",
      "m" : "4611686018427392748"
    }, {
      "d" : "1756461970681132829",
      "t" : 1756461970681,
      "tn" : 1756461970681132829,
      "q" : "0.1",
      "p" : "0.5306",
      "s" : "sell",
      "i" : "YZYUSD-PERP",
      "m" : "4611686018427392747"
    }, {
      "d" : "1756461960681186947",
      "t" : 1756461960681,
      "tn" : 1756461960681186947,
      "q" : "0.1",
      "p" : "0.5307",
      "s" : "sell",
      "i" : "YZYUSD-PERP",
      "m" : "4611686018427392746"
    }, {
      "d" : "1756461881631060831",
      "t" : 1756461881631,
      "tn" : 1756461881631060831,
      "q" : "0.1",
      "p" : "0.5309",
      "s" : "sell",
      "i" : "YZYUSD-PERP",
      "m" : "4611686018427392745"
    }, {
      "d" : "1756461871621241084",
      "t" : 1756461871621,
      "tn" : 1756461871621241084,
      "q" : "0.1",
      "p" : "0.5320",
      "s" : "sell",
      "i" : "YZYUSD-PERP",
      "m" : "4611686018427392744"
    }, {
      "d" : "1756461861611176184",
      "t" : 1756461861611,
      "tn" : 1756461861611176184,
      "q" : "0.1",
      "p" : "0.5325",
      "s" : "sell",
      "i" : "YZYUSD-PERP",
      "m" : "4611686018427392743"
    }, {
      "d" : "1756461702621315873",
      "t" : 1756461702621,
      "tn" : 1756461702621315873,
      "q" : "0.1",
      "p" : "0.5327",
      "s" : "sell",
      "i" : "YZYUSD-PERP",
      "m" : "4611686018427392742"
    }, {
      "d" : "1756461050261285530",
      "t" : 1756461050261,
      "tn" : 1756461050261285530,
      "q" : "0.1",
      "p" : "0.5324",
      "s" : "sell",
      "i" : "YZYUSD-PERP",
      "m" : "4611686018427392741"
    }, {
      "d" : "1756460706781089027",
      "t" : 1756460706781,
      "tn" : 1756460706781089027,
      "q" : "0.1",
      "p" : "0.5312",
      "s" : "sell",
      "i" : "YZYUSD-PERP",
      "m" : "4611686018427392740"
    }, {
      "d" : "1756460696431142421",
      "t" : 1756460696431,
      "tn" : 1756460696431142421,
      "q" : "0.1",
      "p" : "0.5317",
      "s" : "sell",
      "i" : "YZYUSD-PERP",
      "m" : "4611686018427392739"
    }, {
      "d" : "1756460685891197209",
      "t" : 1756460685891,
      "tn" : 1756460685891197209,
      "q" : "0.1",
      "p" : "0.5322",
      "s" : "sell",
      "i" : "YZYUSD-PERP",
      "m" : "4611686018427392738"
    }, {
      "d" : "1756460188451011825",
      "t" : 1756460188451,
      "tn" : 1756460188451011825,
      "q" : "0.1",
      "p" : "0.5319",
      "s" : "sell",
      "i" : "YZYUSD-PERP",
      "m" : "4611686018427392737"
    }, {
      "d" : "1756460178141486653",
      "t" : 1756460178141,
      "tn" : 1756460178141486653,
      "q" : "0.1",
      "p" : "0.5321",
      "s" : "sell",
      "i" : "YZYUSD-PERP",
      "m" : "4611686018427392736"
    }, {
      "d" : "1756459653551127167",
      "t" : 1756459653551,
      "tn" : 1756459653551127167,
      "q" : "0.1",
      "p" : "0.5318",
      "s" : "sell",
      "i" : "YZYUSD-PERP",
      "m" : "4611686018427392735"
    }, {
      "d" : "1756459643993709703",
      "t" : 1756459643993,
      "tn" : 1756459643993709703,
      "q" : "3.8",
      "p" : "0.5180",
      "s" : "sell",
      "i" : "YZYUSD-PERP",
      "m" : "4611686018427392734"
    }, {
      "d" : "1756459643993707874",
      "t" : 1756459643993,
      "tn" : 1756459643993707874,
      "q" : "0.1",
      "p" : "0.5272",
      "s" : "sell",
      "i" : "YZYUSD-PERP",
      "m" : "4611686018427392733"
    }, {
      "d" : "1756459643993705141",
      "t" : 1756459643993,
      "tn" : 1756459643993705141,
      "q" : "0.1",
      "p" : "0.5275",
      "s" : "sell",
      "i" : "YZYUSD-PERP",
      "m" : "4611686018427392732"
    }, {
      "d" : "1756459643541106025",
      "t" : 1756459643541,
      "tn" : 1756459643541106025,
      "q" : "0.1",
      "p" : "0.5320",
      "s" : "sell",
      "i" : "YZYUSD-PERP",
      "m" : "4611686018427392731"
    }, {
      "d" : "1756459630641095982",
      "t" : 1756459630641,
      "tn" : 1756459630641095982,
      "q" : "0.1",
      "p" : "0.5328",
      "s" : "sell",
      "i" : "YZYUSD-PERP",
      "m" : "4611686018427392730"
    }, {
      "d" : "1756459538841086262",
      "t" : 1756459538841,
      "tn" : 1756459538841086262,
      "q" : "0.1",
      "p" : "0.5328",
      "s" : "sell",
      "i" : "YZYUSD-PERP",
      "m" : "4611686018427392729"
    }, {
      "d" : "1756459488941235599",
      "t" : 1756459488941,
      "tn" : 1756459488941235599,
      "q" : "0.1",
      "p" : "0.5337",
      "s" : "sell",
      "i" : "YZYUSD-PERP",
      "m" : "4611686018427392728"
    }, {
      "d" : "1756459473551134601",
      "t" : 1756459473551,
      "tn" : 1756459473551134601,
      "q" : "0.1",
      "p" : "0.5332",
      "s" : "sell",
      "i" : "YZYUSD-PERP",
      "m" : "4611686018427392727"
    }, {
      "d" : "1756459403201362485",
      "t" : 1756459403201,
      "tn" : 1756459403201362485,
      "q" : "0.1",
      "p" : "0.5333",
      "s" : "sell",
      "i" : "YZYUSD-PERP",
      "m" : "4611686018427392726"
    }, {
      "d" : "1756459368281161346",
      "t" : 1756459368281,
      "tn" : 1756459368281161346,
      "q" : "0.1",
      "p" : "0.5337",
      "s" : "sell",
      "i" : "YZYUSD-PERP",
      "m" : "4611686018427392725"
    }, {
      "d" : "1756458952161422029",
      "t" : 1756458952161,
      "tn" : 1756458952161422029,
      "q" : "0.1",
      "p" : "0.5314",
      "s" : "sell",
      "i" : "YZYUSD-PERP",
      "m" : "4611686018427392724"
    }, {
      "d" : "1756458931561474579",
      "t" : 1756458931561,
      "tn" : 1756458931561474579,
      "q" : "0.1",
      "p" : "0.5319",
      "s" : "sell",
      "i" : "YZYUSD-PERP",
      "m" : "4611686018427392723"
    }, {
      "d" : "1756458472981506309",
      "t" : 1756458472981,
      "tn" : 1756458472981506309,
      "q" : "0.1",
      "p" : "0.5327",
      "s" : "sell",
      "i" : "YZYUSD-PERP",
      "m" : "4611686018427392722"
    }, {
      "d" : "1756458167771551139",
      "t" : 1756458167771,
      "tn" : 1756458167771551139,
      "q" : "0.1",
      "p" : "0.5330",
      "s" : "sell",
      "i" : "YZYUSD-PERP",
      "m" : "4611686018427392721"
    }, {
      "d" : "1756458145611339729",
      "t" : 1756458145611,
      "tn" : 1756458145611339729,
      "q" : "0.1",
      "p" : "0.5340",
      "s" : "sell",
      "i" : "YZYUSD-PERP",
      "m" : "4611686018427392720"
    }, {
      "d" : "1756457851391441612",
      "t" : 1756457851391,
      "tn" : 1756457851391441612,
      "q" : "0.1",
      "p" : "0.5343",
      "s" : "sell",
      "i" : "YZYUSD-PERP",
      "m" : "4611686018427392719"
    }, {
      "d" : "1756457515221135280",
      "t" : 1756457515221,
      "tn" : 1756457515221135280,
      "q" : "0.1",
      "p" : "0.5333",
      "s" : "sell",
      "i" : "YZYUSD-PERP",
      "m" : "4611686018427392718"
    }, {
      "d" : "1756457497403110927",
      "t" : 1756457497403,
      "tn" : 1756457497403110927,
      "q" : "0.1",
      "p" : "0.5337",
      "s" : "sell",
      "i" : "YZYUSD-PERP",
      "m" : "4611686018427392717"
    }, {
      "d" : "1756457396481763458",
      "t" : 1756457396481,
      "tn" : 1756457396481763458,
      "q" : "0.1",
      "p" : "0.5334",
      "s" : "sell",
      "i" : "YZYUSD-PERP",
      "m" : "4611686018427392716"
    }, {
      "d" : "1756457248466151974",
      "t" : 1756457248466,
      "tn" : 1756457248466151974,
      "q" : "0.1",
      "p" : "0.5337",
      "s" : "sell",
      "i" : "YZYUSD-PERP",
      "m" : "4611686018427392715"
    }, {
      "d" : "1756457067358512030",
      "t" : 1756457067358,
      "tn" : 1756457067358512030,
      "q" : "0.1",
      "p" : "0.5340",
      "s" : "sell",
      "i" : "YZYUSD-PERP",
      "m" : "4611686018427392714"
    }, {
      "d" : "1756456849564948526",
      "t" : 1756456849564,
      "tn" : 1756456849564948526,
      "q" : "0.1",
      "p" : "0.5330",
      "s" : "sell",
      "i" : "YZYUSD-PERP",
      "m" : "4611686018427392713"
    }, {
      "d" : "1756456543071191734",
      "t" : 1756456543071,
      "tn" : 1756456543071191734,
      "q" : "0.1",
      "p" : "0.5344",
      "s" : "sell",
      "i" : "YZYUSD-PERP",
      "m" : "4611686018427392712"
    }, {
      "d" : "1756456411331406666",
      "t" : 1756456411331,
      "tn" : 1756456411331406666,
      "q" : "0.1",
      "p" : "0.5347",
      "s" : "sell",
      "i" : "YZYUSD-PERP",
      "m" : "4611686018427392711"
    }, {
      "d" : "1756456280677488710",
      "t" : 1756456280677,
      "tn" : 1756456280677488710,
      "q" : "0.1",
      "p" : "0.5353",
      "s" : "sell",
      "i" : "YZYUSD-PERP",
      "m" : "4611686018427392710"
    }, {
      "d" : "1756456128426850181",
      "t" : 1756456128426,
      "tn" : 1756456128426850181,
      "q" : "0.1",
      "p" : "0.5356",
      "s" : "sell",
      "i" : "YZYUSD-PERP",
      "m" : "4611686018427392709"
    }, {
      "d" : "1756455943558971403",
      "t" : 1756455943558,
      "tn" : 1756455943558971403,
      "q" : "0.1",
      "p" : "0.5349",
      "s" : "sell",
      "i" : "YZYUSD-PERP",
      "m" : "4611686018427392708"
    }, {
      "d" : "1756455919611867320",
      "t" : 1756455919611,
      "tn" : 1756455919611867320,
      "q" : "0.1",
      "p" : "0.5352",
      "s" : "sell",
      "i" : "YZYUSD-PERP",
      "m" : "4611686018427392707"
    }, {
      "d" : "1756455616571194542",
      "t" : 1756455616571,
      "tn" : 1756455616571194542,
      "q" : "0.1",
      "p" : "0.5361",
      "s" : "sell",
      "i" : "YZYUSD-PERP",
      "m" : "4611686018427392706"
    }, {
      "d" : "1756455431331319339",
      "t" : 1756455431331,
      "tn" : 1756455431331319339,
      "q" : "0.1",
      "p" : "0.5375",
      "s" : "sell",
      "i" : "YZYUSD-PERP",
      "m" : "4611686018427392705"
    }, {
      "d" : "1756455421331262765",
      "t" : 1756455421331,
      "tn" : 1756455421331262765,
      "q" : "0.1",
      "p" : "0.5380",
      "s" : "sell",
      "i" : "YZYUSD-PERP",
      "m" : "4611686018427392704"
    }, {
      "d" : "1756455250691047701",
      "t" : 1756455250691,
      "tn" : 1756455250691047701,
      "q" : "0.1",
      "p" : "0.5379",
      "s" : "sell",
      "i" : "YZYUSD-PERP",
      "m" : "4611686018427392703"
    }, {
      "d" : "1756455240681376826",
      "t" : 1756455240681,
      "tn" : 1756455240681376826,
      "q" : "0.1",
      "p" : "0.5387",
      "s" : "sell",
      "i" : "YZYUSD-PERP",
      "m" : "4611686018427392702"
    }, {
      "d" : "1756455046831180222",
      "t" : 1756455046831,
      "tn" : 1756455046831180222,
      "q" : "0.1",
      "p" : "0.5385",
      "s" : "sell",
      "i" : "YZYUSD-PERP",
      "m" : "4611686018427392701"
    }, {
      "d" : "1756454952491076838",
      "t" : 1756454952491,
      "tn" : 1756454952491076838,
      "q" : "0.1",
      "p" : "0.5388",
      "s" : "sell",
      "i" : "YZYUSD-PERP",
      "m" : "4611686018427392700"
    }, {
      "d" : "1756454906101049476",
      "t" : 1756454906101,
      "tn" : 1756454906101049476,
      "q" : "0.1",
      "p" : "0.5393",
      "s" : "sell",
      "i" : "YZYUSD-PERP",
      "m" : "4611686018427392699"
    }, {
      "d" : "1756454895711379748",
      "t" : 1756454895711,
      "tn" : 1756454895711379748,
      "q" : "0.1",
      "p" : "0.5400",
      "s" : "sell",
      "i" : "YZYUSD-PERP",
      "m" : "4611686018427392698"
    }, {
      "d" : "1756454211041307983",
      "t" : 1756454211041,
      "tn" : 1756454211041307983,
      "q" : "0.1",
      "p" : "0.5371",
      "s" : "sell",
      "i" : "YZYUSD-PERP",
      "m" : "4611686018427392697"
    }, {
      "d" : "1756454099461060336",
      "t" : 1756454099461,
      "tn" : 1756454099461060336,
      "q" : "0.1",
      "p" : "0.5357",
      "s" : "sell",
      "i" : "YZYUSD-PERP",
      "m" : "4611686018427392696"
    }, {
      "d" : "1756454089461383268",
      "t" : 1756454089461,
      "tn" : 1756454089461383268,
      "q" : "0.1",
      "p" : "0.5366",
      "s" : "sell",
      "i" : "YZYUSD-PERP",
      "m" : "4611686018427392695"
    }, {
      "d" : "1756453891271175196",
      "t" : 1756453891271,
      "tn" : 1756453891271175196,
      "q" : "0.1",
      "p" : "0.5368",
      "s" : "sell",
      "i" : "YZYUSD-PERP",
      "m" : "4611686018427392694"
    }, {
      "d" : "1756453881271288446",
      "t" : 1756453881271,
      "tn" : 1756453881271288446,
      "q" : "0.1",
      "p" : "0.5377",
      "s" : "sell",
      "i" : "YZYUSD-PERP",
      "m" : "4611686018427392693"
    }, {
      "d" : "1756453067991418856",
      "t" : 1756453067991,
      "tn" : 1756453067991418856,
      "q" : "0.1",
      "p" : "0.5350",
      "s" : "sell",
      "i" : "YZYUSD-PERP",
      "m" : "4611686018427392692"
    }, {
      "d" : "1756452925191856142",
      "t" : 1756452925191,
      "tn" : 1756452925191856142,
      "q" : "3.9",
      "p" : "0.5258",
      "s" : "sell",
      "i" : "YZYUSD-PERP",
      "m" : "4611686018427392691"
    }, {
      "d" : "1756452925191853884",
      "t" : 1756452925191,
      "tn" : 1756452925191853884,
      "q" : "0.1",
      "p" : "0.5325",
      "s" : "sell",
      "i" : "YZYUSD-PERP",
      "m" : "4611686018427392690"
    }, {
      "d" : "1756452925191850713",
      "t" : 1756452925191,
      "tn" : 1756452925191850713,
      "q" : "0.1",
      "p" : "0.5328",
      "s" : "sell",
      "i" : "YZYUSD-PERP",
      "m" : "4611686018427392689"
    }, {
      "d" : "1756452924641241069",
      "t" : 1756452924641,
      "tn" : 1756452924641241069,
      "q" : "0.1",
      "p" : "0.5361",
      "s" : "sell",
      "i" : "YZYUSD-PERP",
      "m" : "4611686018427392688"
    }, {
      "d" : "1756452803851133055",
      "t" : 1756452803851,
      "tn" : 1756452803851133055,
      "q" : "0.1",
      "p" : "0.5332",
      "s" : "sell",
      "i" : "YZYUSD-PERP",
      "m" : "4611686018427392687"
    }, {
      "d" : "1756452790401039655",
      "t" : 1756452790401,
      "tn" : 1756452790401039655,
      "q" : "0.1",
      "p" : "0.5337",
      "s" : "sell",
      "i" : "YZYUSD-PERP",
      "m" : "4611686018427392686"
    }, {
      "d" : "1756452403161224949",
      "t" : 1756452403161,
      "tn" : 1756452403161224949,
      "q" : "0.1",
      "p" : "0.5299",
      "s" : "sell",
      "i" : "YZYUSD-PERP",
      "m" : "4611686018427392685"
    }, {
      "d" : "1756452155371099525",
      "t" : 1756452155371,
      "tn" : 1756452155371099525,
      "q" : "0.1",
      "p" : "0.5302",
      "s" : "sell",
      "i" : "YZYUSD-PERP",
      "m" : "4611686018427392684"
    }, {
      "d" : "1756452145361166350",
      "t" : 1756452145361,
      "tn" : 1756452145361166350,
      "q" : "0.1",
      "p" : "0.5305",
      "s" : "sell",
      "i" : "YZYUSD-PERP",
      "m" : "4611686018427392683"
    }, {
      "d" : "1756452044131244144",
      "t" : 1756452044131,
      "tn" : 1756452044131244144,
      "q" : "0.1",
      "p" : "0.5307",
      "s" : "sell",
      "i" : "YZYUSD-PERP",
      "m" : "4611686018427392682"
    }, {
      "d" : "1756451591123990181",
      "t" : 1756451591123,
      "tn" : 1756451591123990181,
      "q" : "0.1",
      "p" : "0.5310",
      "s" : "sell",
      "i" : "YZYUSD-PERP",
      "m" : "4611686018427392681"
    }, {
      "d" : "1756450808591084313",
      "t" : 1756450808591,
      "tn" : 1756450808591084313,
      "q" : "0.1",
      "p" : "0.5340",
      "s" : "sell",
      "i" : "YZYUSD-PERP",
      "m" : "4611686018427392680"
    }, {
      "d" : "1756450645895919531",
      "t" : 1756450645895,
      "tn" : 1756450645895919531,
      "q" : "1570.5",
      "p" : "0.5212",
      "s" : "sell",
      "i" : "YZYUSD-PERP",
      "m" : "4611686018427392679"
    }, {
      "d" : "1756450645895917946",
      "t" : 1756450645895,
      "tn" : 1756450645895917946,
      "q" : "95.7",
      "p" : "0.5221",
      "s" : "sell",
      "i" : "YZYUSD-PERP",
      "m" : "4611686018427392678"
    }, {
      "d" : "1756450645895913864",
      "t" : 1756450645895,
      "tn" : 1756450645895913864,
      "q" : "95.7",
      "p" : "0.5222",
      "s" : "sell",
      "i" : "YZYUSD-PERP",
      "m" : "4611686018427392677"
    }, {
      "d" : "1756450645895911575",
      "t" : 1756450645895,
      "tn" : 1756450645895911575,
      "q" : "95.7",
      "p" : "0.5223",
      "s" : "sell",
      "i" : "YZYUSD-PERP",
      "m" : "4611686018427392676"
    }, {
      "d" : "1756450645895908866",
      "t" : 1756450645895,
      "tn" : 1756450645895908866,
      "q" : "95.7",
      "p" : "0.5224",
      "s" : "sell",
      "i" : "YZYUSD-PERP",
      "m" : "4611686018427392675"
    }, {
      "d" : "1756450645895905907",
      "t" : 1756450645895,
      "tn" : 1756450645895905907,
      "q" : "0.1",
      "p" : "0.5296",
      "s" : "sell",
      "i" : "YZYUSD-PERP",
      "m" : "4611686018427392674"
    }, {
      "d" : "1756450645895903204",
      "t" : 1756450645895,
      "tn" : 1756450645895903204,
      "q" : "0.1",
      "p" : "0.5299",
      "s" : "sell",
      "i" : "YZYUSD-PERP",
      "m" : "4611686018427392673"
    }, {
      "d" : "1756450645895899391",
      "t" : 1756450645895,
      "tn" : 1756450645895899391,
      "q" : "0.1",
      "p" : "0.5300",
      "s" : "sell",
      "i" : "YZYUSD-PERP",
      "m" : "4611686018427392672"
    }, {
      "d" : "1756450618468125539",
      "t" : 1756450618468,
      "tn" : 1756450618468125539,
      "q" : "95.8",
      "p" : "0.5215",
      "s" : "sell",
      "i" : "YZYUSD-PERP",
      "m" : "4611686018427392671"
    }, {
      "d" : "1756450618468123458",
      "t" : 1756450618468,
      "tn" : 1756450618468123458,
      "q" : "95.8",
      "p" : "0.5216",
      "s" : "sell",
      "i" : "YZYUSD-PERP",
      "m" : "4611686018427392670"
    }, {
      "d" : "1756450618468121415",
      "t" : 1756450618468,
      "tn" : 1756450618468121415,
      "q" : "78.4",
      "p" : "0.5217",
      "s" : "sell",
      "i" : "YZYUSD-PERP",
      "m" : "4611686018427392669"
    }, {
      "d" : "1756450618468119147",
      "t" : 1756450618468,
      "tn" : 1756450618468119147,
      "q" : "95.8",
      "p" : "0.5218",
      "s" : "sell",
      "i" : "YZYUSD-PERP",
      "m" : "4611686018427392668"
    }, {
      "d" : "1756450618468117078",
      "t" : 1756450618468,
      "tn" : 1756450618468117078,
      "q" : "0.1",
      "p" : "0.5292",
      "s" : "sell",
      "i" : "YZYUSD-PERP",
      "m" : "4611686018427392667"
    }, {
      "d" : "1756450618468113616",
      "t" : 1756450618468,
      "tn" : 1756450618468113616,
      "q" : "0.1",
      "p" : "0.5295",
      "s" : "sell",
      "i" : "YZYUSD-PERP",
      "m" : "4611686018427392666"
    }, {
      "d" : "1756450618468110285",
      "t" : 1756450618468,
      "tn" : 1756450618468110285,
      "q" : "0.1",
      "p" : "0.5312",
      "s" : "sell",
      "i" : "YZYUSD-PERP",
      "m" : "4611686018427392665"
    }, {
      "d" : "1756450470524525779",
      "t" : 1756450470524,
      "tn" : 1756450470524525779,
      "q" : "0.1",
      "p" : "0.5291",
      "s" : "sell",
      "i" : "YZYUSD-PERP",
      "m" : "4611686018427392664"
    }, {
      "d" : "1756450470524523790",
      "t" : 1756450470524,
      "tn" : 1756450470524523790,
      "q" : "0.1",
      "p" : "0.5294",
      "s" : "sell",
      "i" : "YZYUSD-PERP",
      "m" : "4611686018427392663"
    }, {
      "d" : "1756450470524520745",
      "t" : 1756450470524,
      "tn" : 1756450470524520745,
      "q" : "0.1",
      "p" : "0.5318",
      "s" : "sell",
      "i" : "YZYUSD-PERP",
      "m" : "4611686018427392662"
    }, {
      "d" : "1756450429508086340",
      "t" : 1756450429508,
      "tn" : 1756450429508086340,
      "q" : "0.1",
      "p" : "0.5324",
      "s" : "sell",
      "i" : "YZYUSD-PERP",
      "m" : "4611686018427392661"
    }, {
      "d" : "1756450401185528826",
      "t" : 1756450401185,
      "tn" : 1756450401185528826,
      "q" : "0.3",
      "p" : "0.5300",
      "s" : "buy",
      "i" : "YZYUSD-PERP",
      "m" : "4611686018427392660"
    }, {
      "d" : "1756450400751861391",
      "t" : 1756450400751,
      "tn" : 1756450400751861391,
      "q" : "0.1",
      "p" : "0.5335",
      "s" : "sell",
      "i" : "YZYUSD-PERP",
      "m" : "4611686018427392659"
    }, {
      "d" : "1756450390343754973",
      "t" : 1756450390343,
      "tn" : 1756450390343754973,
      "q" : "0.1",
      "p" : "0.5235",
      "s" : "buy",
      "i" : "YZYUSD-PERP",
      "m" : "4611686018427392658"
    }, {
      "d" : "1756450389844945173",
      "t" : 1756450389844,
      "tn" : 1756450389844945173,
      "q" : "0.1",
      "p" : "0.5292",
      "s" : "sell",
      "i" : "YZYUSD-PERP",
      "m" : "4611686018427392657"
    }, {
      "d" : "1756450389844942590",
      "t" : 1756450389844,
      "tn" : 1756450389844942590,
      "q" : "0.1",
      "p" : "0.5295",
      "s" : "sell",
      "i" : "YZYUSD-PERP",
      "m" : "4611686018427392656"
    }, {
      "d" : "1756450389844938938",
      "t" : 1756450389844,
      "tn" : 1756450389844938938,
      "q" : "0.1",
      "p" : "0.5342",
      "s" : "sell",
      "i" : "YZYUSD-PERP",
      "m" : "4611686018427392655"
    }, {
      "d" : "1756450248358593006",
      "t" : 1756450248358,
      "tn" : 1756450248358593006,
      "q" : "0.1",
      "p" : "0.5352",
      "s" : "sell",
      "i" : "YZYUSD-PERP",
      "m" : "4611686018427392654"
    }, {
      "d" : "1756450226516315601",
      "t" : 1756450226516,
      "tn" : 1756450226516315601,
      "q" : "0.1",
      "p" : "0.5355",
      "s" : "sell",
      "i" : "YZYUSD-PERP",
      "m" : "4611686018427392653"
    }, {
      "d" : "1756449741760504873",
      "t" : 1756449741760,
      "tn" : 1756449741760504873,
      "q" : "0.1",
      "p" : "0.5337",
      "s" : "sell",
      "i" : "YZYUSD-PERP",
      "m" : "4611686018427392652"
    }, {
      "d" : "1756449699243041774",
      "t" : 1756449699243,
      "tn" : 1756449699243041774,
      "q" : "0.1",
      "p" : "0.5342",
      "s" : "sell",
      "i" : "YZYUSD-PERP",
      "m" : "4611686018427392651"
    }, {
      "d" : "1756449651049839038",
      "t" : 1756449651049,
      "tn" : 1756449651049839038,
      "q" : "0.1",
      "p" : "0.5343",
      "s" : "sell",
      "i" : "YZYUSD-PERP",
      "m" : "4611686018427392650"
    }, {
      "d" : "1756449618906316080",
      "t" : 1756449618906,
      "tn" : 1756449618906316080,
      "q" : "0.1",
      "p" : "0.5349",
      "s" : "sell",
      "i" : "YZYUSD-PERP",
      "m" : "4611686018427392649"
    }, {
      "d" : "1756449591076889450",
      "t" : 1756449591076,
      "tn" : 1756449591076889450,
      "q" : "0.1",
      "p" : "0.5328",
      "s" : "sell",
      "i" : "YZYUSD-PERP",
      "m" : "4611686018427392648"
    }, {
      "d" : "1756449556881235897",
      "t" : 1756449556881,
      "tn" : 1756449556881235897,
      "q" : "0.1",
      "p" : "0.5343",
      "s" : "sell",
      "i" : "YZYUSD-PERP",
      "m" : "4611686018427392647"
    }, {
      "d" : "1756449536800413842",
      "t" : 1756449536800,
      "tn" : 1756449536800413842,
      "q" : "0.1",
      "p" : "0.5343",
      "s" : "sell",
      "i" : "YZYUSD-PERP",
      "m" : "4611686018427392646"
    }, {
      "d" : "1756449181901511522",
      "t" : 1756449181901,
      "tn" : 1756449181901511522,
      "q" : "0.1",
      "p" : "0.5344",
      "s" : "sell",
      "i" : "YZYUSD-PERP",
      "m" : "4611686018427392645"
    }, {
      "d" : "1756449065131280271",
      "t" : 1756449065131,
      "tn" : 1756449065131280271,
      "q" : "0.1",
      "p" : "0.5343",
      "s" : "sell",
      "i" : "YZYUSD-PERP",
      "m" : "4611686018427392644"
    }, {
      "d" : "1756448201981130138",
      "t" : 1756448201981,
      "tn" : 1756448201981130138,
      "q" : "0.1",
      "p" : "0.5336",
      "s" : "sell",
      "i" : "YZYUSD-PERP",
      "m" : "4611686018427392643"
    }, {
      "d" : "1756448168291158298",
      "t" : 1756448168291,
      "tn" : 1756448168291158298,
      "q" : "0.1",
      "p" : "0.5336",
      "s" : "sell",
      "i" : "YZYUSD-PERP",
      "m" : "4611686018427392642"
    }, {
      "d" : "1756448063921064803",
      "t" : 1756448063921,
      "tn" : 1756448063921064803,
      "q" : "0.1",
      "p" : "0.5349",
      "s" : "sell",
      "i" : "YZYUSD-PERP",
      "m" : "4611686018427392641"
    }, {
      "d" : "1756447868371302227",
      "t" : 1756447868371,
      "tn" : 1756447868371302227,
      "q" : "0.1",
      "p" : "0.5349",
      "s" : "sell",
      "i" : "YZYUSD-PERP",
      "m" : "4611686018427392640"
    }, {
      "d" : "1756447803331197174",
      "t" : 1756447803331,
      "tn" : 1756447803331197174,
      "q" : "0.1",
      "p" : "0.5350",
      "s" : "sell",
      "i" : "YZYUSD-PERP",
      "m" : "4611686018427392639"
    }, {
      "d" : "1756447692581398321",
      "t" : 1756447692581,
      "tn" : 1756447692581398321,
      "q" : "0.1",
      "p" : "0.5355",
      "s" : "sell",
      "i" : "YZYUSD-PERP",
      "m" : "4611686018427392638"
    }, {
      "d" : "1756447551988524719",
      "t" : 1756447551988,
      "tn" : 1756447551988524719,
      "q" : "0.1",
      "p" : "0.5358",
      "s" : "sell",
      "i" : "YZYUSD-PERP",
      "m" : "4611686018427392637"
    }, {
      "d" : "1756447415422183066",
      "t" : 1756447415422,
      "tn" : 1756447415422183066,
      "q" : "0.1",
      "p" : "0.5362",
      "s" : "sell",
      "i" : "YZYUSD-PERP",
      "m" : "4611686018427392636"
    }, {
      "d" : "1756447329422049931",
      "t" : 1756447329422,
      "tn" : 1756447329422049931,
      "q" : "0.1",
      "p" : "0.5378",
      "s" : "sell",
      "i" : "YZYUSD-PERP",
      "m" : "4611686018427392635"
    }, {
      "d" : "1756447302951118692",
      "t" : 1756447302951,
      "tn" : 1756447302951118692,
      "q" : "0.1",
      "p" : "0.5384",
      "s" : "sell",
      "i" : "YZYUSD-PERP",
      "m" : "4611686018427392634"
    }, {
      "d" : "1756446810254429156",
      "t" : 1756446810254,
      "tn" : 1756446810254429156,
      "q" : "0.1",
      "p" : "0.5370",
      "s" : "sell",
      "i" : "YZYUSD-PERP",
      "m" : "4611686018427392633"
    }, {
      "d" : "1756446785414887960",
      "t" : 1756446785414,
      "tn" : 1756446785414887960,
      "q" : "0.1",
      "p" : "0.5377",
      "s" : "sell",
      "i" : "YZYUSD-PERP",
      "m" : "4611686018427392632"
    }, {
      "d" : "1756446726330266764",
      "t" : 1756446726330,
      "tn" : 1756446726330266764,
      "q" : "3.8",
      "p" : "0.5259",
      "s" : "sell",
      "i" : "YZYUSD-PERP",
      "m" : "4611686018427392631"
    }, {
      "d" : "1756446726330264559",
      "t" : 1756446726330,
      "tn" : 1756446726330264559,
      "q" : "0.1",
      "p" : "0.5350",
      "s" : "sell",
      "i" : "YZYUSD-PERP",
      "m" : "4611686018427392630"
    }, {
      "d" : "1756446726330261319",
      "t" : 1756446726330,
      "tn" : 1756446726330261319,
      "q" : "0.1",
      "p" : "0.5353",
      "s" : "sell",
      "i" : "YZYUSD-PERP",
      "m" : "4611686018427392629"
    }, {
      "d" : "1756446725881215854",
      "t" : 1756446725881,
      "tn" : 1756446725881215854,
      "q" : "0.1",
      "p" : "0.5384",
      "s" : "sell",
      "i" : "YZYUSD-PERP",
      "m" : "4611686018427392628"
    }, {
      "d" : "1756446328208585466",
      "t" : 1756446328208,
      "tn" : 1756446328208585466,
      "q" : "0.1",
      "p" : "0.5375",
      "s" : "sell",
      "i" : "YZYUSD-PERP",
      "m" : "4611686018427392627"
    }, {
      "d" : "1756446247219843826",
      "t" : 1756446247219,
      "tn" : 1756446247219843826,
      "q" : "0.1",
      "p" : "0.5380",
      "s" : "sell",
      "i" : "YZYUSD-PERP",
      "m" : "4611686018427392626"
    }, {
      "d" : "1756446063171768757",
      "t" : 1756446063171,
      "tn" : 1756446063171768757,
      "q" : "0.1",
      "p" : "0.5386",
      "s" : "sell",
      "i" : "YZYUSD-PERP",
      "m" : "4611686018427392625"
    }, {
      "d" : "1756445666948908652",
      "t" : 1756445666948,
      "tn" : 1756445666948908652,
      "q" : "0.1",
      "p" : "0.5380",
      "s" : "sell",
      "i" : "YZYUSD-PERP",
      "m" : "4611686018427392624"
    }, {
      "d" : "1756445644998555092",
      "t" : 1756445644998,
      "tn" : 1756445644998555092,
      "q" : "0.1",
      "p" : "0.5384",
      "s" : "sell",
      "i" : "YZYUSD-PERP",
      "m" : "4611686018427392623"
    }, {
      "d" : "1756445368120559903",
      "t" : 1756445368120,
      "tn" : 1756445368120559903,
      "q" : "0.1",
      "p" : "0.5374",
      "s" : "sell",
      "i" : "YZYUSD-PERP",
      "m" : "4611686018427392622"
    }, {
      "d" : "1756445293569635838",
      "t" : 1756445293569,
      "tn" : 1756445293569635838,
      "q" : "0.1",
      "p" : "0.5375",
      "s" : "sell",
      "i" : "YZYUSD-PERP",
      "m" : "4611686018427392621"
    }, {
      "d" : "1756445103148956081",
      "t" : 1756445103148,
      "tn" : 1756445103148956081,
      "q" : "0.1",
      "p" : "0.5379",
      "s" : "sell",
      "i" : "YZYUSD-PERP",
      "m" : "4611686018427392620"
    }, {
      "d" : "1756445083377269368",
      "t" : 1756445083377,
      "tn" : 1756445083377269368,
      "q" : "0.1",
      "p" : "0.5383",
      "s" : "sell",
      "i" : "YZYUSD-PERP",
      "m" : "4611686018427392619"
    }, {
      "d" : "1756444360875417465",
      "t" : 1756444360875,
      "tn" : 1756444360875417465,
      "q" : "0.1",
      "p" : "0.5377",
      "s" : "sell",
      "i" : "YZYUSD-PERP",
      "m" : "4611686018427392618"
    }, {
      "d" : "1756444319247702225",
      "t" : 1756444319247,
      "tn" : 1756444319247702225,
      "q" : "0.1",
      "p" : "0.5382",
      "s" : "sell",
      "i" : "YZYUSD-PERP",
      "m" : "4611686018427392617"
    }, {
      "d" : "1756444259804226751",
      "t" : 1756444259804,
      "tn" : 1756444259804226751,
      "q" : "0.1",
      "p" : "0.5382",
      "s" : "sell",
      "i" : "YZYUSD-PERP",
      "m" : "4611686018427392616"
    }, {
      "d" : "1756444220853175565",
      "t" : 1756444220853,
      "tn" : 1756444220853175565,
      "q" : "0.1",
      "p" : "0.5392",
      "s" : "sell",
      "i" : "YZYUSD-PERP",
      "m" : "4611686018427392615"
    }, {
      "d" : "1756444182840497466",
      "t" : 1756444182840,
      "tn" : 1756444182840497466,
      "q" : "0.1",
      "p" : "0.5402",
      "s" : "sell",
      "i" : "YZYUSD-PERP",
      "m" : "4611686018427392614"
    }, {
      "d" : "1756444123411765450",
      "t" : 1756444123411,
      "tn" : 1756444123411765450,
      "q" : "0.1",
      "p" : "0.5407",
      "s" : "sell",
      "i" : "YZYUSD-PERP",
      "m" : "4611686018427392613"
    }, {
      "d" : "1756444096864987468",
      "t" : 1756444096864,
      "tn" : 1756444096864987468,
      "q" : "0.1",
      "p" : "0.5412",
      "s" : "sell",
      "i" : "YZYUSD-PERP",
      "m" : "4611686018427392612"
    }, {
      "d" : "1756443599661077575",
      "t" : 1756443599661,
      "tn" : 1756443599661077575,
      "q" : "0.1",
      "p" : "0.5391",
      "s" : "sell",
      "i" : "YZYUSD-PERP",
      "m" : "4611686018427392611"
    }, {
      "d" : "1756443589651148488",
      "t" : 1756443589651,
      "tn" : 1756443589651148488,
      "q" : "0.1",
      "p" : "0.5396",
      "s" : "sell",
      "i" : "YZYUSD-PERP",
      "m" : "4611686018427392610"
    }, {
      "d" : "1756443513691357646",
      "t" : 1756443513691,
      "tn" : 1756443513691357646,
      "q" : "0.1",
      "p" : "0.5397",
      "s" : "sell",
      "i" : "YZYUSD-PERP",
      "m" : "4611686018427392609"
    }, {
      "d" : "1756443493671439112",
      "t" : 1756443493671,
      "tn" : 1756443493671439112,
      "q" : "0.1",
      "p" : "0.5401",
      "s" : "sell",
      "i" : "YZYUSD-PERP",
      "m" : "4611686018427392608"
    }, {
      "d" : "1756443465151536726",
      "t" : 1756443465151,
      "tn" : 1756443465151536726,
      "q" : "0.1",
      "p" : "0.5415",
      "s" : "sell",
      "i" : "YZYUSD-PERP",
      "m" : "4611686018427392607"
    }, {
      "d" : "1756443403279007930",
      "t" : 1756443403279,
      "tn" : 1756443403279007930,
      "q" : "0.1",
      "p" : "0.5417",
      "s" : "sell",
      "i" : "YZYUSD-PERP",
      "m" : "4611686018427392606"
    }, {
      "d" : "1756443317851269186",
      "t" : 1756443317851,
      "tn" : 1756443317851269186,
      "q" : "0.1",
      "p" : "0.5426",
      "s" : "sell",
      "i" : "YZYUSD-PERP",
      "m" : "4611686018427392605"
    }, {
      "d" : "1756443254291308584",
      "t" : 1756443254291,
      "tn" : 1756443254291308584,
      "q" : "0.1",
      "p" : "0.5437",
      "s" : "sell",
      "i" : "YZYUSD-PERP",
      "m" : "4611686018427392604"
    }, {
      "d" : "1756443120089997438",
      "t" : 1756443120089,
      "tn" : 1756443120089997438,
      "q" : "0.1",
      "p" : "0.5452",
      "s" : "sell",
      "i" : "YZYUSD-PERP",
      "m" : "4611686018427392603"
    }, {
      "d" : "1756442839329454559",
      "t" : 1756442839329,
      "tn" : 1756442839329454559,
      "q" : "0.1",
      "p" : "0.5452",
      "s" : "sell",
      "i" : "YZYUSD-PERP",
      "m" : "4611686018427392602"
    } ]
  }
}