{
  "id" : -1,
  "method" : "public/get-trades",
  "code" : 0,
  "result" : {
    "data" : [ {
      "d" : "1756462625053549280",
      "t" : 1756462625053,
      "tn" : 1756462625053549280,
      "q" : "13200",
      "p" : "0.0040432",
      "s" : "buy",
      "i" : "ZBCN_USD",
      "m" : "4611686018428424292"
    }, {
      "d" : "1756462625053449467",
      "t" : 1756462625053,
      "tn" : 1756462625053449467,
      "q" : "14700",
      "p" : "0.0040432",
      "s" : "buy",
      "i" : "ZBCN_USD",
      "m" : "4611686018428424291"
    }, {
      "d" : "1756462625053437676",
      "t" : 1756462625053,
      "tn" : 1756462625053437676,
      "q" : "200000",
      "p" : "0.0040432",
      "s" : "buy",
      "i" : "ZBCN_USD",
      "m" : "4611686018428424290"
    }, {
      "d" : "1756462625051131765",
      "t" : 1756462625051,
      "tn" : 1756462625051131765,
      "q" : "15600",
      "p" : "0.0040432",
      "s" : "sell",
      "i" : "ZBCN_USD",
      "m" : "4611686018428424289"
    }, {
      "d" : "1756458766169239441",
      "t" : 1756458766169,
      "tn" : 1756458766169239441,
      "q" : "4500",
      "p" : "0.0040201",
      "s" : "buy",
      "i" : "ZBCN_USD",
      "m" : "4611686018428424288"
    }, {
      "d" : "1756458592035380938",
      "t" : 1756458592035,
      "tn" : 1756458592035380938,
      "q" : "7500",
      "p" : "0.0040025",
      "s" : "sell",
      "i" : "ZBCN_USD",
      "m" : "4611686018428424287"
    }, {
      "d" : "1756458592030930586",
      "t" : 1756458592030,
      "tn" : 1756458592030930586,
      "q" : "2500",
      "p" : "0.0040025",
      "s" : "sell",
      "i" : "ZBCN_USD",
      "m" : "4611686018428424286"
    }, {
      "d" : "1756458592030874611",
      "t" : 1756458592030,
      "tn" : 1756458592030874611,
      "q" : "36900",
      "p" : "0.0040025",
      "s" : "sell",
      "i" : "ZBCN_USD",
      "m" : "4611686018428424285"
    }, {
      "d" : "1756458592030855806",
      "t" : 1756458592030,
      "tn" : 1756458592030855806,
      "q" : "78000",
      "p" : "0.0040025",
      "s" : "sell",
      "i" : "ZBCN_USD",
      "m" : "4611686018428424284"
    }, {
      "d" : "1756458592030036128",
      "t" : 1756458592030,
      "tn" : 1756458592030036128,
      "q" : "2500",
      "p" : "0.0040025",
      "s" : "sell",
      "i" : "ZBCN_USD",
      "m" : "4611686018428424283"
    }, {
      "d" : "1756458591400731826",
      "t" : 1756458591400,
      "tn" : 1756458591400731826,
      "q" : "15600",
      "p" : "0.0040124",
      "s" : "buy",
      "i" : "ZBCN_USD",
      "m" : "4611686018428424282"
    }, {
      "d" : "1756458391824002266",
      "t" : 1756458391824,
      "tn" : 1756458391824002266,
      "q" : "4500",
      "p" : "0.0040032",
      "s" : "buy",
      "i" : "ZBCN_USD",
      "m" : "4611686018428424281"
    }, {
      "d" : "1756458391821753182",
      "t" : 1756458391821,
      "tn" : 1756458391821753182,
      "q" : "4500",
      "p" : "0.0040032",
      "s" : "buy",
      "i" : "ZBCN_USD",
      "m" : "4611686018428424280"
    }, {
      "d" : "1756458391798671805",
      "t" : 1756458391798,
      "tn" : 1756458391798671805,
      "q" : "3700",
      "p" : "0.0040033",
      "s" : "buy",
      "i" : "ZBCN_USD",
      "m" : "4611686018428424279"
    }, {
      "d" : "1756458391792623779",
      "t" : 1756458391792,
      "tn" : 1756458391792623779,
      "q" : "1600",
      "p" : "0.0040033",
      "s" : "buy",
      "i" : "ZBCN_USD",
      "m" : "4611686018428424278"
    }, {
      "d" : "1756458391792621999",
      "t" : 1756458391792,
      "tn" : 1756458391792621999,
      "q" : "2900",
      "p" : "0.0040028",
      "s" : "buy",
      "i" : "ZBCN_USD",
      "m" : "4611686018428424277"
    }, {
      "d" : "1756458391769156709",
      "t" : 1756458391769,
      "tn" : 1756458391769156709,
      "q" : "3700",
      "p" : "0.0040028",
      "s" : "buy",
      "i" : "ZBCN_USD",
      "m" : "4611686018428424276"
    }, {
      "d" : "1756458391754617425",
      "t" : 1756458391754,
      "tn" : 1756458391754617425,
      "q" : "4500",
      "p" : "0.0040028",
      "s" : "buy",
      "i" : "ZBCN_USD",
      "m" : "4611686018428424275"
    }, {
      "d" : "1756458391686036117",
      "t" : 1756458391686,
      "tn" : 1756458391686036117,
      "q" : "4500",
      "p" : "0.0040028",
      "s" : "buy",
      "i" : "ZBCN_USD",
      "m" : "4611686018428424274"
    }, {
      "d" : "1756458289078950667",
      "t" : 1756458289078,
      "tn" : 1756458289078950667,
      "q" : "4500",
      "p" : "0.0040032",
      "s" : "buy",
      "i" : "ZBCN_USD",
      "m" : "4611686018428424273"
    }, {
      "d" : "1756458289032541329",
      "t" : 1756458289032,
      "tn" : 1756458289032541329,
      "q" : "4500",
      "p" : "0.0040029",
      "s" : "buy",
      "i" : "ZBCN_USD",
      "m" : "4611686018428424272"
    }, {
      "d" : "1756458289015516512",
      "t" : 1756458289015,
      "tn" : 1756458289015516512,
      "q" : "4500",
      "p" : "0.0040029",
      "s" : "buy",
      "i" : "ZBCN_USD",
      "m" : "4611686018428424271"
    }, {
      "d" : "1756458225667935024",
      "t" : 1756458225667,
      "tn" : 1756458225667935024,
      "q" : "4500",
      "p" : "0.0040047",
      "s" : "buy",
      "i" : "ZBCN_USD",
      "m" : "4611686018428424270"
    }, {
      "d" : "1756458225619851537",
      "t" : 1756458225619,
      "tn" : 1756458225619851537,
      "q" : "3700",
      "p" : "0.0040030",
      "s" : "buy",
      "i" : "ZBCN_USD",
      "m" : "4611686018428424269"
    }, {
      "d" : "1756458225317010356",
      "t" : 1756458225317,
      "tn" : 1756458225317010356,
      "q" : "4500",
      "p" : "0.0040030",
      "s" : "buy",
      "i" : "ZBCN_USD",
      "m" : "4611686018428424268"
    }, {
      "d" : "1756458160905693604",
      "t" : 1756458160905,
      "tn" : 1756458160905693604,
      "q" : "4500",
      "p" : "0.0040078",
      "s" : "buy",
      "i" : "ZBCN_USD",
      "m" : "4611686018428424267"
    }, {
      "d" : "1756458160803047073",
      "t" : 1756458160803,
      "tn" : 1756458160803047073,
      "q" : "6600",
      "p" : "0.0040037",
      "s" : "buy",
      "i" : "ZBCN_USD",
      "m" : "4611686018428424266"
    }, {
      "d" : "1756458160776681330",
      "t" : 1756458160776,
      "tn" : 1756458160776681330,
      "q" : "8800",
      "p" : "0.0040037",
      "s" : "buy",
      "i" : "ZBCN_USD",
      "m" : "4611686018428424265"
    }, {
      "d" : "1756458160703402985",
      "t" : 1756458160703,
      "tn" : 1756458160703402985,
      "q" : "13000",
      "p" : "0.0040037",
      "s" : "buy",
      "i" : "ZBCN_USD",
      "m" : "4611686018428424264"
    }, {
      "d" : "1756458160679019797",
      "t" : 1756458160679,
      "tn" : 1756458160679019797,
      "q" : "4500",
      "p" : "0.0040037",
      "s" : "buy",
      "i" : "ZBCN_USD",
      "m" : "4611686018428424263"
    }, {
      "d" : "1756458160600887559",
      "t" : 1756458160600,
      "tn" : 1756458160600887559,
      "q" : "4500",
      "p" : "0.0040039",
      "s" : "buy",
      "i" : "ZBCN_USD",
      "m" : "4611686018428424262"
    }, {
      "d" : "1756458160592805024",
      "t" : 1756458160592,
      "tn" : 1756458160592805024,
      "q" : "4500",
      "p" : "0.0040043",
      "s" : "buy",
      "i" : "ZBCN_USD",
      "m" : "4611686018428424261"
    }, {
      "d" : "1756458150081518968",
      "t" : 1756458150081,
      "tn" : 1756458150081518968,
      "q" : "14000",
      "p" : "0.0039959",
      "s" : "sell",
      "i" : "ZBCN_USD",
      "m" : "4611686018428424260"
    }, {
      "d" : "1756458150072239206",
      "t" : 1756458150072,
      "tn" : 1756458150072239206,
      "q" : "11000",
      "p" : "0.0040018",
      "s" : "buy",
      "i" : "ZBCN_USD",
      "m" : "4611686018428424259"
    }, {
      "d" : "1756458150069787297",
      "t" : 1756458150069,
      "tn" : 1756458150069787297,
      "q" : "4600",
      "p" : "0.0040018",
      "s" : "buy",
      "i" : "ZBCN_USD",
      "m" : "4611686018428424258"
    }, {
      "d" : "1756458150049532459",
      "t" : 1756458150049,
      "tn" : 1756458150049532459,
      "q" : "2600",
      "p" : "0.0039975",
      "s" : "sell",
      "i" : "ZBCN_USD",
      "m" : "4611686018428424257"
    }, {
      "d" : "1756458150043448523",
      "t" : 1756458150043,
      "tn" : 1756458150043448523,
      "q" : "2700",
      "p" : "0.0040000",
      "s" : "sell",
      "i" : "ZBCN_USD",
      "m" : "4611686018428424256"
    }, {
      "d" : "1756458150043214592",
      "t" : 1756458150043,
      "tn" : 1756458150043214588,
      "q" : "1600",
      "p" : "0.0040000",
      "s" : "sell",
      "i" : "ZBCN_USD",
      "m" : "4611686018428424255"
    }, {
      "d" : "1756458150043214591",
      "t" : 1756458150043,
      "tn" : 1756458150043214588,
      "q" : "800",
      "p" : "0.0040000",
      "s" : "sell",
      "i" : "ZBCN_USD",
      "m" : "4611686018428424255"
    }, {
      "d" : "1756458150043214590",
      "t" : 1756458150043,
      "tn" : 1756458150043214588,
      "q" : "2100",
      "p" : "0.0040000",
      "s" : "sell",
      "i" : "ZBCN_USD",
      "m" : "4611686018428424255"
    }, {
      "d" : "1756458150043214589",
      "t" : 1756458150043,
      "tn" : 1756458150043214588,
      "q" : "2500",
      "p" : "0.0040000",
      "s" : "sell",
      "i" : "ZBCN_USD",
      "m" : "4611686018428424255"
    }, {
      "d" : "1756458150043214588",
      "t" : 1756458150043,
      "tn" : 1756458150043214588,
      "q" : "5000",
      "p" : "0.0040000",
      "s" : "sell",
      "i" : "ZBCN_USD",
      "m" : "4611686018428424255"
    }, {
      "d" : "1756457962707136908",
      "t" : 1756457962707,
      "tn" : 1756457962707136908,
      "q" : "4500",
      "p" : "0.0040160",
      "s" : "buy",
      "i" : "ZBCN_USD",
      "m" : "4611686018428424254"
    }, {
      "d" : "1756457900314509113",
      "t" : 1756457900314,
      "tn" : 1756457900314509113,
      "q" : "14500",
      "p" : "0.0040099",
      "s" : "sell",
      "i" : "ZBCN_USD",
      "m" : "4611686018428424253"
    }, {
      "d" : "1756457462671778175",
      "t" : 1756457462671,
      "tn" : 1756457462671778175,
      "q" : "10400",
      "p" : "0.0040234",
      "s" : "buy",
      "i" : "ZBCN_USD",
      "m" : "4611686018428424252"
    }, {
      "d" : "1756457462671702868",
      "t" : 1756457462671,
      "tn" : 1756457462671702868,
      "q" : "15700",
      "p" : "0.0040234",
      "s" : "buy",
      "i" : "ZBCN_USD",
      "m" : "4611686018428424251"
    }, {
      "d" : "1756457462671115598",
      "t" : 1756457462671,
      "tn" : 1756457462671115598,
      "q" : "15700",
      "p" : "0.0040234",
      "s" : "buy",
      "i" : "ZBCN_USD",
      "m" : "4611686018428424250"
    }, {
      "d" : "1756457462669935490",
      "t" : 1756457462669,
      "tn" : 1756457462669935490,
      "q" : "31200",
      "p" : "0.0040234",
      "s" : "buy",
      "i" : "ZBCN_USD",
      "m" : "4611686018428424249"
    }, {
      "d" : "1756457462669558794",
      "t" : 1756457462669,
      "tn" : 1756457462669558794,
      "q" : "15600",
      "p" : "0.0040234",
      "s" : "buy",
      "i" : "ZBCN_USD",
      "m" : "4611686018428424248"
    }, {
      "d" : "1756457405363113246",
      "t" : 1756457405363,
      "tn" : 1756457405363113246,
      "q" : "15600",
      "p" : "0.0040122",
      "s" : "buy",
      "i" : "ZBCN_USD",
      "m" : "4611686018428424247"
    }, {
      "d" : "1756457405358084864",
      "t" : 1756457405358,
      "tn" : 1756457405358084864,
      "q" : "15600",
      "p" : "0.0040122",
      "s" : "buy",
      "i" : "ZBCN_USD",
      "m" : "4611686018428424246"
    }, {
      "d" : "1756456972366558514",
      "t" : 1756456972366,
      "tn" : 1756456972366558514,
      "q" : "15600",
      "p" : "0.0040177",
      "s" : "buy",
      "i" : "ZBCN_USD",
      "m" : "4611686018428424245"
    }, {
      "d" : "1756456972366532039",
      "t" : 1756456972366,
      "tn" : 1756456972366532039,
      "q" : "15700",
      "p" : "0.0040177",
      "s" : "buy",
      "i" : "ZBCN_USD",
      "m" : "4611686018428424244"
    }, {
      "d" : "1756456972364473905",
      "t" : 1756456972364,
      "tn" : 1756456972364473905,
      "q" : "57000",
      "p" : "0.0040177",
      "s" : "buy",
      "i" : "ZBCN_USD",
      "m" : "4611686018428424243"
    }, {
      "d" : "1756456950383073130",
      "t" : 1756456950383,
      "tn" : 1756456950383073130,
      "q" : "15600",
      "p" : "0.0040239",
      "s" : "buy",
      "i" : "ZBCN_USD",
      "m" : "4611686018428424242"
    }, {
      "d" : "1756456882049935938",
      "t" : 1756456882049,
      "tn" : 1756456882049935938,
      "q" : "15600",
      "p" : "0.0040454",
      "s" : "sell",
      "i" : "ZBCN_USD",
      "m" : "4611686018428424241"
    }, {
      "d" : "1756456515812989273",
      "t" : 1756456515812,
      "tn" : 1756456515812989273,
      "q" : "29300",
      "p" : "0.0040767",
      "s" : "buy",
      "i" : "ZBCN_USD",
      "m" : "4611686018428424240"
    }, {
      "d" : "1756456515812986915",
      "t" : 1756456515812,
      "tn" : 1756456515812986915,
      "q" : "15600",
      "p" : "0.0040757",
      "s" : "buy",
      "i" : "ZBCN_USD",
      "m" : "4611686018428424239"
    }, {
      "d" : "1756456157056145142",
      "t" : 1756456157056,
      "tn" : 1756456157056145142,
      "q" : "3800",
      "p" : "0.0040932",
      "s" : "buy",
      "i" : "ZBCN_USD",
      "m" : "4611686018428424238"
    }, {
      "d" : "1756456157056143294",
      "t" : 1756456157056,
      "tn" : 1756456157056143294,
      "q" : "15600",
      "p" : "0.0040928",
      "s" : "buy",
      "i" : "ZBCN_USD",
      "m" : "4611686018428424237"
    }, {
      "d" : "1756456108677878504",
      "t" : 1756456108677,
      "tn" : 1756456108677878504,
      "q" : "258800",
      "p" : "0.0040825",
      "s" : "buy",
      "i" : "ZBCN_USD",
      "m" : "4611686018428424236"
    }, {
      "d" : "1756456108677877175",
      "t" : 1756456108677,
      "tn" : 1756456108677877175,
      "q" : "15600",
      "p" : "0.0040817",
      "s" : "buy",
      "i" : "ZBCN_USD",
      "m" : "4611686018428424235"
    }, {
      "d" : "1756456108677875566",
      "t" : 1756456108677,
      "tn" : 1756456108677875566,
      "q" : "15600",
      "p" : "0.0040786",
      "s" : "buy",
      "i" : "ZBCN_USD",
      "m" : "4611686018428424234"
    }, {
      "d" : "1756456108674409896",
      "t" : 1756456108674,
      "tn" : 1756456108674409896,
      "q" : "291700",
      "p" : "0.0040787",
      "s" : "buy",
      "i" : "ZBCN_USD",
      "m" : "4611686018428424233"
    }, {
      "d" : "1756456108674408596",
      "t" : 1756456108674,
      "tn" : 1756456108674408596,
      "q" : "2500",
      "p" : "0.0040786",
      "s" : "buy",
      "i" : "ZBCN_USD",
      "m" : "4611686018428424232"
    }, {
      "d" : "1756456108669574063",
      "t" : 1756456108669,
      "tn" : 1756456108669574063,
      "q" : "22800",
      "p" : "0.0040787",
      "s" : "buy",
      "i" : "ZBCN_USD",
      "m" : "4611686018428424231"
    }, {
      "d" : "1756456108668793674",
      "t" : 1756456108668,
      "tn" : 1756456108668793674,
      "q" : "16000",
      "p" : "0.0040787",
      "s" : "buy",
      "i" : "ZBCN_USD",
      "m" : "4611686018428424230"
    }, {
      "d" : "1756456108668547449",
      "t" : 1756456108668,
      "tn" : 1756456108668547449,
      "q" : "6700",
      "p" : "0.0040787",
      "s" : "buy",
      "i" : "ZBCN_USD",
      "m" : "4611686018428424229"
    }, {
      "d" : "1756456108668545357",
      "t" : 1756456108668,
      "tn" : 1756456108668545357,
      "q" : "16100",
      "p" : "0.0040787",
      "s" : "buy",
      "i" : "ZBCN_USD",
      "m" : "4611686018428424228"
    }, {
      "d" : "1756456108668461928",
      "t" : 1756456108668,
      "tn" : 1756456108668461928,
      "q" : "2500",
      "p" : "0.0040787",
      "s" : "buy",
      "i" : "ZBCN_USD",
      "m" : "4611686018428424227"
    }, {
      "d" : "1756456108668131872",
      "t" : 1756456108668,
      "tn" : 1756456108668131872,
      "q" : "5800",
      "p" : "0.0040787",
      "s" : "buy",
      "i" : "ZBCN_USD",
      "m" : "4611686018428424226"
    }, {
      "d" : "1756456108667999417",
      "t" : 1756456108667,
      "tn" : 1756456108667999417,
      "q" : "13300",
      "p" : "0.0040787",
      "s" : "buy",
      "i" : "ZBCN_USD",
      "m" : "4611686018428424225"
    }, {
      "d" : "1756456108667110877",
      "t" : 1756456108667,
      "tn" : 1756456108667110877,
      "q" : "15700",
      "p" : "0.0040787",
      "s" : "buy",
      "i" : "ZBCN_USD",
      "m" : "4611686018428424224"
    }, {
      "d" : "1756456108667040308",
      "t" : 1756456108667,
      "tn" : 1756456108667040308,
      "q" : "47100",
      "p" : "0.0040787",
      "s" : "buy",
      "i" : "ZBCN_USD",
      "m" : "4611686018428424223"
    }, {
      "d" : "1756456108666483327",
      "t" : 1756456108666,
      "tn" : 1756456108666483327,
      "q" : "80500",
      "p" : "0.0040787",
      "s" : "buy",
      "i" : "ZBCN_USD",
      "m" : "4611686018428424222"
    }, {
      "d" : "1756456108666443112",
      "t" : 1756456108666,
      "tn" : 1756456108666443112,
      "q" : "131200",
      "p" : "0.0040787",
      "s" : "buy",
      "i" : "ZBCN_USD",
      "m" : "4611686018428424221"
    }, {
      "d" : "1756456102274366485",
      "t" : 1756456102274,
      "tn" : 1756456102274366485,
      "q" : "10000",
      "p" : "0.0040660",
      "s" : "buy",
      "i" : "ZBCN_USD",
      "m" : "4611686018428424220"
    }, {
      "d" : "1756456102166795298",
      "t" : 1756456102166,
      "tn" : 1756456102166795298,
      "q" : "10500",
      "p" : "0.0040657",
      "s" : "buy",
      "i" : "ZBCN_USD",
      "m" : "4611686018428424219"
    }, {
      "d" : "1756456099819880619",
      "t" : 1756456099819,
      "tn" : 1756456099819880619,
      "q" : "1600",
      "p" : "0.0040659",
      "s" : "buy",
      "i" : "ZBCN_USD",
      "m" : "4611686018428424218"
    }, {
      "d" : "1756456099819878968",
      "t" : 1756456099819,
      "tn" : 1756456099819878968,
      "q" : "9700",
      "p" : "0.0040658",
      "s" : "buy",
      "i" : "ZBCN_USD",
      "m" : "4611686018428424217"
    }, {
      "d" : "1756456099708230945",
      "t" : 1756456099708,
      "tn" : 1756456099708230945,
      "q" : "5900",
      "p" : "0.0040658",
      "s" : "buy",
      "i" : "ZBCN_USD",
      "m" : "4611686018428424216"
    }, {
      "d" : "1756456095365732133",
      "t" : 1756456095365,
      "tn" : 1756456095365732133,
      "q" : "2000",
      "p" : "0.0040634",
      "s" : "buy",
      "i" : "ZBCN_USD",
      "m" : "4611686018428424215"
    }, {
      "d" : "1756456095365728665",
      "t" : 1756456095365,
      "tn" : 1756456095365728665,
      "q" : "8000",
      "p" : "0.0040634",
      "s" : "buy",
      "i" : "ZBCN_USD",
      "m" : "4611686018428424214"
    }, {
      "d" : "1756456093624069899",
      "t" : 1756456093624,
      "tn" : 1756456093624069899,
      "q" : "10000",
      "p" : "0.0040619",
      "s" : "buy",
      "i" : "ZBCN_USD",
      "m" : "4611686018428424213"
    }, {
      "d" : "1756456093623416526",
      "t" : 1756456093623,
      "tn" : 1756456093623416526,
      "q" : "10000",
      "p" : "0.0040614",
      "s" : "buy",
      "i" : "ZBCN_USD",
      "m" : "4611686018428424212"
    }, {
      "d" : "1756456092087946659",
      "t" : 1756456092087,
      "tn" : 1756456092087946659,
      "q" : "14800",
      "p" : "0.0040590",
      "s" : "buy",
      "i" : "ZBCN_USD",
      "m" : "4611686018428424211"
    }, {
      "d" : "1756450977267369133",
      "t" : 1756450977267,
      "tn" : 1756450977267369133,
      "q" : "5300",
      "p" : "0.0040517",
      "s" : "buy",
      "i" : "ZBCN_USD",
      "m" : "4611686018428424210"
    }, {
      "d" : "1756450977259186157",
      "t" : 1756450977259,
      "tn" : 1756450977259186157,
      "q" : "5300",
      "p" : "0.0040517",
      "s" : "buy",
      "i" : "ZBCN_USD",
      "m" : "4611686018428424209"
    }, {
      "d" : "1756450918019182939",
      "t" : 1756450918019,
      "tn" : 1756450918019182939,
      "q" : "265600",
      "p" : "0.0040650",
      "s" : "sell",
      "i" : "ZBCN_USD",
      "m" : "4611686018428424208"
    }, {
      "d" : "1756450716694304732",
      "t" : 1756450716694,
      "tn" : 1756450716694304732,
      "q" : "2500",
      "p" : "0.0040685",
      "s" : "sell",
      "i" : "ZBCN_USD",
      "m" : "4611686018428424207"
    }, {
      "d" : "1756450172521595619",
      "t" : 1756450172521,
      "tn" : 1756450172521595619,
      "q" : "15600",
      "p" : "0.0040568",
      "s" : "sell",
      "i" : "ZBCN_USD",
      "m" : "4611686018428424206"
    }, {
      "d" : "1756450172520918585",
      "t" : 1756450172520,
      "tn" : 1756450172520918585,
      "q" : "31400",
      "p" : "0.0040568",
      "s" : "sell",
      "i" : "ZBCN_USD",
      "m" : "4611686018428424205"
    }, {
      "d" : "1756450172520915587",
      "t" : 1756450172520,
      "tn" : 1756450172520915587,
      "q" : "78500",
      "p" : "0.0040568",
      "s" : "sell",
      "i" : "ZBCN_USD",
      "m" : "4611686018428424204"
    }, {
      "d" : "1756450053208564905",
      "t" : 1756450053208,
      "tn" : 1756450053208564905,
      "q" : "10000",
      "p" : "0.0040772",
      "s" : "buy",
      "i" : "ZBCN_USD",
      "m" : "4611686018428424203"
    }, {
      "d" : "1756450053208004258",
      "t" : 1756450053208,
      "tn" : 1756450053208004258,
      "q" : "2500",
      "p" : "0.0040768",
      "s" : "buy",
      "i" : "ZBCN_USD",
      "m" : "4611686018428424202"
    }, {
      "d" : "1756449854692511756",
      "t" : 1756449854692,
      "tn" : 1756449854692511756,
      "q" : "5600",
      "p" : "0.0040352",
      "s" : "sell",
      "i" : "ZBCN_USD",
      "m" : "4611686018428424201"
    }, {
      "d" : "1756449743968469003",
      "t" : 1756449743968,
      "tn" : 1756449743968469003,
      "q" : "10000",
      "p" : "0.0040397",
      "s" : "sell",
      "i" : "ZBCN_USD",
      "m" : "4611686018428424200"
    }, {
      "d" : "1756449738678702748",
      "t" : 1756449738678,
      "tn" : 1756449738678702748,
      "q" : "9900",
      "p" : "0.0040463",
      "s" : "sell",
      "i" : "ZBCN_USD",
      "m" : "4611686018428424199"
    }, {
      "d" : "1756449738669632848",
      "t" : 1756449738669,
      "tn" : 1756449738669632848,
      "q" : "15600",
      "p" : "0.0040458",
      "s" : "buy",
      "i" : "ZBCN_USD",
      "m" : "4611686018428424198"
    }, {
      "d" : "1756449119739585868",
      "t" : 1756449119739,
      "tn" : 1756449119739585868,
      "q" : "6100",
      "p" : "0.0041466",
      "s" : "buy",
      "i" : "ZBCN_USD",
      "m" : "4611686018428424197"
    }, {
      "d" : "1756449119739584310",
      "t" : 1756449119739,
      "tn" : 1756449119739584310,
      "q" : "15600",
      "p" : "0.0041456",
      "s" : "buy",
      "i" : "ZBCN_USD",
      "m" : "4611686018428424196"
    }, {
      "d" : "1756448894087019717",
      "t" : 1756448894087,
      "tn" : 1756448894087019717,
      "q" : "32600",
      "p" : "0.0041500",
      "s" : "sell",
      "i" : "ZBCN_USD",
      "m" : "4611686018428424195"
    }, {
      "d" : "1756448894086971333",
      "t" : 1756448894086,
      "tn" : 1756448894086971333,
      "q" : "14700",
      "p" : "0.0041500",
      "s" : "sell",
      "i" : "ZBCN_USD",
      "m" : "4611686018428424194"
    }, {
      "d" : "1756448894086952199",
      "t" : 1756448894086,
      "tn" : 1756448894086952199,
      "q" : "200000",
      "p" : "0.0041500",
      "s" : "sell",
      "i" : "ZBCN_USD",
      "m" : "4611686018428424193"
    }, {
      "d" : "1756448863893977238",
      "t" : 1756448863893,
      "tn" : 1756448863893977238,
      "q" : "3900",
      "p" : "0.0041643",
      "s" : "buy",
      "i" : "ZBCN_USD",
      "m" : "4611686018428424192"
    }, {
      "d" : "1756448863893975597",
      "t" : 1756448863893,
      "tn" : 1756448863893975597,
      "q" : "11700",
      "p" : "0.0041642",
      "s" : "buy",
      "i" : "ZBCN_USD",
      "m" : "4611686018428424191"
    }, {
      "d" : "1756448863893962182",
      "t" : 1756448863893,
      "tn" : 1756448863893962181,
      "q" : "3900",
      "p" : "0.0041642",
      "s" : "buy",
      "i" : "ZBCN_USD",
      "m" : "4611686018428424190"
    }, {
      "d" : "1756448863893962181",
      "t" : 1756448863893,
      "tn" : 1756448863893962181,
      "q" : "10000",
      "p" : "0.0041642",
      "s" : "buy",
      "i" : "ZBCN_USD",
      "m" : "4611686018428424190"
    }, {
      "d" : "1756448863857043975",
      "t" : 1756448863857,
      "tn" : 1756448863857043975,
      "q" : "15600",
      "p" : "0.0041538",
      "s" : "buy",
      "i" : "ZBCN_USD",
      "m" : "4611686018428424189"
    }, {
      "d" : "1756448402514947288",
      "t" : 1756448402514,
      "tn" : 1756448402514947288,
      "q" : "15600",
      "p" : "0.0041744",
      "s" : "buy",
      "i" : "ZBCN_USD",
      "m" : "4611686018428424188"
    }, {
      "d" : "1756448312354602947",
      "t" : 1756448312354,
      "tn" : 1756448312354602947,
      "q" : "15600",
      "p" : "0.0041834",
      "s" : "sell",
      "i" : "ZBCN_USD",
      "m" : "4611686018428424187"
    }, {
      "d" : "1756448312350343248",
      "t" : 1756448312350,
      "tn" : 1756448312350343248,
      "q" : "15600",
      "p" : "0.0041847",
      "s" : "buy",
      "i" : "ZBCN_USD",
      "m" : "4611686018428424186"
    }, {
      "d" : "1756448312339651955",
      "t" : 1756448312339,
      "tn" : 1756448312339651955,
      "q" : "15600",
      "p" : "0.0041824",
      "s" : "buy",
      "i" : "ZBCN_USD",
      "m" : "4611686018428424185"
    }, {
      "d" : "1756448312334936715",
      "t" : 1756448312334,
      "tn" : 1756448312334936715,
      "q" : "15600",
      "p" : "0.0041823",
      "s" : "buy",
      "i" : "ZBCN_USD",
      "m" : "4611686018428424184"
    }, {
      "d" : "1756448312284485698",
      "t" : 1756448312284,
      "tn" : 1756448312284485698,
      "q" : "15600",
      "p" : "0.0041819",
      "s" : "buy",
      "i" : "ZBCN_USD",
      "m" : "4611686018428424183"
    }, {
      "d" : "1756447513780732425",
      "t" : 1756447513780,
      "tn" : 1756447513780732425,
      "q" : "15600",
      "p" : "0.0042319",
      "s" : "buy",
      "i" : "ZBCN_USD",
      "m" : "4611686018428424182"
    }, {
      "d" : "1756447513751456665",
      "t" : 1756447513751,
      "tn" : 1756447513751456665,
      "q" : "10800",
      "p" : "0.0042323",
      "s" : "sell",
      "i" : "ZBCN_USD",
      "m" : "4611686018428424181"
    }, {
      "d" : "1756447513751453994",
      "t" : 1756447513751,
      "tn" : 1756447513751453994,
      "q" : "4800",
      "p" : "0.0042324",
      "s" : "sell",
      "i" : "ZBCN_USD",
      "m" : "4611686018428424180"
    }, {
      "d" : "1756445249523391020",
      "t" : 1756445249523,
      "tn" : 1756445249523391020,
      "q" : "15600",
      "p" : "0.0042980",
      "s" : "sell",
      "i" : "ZBCN_USD",
      "m" : "4611686018428424179"
    }, {
      "d" : "1756445249517340654",
      "t" : 1756445249517,
      "tn" : 1756445249517340654,
      "q" : "15600",
      "p" : "0.0042990",
      "s" : "sell",
      "i" : "ZBCN_USD",
      "m" : "4611686018428424178"
    }, {
      "d" : "1756445111907443071",
      "t" : 1756445111907,
      "tn" : 1756445111907443071,
      "q" : "15100",
      "p" : "0.0042850",
      "s" : "sell",
      "i" : "ZBCN_USD",
      "m" : "4611686018428424177"
    }, {
      "d" : "1756445110859218576",
      "t" : 1756445110859,
      "tn" : 1756445110859218576,
      "q" : "14900",
      "p" : "0.0042850",
      "s" : "sell",
      "i" : "ZBCN_USD",
      "m" : "4611686018428424176"
    }, {
      "d" : "1756444975665552241",
      "t" : 1756444975665,
      "tn" : 1756444975665552241,
      "q" : "110800",
      "p" : "0.0043186",
      "s" : "buy",
      "i" : "ZBCN_USD",
      "m" : "4611686018428424175"
    }, {
      "d" : "1756444975665550008",
      "t" : 1756444975665,
      "tn" : 1756444975665550008,
      "q" : "2400",
      "p" : "0.0043185",
      "s" : "buy",
      "i" : "ZBCN_USD",
      "m" : "4611686018428424174"
    }, {
      "d" : "1756444975665547813",
      "t" : 1756444975665,
      "tn" : 1756444975665547812,
      "q" : "15600",
      "p" : "0.0043062",
      "s" : "buy",
      "i" : "ZBCN_USD",
      "m" : "4611686018428424173"
    }, {
      "d" : "1756444975665547812",
      "t" : 1756444975665,
      "tn" : 1756444975665547812,
      "q" : "10000",
      "p" : "0.0043062",
      "s" : "buy",
      "i" : "ZBCN_USD",
      "m" : "4611686018428424173"
    }, {
      "d" : "1756444975665544462",
      "t" : 1756444975665,
      "tn" : 1756444975665544462,
      "q" : "15600",
      "p" : "0.0043057",
      "s" : "buy",
      "i" : "ZBCN_USD",
      "m" : "4611686018428424172"
    }, {
      "d" : "1756444975665542334",
      "t" : 1756444975665,
      "tn" : 1756444975665542334,
      "q" : "10000",
      "p" : "0.0043056",
      "s" : "buy",
      "i" : "ZBCN_USD",
      "m" : "4611686018428424171"
    }, {
      "d" : "1756444975665539725",
      "t" : 1756444975665,
      "tn" : 1756444975665539725,
      "q" : "15600",
      "p" : "0.0043052",
      "s" : "buy",
      "i" : "ZBCN_USD",
      "m" : "4611686018428424170"
    }, {
      "d" : "1756444877203063872",
      "t" : 1756444877203,
      "tn" : 1756444877203063872,
      "q" : "40700",
      "p" : "0.0042682",
      "s" : "buy",
      "i" : "ZBCN_USD",
      "m" : "4611686018428424169"
    }, {
      "d" : "1756444877201945971",
      "t" : 1756444877201,
      "tn" : 1756444877201945971,
      "q" : "14800",
      "p" : "0.0042682",
      "s" : "buy",
      "i" : "ZBCN_USD",
      "m" : "4611686018428424168"
    }, {
      "d" : "1756444877201939538",
      "t" : 1756444877201,
      "tn" : 1756444877201939538,
      "q" : "62100",
      "p" : "0.0042682",
      "s" : "buy",
      "i" : "ZBCN_USD",
      "m" : "4611686018428424167"
    }, {
      "d" : "1756444877200089638",
      "t" : 1756444877200,
      "tn" : 1756444877200089638,
      "q" : "14800",
      "p" : "0.0042682",
      "s" : "buy",
      "i" : "ZBCN_USD",
      "m" : "4611686018428424166"
    }, {
      "d" : "1756444877197594216",
      "t" : 1756444877197,
      "tn" : 1756444877197594216,
      "q" : "62000",
      "p" : "0.0042682",
      "s" : "buy",
      "i" : "ZBCN_USD",
      "m" : "4611686018428424165"
    }, {
      "d" : "1756444877196216306",
      "t" : 1756444877196,
      "tn" : 1756444877196216306,
      "q" : "62100",
      "p" : "0.0042682",
      "s" : "buy",
      "i" : "ZBCN_USD",
      "m" : "4611686018428424164"
    }, {
      "d" : "1756444877175661267",
      "t" : 1756444877175,
      "tn" : 1756444877175661267,
      "q" : "100000",
      "p" : "0.0042682",
      "s" : "buy",
      "i" : "ZBCN_USD",
      "m" : "4611686018428424163"
    }, {
      "d" : "1756444877175216882",
      "t" : 1756444877175,
      "tn" : 1756444877175216882,
      "q" : "31400",
      "p" : "0.0042682",
      "s" : "buy",
      "i" : "ZBCN_USD",
      "m" : "4611686018428424162"
    }, {
      "d" : "1756444877175149629",
      "t" : 1756444877175,
      "tn" : 1756444877175149629,
      "q" : "31400",
      "p" : "0.0042682",
      "s" : "buy",
      "i" : "ZBCN_USD",
      "m" : "4611686018428424161"
    }, {
      "d" : "1756444877175138400",
      "t" : 1756444877175,
      "tn" : 1756444877175138400,
      "q" : "15700",
      "p" : "0.0042682",
      "s" : "buy",
      "i" : "ZBCN_USD",
      "m" : "4611686018428424160"
    }, {
      "d" : "1756444877175128396",
      "t" : 1756444877175,
      "tn" : 1756444877175128396,
      "q" : "47100",
      "p" : "0.0042682",
      "s" : "buy",
      "i" : "ZBCN_USD",
      "m" : "4611686018428424159"
    }, {
      "d" : "1756444867194828623",
      "t" : 1756444867194,
      "tn" : 1756444867194828623,
      "q" : "15700",
      "p" : "0.0042682",
      "s" : "buy",
      "i" : "ZBCN_USD",
      "m" : "4611686018428424158"
    }, {
      "d" : "1756444867194826386",
      "t" : 1756444867194,
      "tn" : 1756444867194826386,
      "q" : "15700",
      "p" : "0.0042682",
      "s" : "buy",
      "i" : "ZBCN_USD",
      "m" : "4611686018428424157"
    }, {
      "d" : "1756444867194769433",
      "t" : 1756444867194,
      "tn" : 1756444867194769433,
      "q" : "15700",
      "p" : "0.0042682",
      "s" : "buy",
      "i" : "ZBCN_USD",
      "m" : "4611686018428424156"
    }, {
      "d" : "1756444847194691983",
      "t" : 1756444847194,
      "tn" : 1756444847194691983,
      "q" : "100000",
      "p" : "0.0042682",
      "s" : "buy",
      "i" : "ZBCN_USD",
      "m" : "4611686018428424155"
    }, {
      "d" : "1756444847184545213",
      "t" : 1756444847184,
      "tn" : 1756444847184545213,
      "q" : "200000",
      "p" : "0.0042682",
      "s" : "buy",
      "i" : "ZBCN_USD",
      "m" : "4611686018428424154"
    }, {
      "d" : "1756444847180363472",
      "t" : 1756444847180,
      "tn" : 1756444847180363472,
      "q" : "15700",
      "p" : "0.0042682",
      "s" : "buy",
      "i" : "ZBCN_USD",
      "m" : "4611686018428424153"
    }, {
      "d" : "1756444847180244088",
      "t" : 1756444847180,
      "tn" : 1756444847180244088,
      "q" : "14100",
      "p" : "0.0042682",
      "s" : "buy",
      "i" : "ZBCN_USD",
      "m" : "4611686018428424152"
    }, {
      "d" : "1756444847180241583",
      "t" : 1756444847180,
      "tn" : 1756444847180241583,
      "q" : "15600",
      "p" : "0.0042682",
      "s" : "buy",
      "i" : "ZBCN_USD",
      "m" : "4611686018428424151"
    }, {
      "d" : "1756444847180239322",
      "t" : 1756444847180,
      "tn" : 1756444847180239322,
      "q" : "5200",
      "p" : "0.0042682",
      "s" : "buy",
      "i" : "ZBCN_USD",
      "m" : "4611686018428424150"
    }, {
      "d" : "1756444847180162846",
      "t" : 1756444847180,
      "tn" : 1756444847180162846,
      "q" : "9400",
      "p" : "0.0042682",
      "s" : "buy",
      "i" : "ZBCN_USD",
      "m" : "4611686018428424149"
    } ]
  }
}