{
  "id" : -1,
  "method" : "public/get-trades",
  "code" : 0,
  "result" : {
    "data" : [ {
      "d" : "1756461102458769314",
      "t" : 1756461102458,
      "tn" : 1756461102458769314,
      "q" : "9820",
      "p" : "0.006840",
      "s" : "buy",
      "i" : "ZED_USD",
      "m" : "4611686018430173323"
    }, {
      "d" : "1756459533325068217",
      "t" : 1756459533325,
      "tn" : 1756459533325068217,
      "q" : "1420",
      "p" : "0.006836",
      "s" : "sell",
      "i" : "ZED_USD",
      "m" : "4611686018430173322"
    }, {
      "d" : "1756444778748030431",
      "t" : 1756444778748,
      "tn" : 1756444778748030431,
      "q" : "9820",
      "p" : "0.007056",
      "s" : "buy",
      "i" : "ZED_USD",
      "m" : "4611686018430173321"
    }, {
      "d" : "1756441694904160195",
      "t" : 1756441694904,
      "tn" : 1756441694904160195,
      "q" : "8300",
      "p" : "0.007100",
      "s" : "sell",
      "i" : "ZED_USD",
      "m" : "4611686018430173320"
    }, {
      "d" : "1756440234466544139",
      "t" : 1756440234466,
      "tn" : 1756440234466544139,
      "q" : "8280",
      "p" : "0.007089",
      "s" : "sell",
      "i" : "ZED_USD",
      "m" : "4611686018430173319"
    }, {
      "d" : "1756439623652674077",
      "t" : 1756439623652,
      "tn" : 1756439623652674077,
      "q" : "8270",
      "p" : "0.007105",
      "s" : "sell",
      "i" : "ZED_USD",
      "m" : "4611686018430173318"
    }, {
      "d" : "1756439453361231843",
      "t" : 1756439453361,
      "tn" : 1756439453361231843,
      "q" : "11250",
      "p" : "0.007104",
      "s" : "buy",
      "i" : "ZED_USD",
      "m" : "4611686018430173317"
    }, {
      "d" : "1756439448971529381",
      "t" : 1756439448971,
      "tn" : 1756439448971529381,
      "q" : "17470",
      "p" : "0.007104",
      "s" : "sell",
      "i" : "ZED_USD",
      "m" : "4611686018430173316"
    }, {
      "d" : "1756438910507486484",
      "t" : 1756438910507,
      "tn" : 1756438910507486484,
      "q" : "8270",
      "p" : "0.007108",
      "s" : "sell",
      "i" : "ZED_USD",
      "m" : "4611686018430173315"
    }, {
      "d" : "1756438603497767481",
      "t" : 1756438603497,
      "tn" : 1756438603497767481,
      "q" : "8060",
      "p" : "0.007068",
      "s" : "sell",
      "i" : "ZED_USD",
      "m" : "4611686018430173314"
    }, {
      "d" : "1756438600381383644",
      "t" : 1756438600381,
      "tn" : 1756438600381383644,
      "q" : "17470",
      "p" : "0.007078",
      "s" : "sell",
      "i" : "ZED_USD",
      "m" : "4611686018430173313"
    }, {
      "d" : "1756438597280012519",
      "t" : 1756438597280,
      "tn" : 1756438597280012519,
      "q" : "17470",
      "p" : "0.007086",
      "s" : "sell",
      "i" : "ZED_USD",
      "m" : "4611686018430173312"
    }, {
      "d" : "1756438582294820846",
      "t" : 1756438582294,
      "tn" : 1756438582294820846,
      "q" : "8260",
      "p" : "0.007085",
      "s" : "sell",
      "i" : "ZED_USD",
      "m" : "4611686018430173311"
    }, {
      "d" : "1756438503811804940",
      "t" : 1756438503811,
      "tn" : 1756438503811804940,
      "q" : "8260",
      "p" : "0.007078",
      "s" : "sell",
      "i" : "ZED_USD",
      "m" : "4611686018430173310"
    }, {
      "d" : "1756438162230220919",
      "t" : 1756438162230,
      "tn" : 1756438162230220919,
      "q" : "8250",
      "p" : "0.007073",
      "s" : "sell",
      "i" : "ZED_USD",
      "m" : "4611686018430173309"
    }, {
      "d" : "1756437516282427715",
      "t" : 1756437516282,
      "tn" : 1756437516282427715,
      "q" : "8250",
      "p" : "0.007072",
      "s" : "sell",
      "i" : "ZED_USD",
      "m" : "4611686018430173308"
    }, {
      "d" : "1756437483049776792",
      "t" : 1756437483049,
      "tn" : 1756437483049776792,
      "q" : "9820",
      "p" : "0.007070",
      "s" : "buy",
      "i" : "ZED_USD",
      "m" : "4611686018430173307"
    }, {
      "d" : "1756435484027533281",
      "t" : 1756435484027,
      "tn" : 1756435484027533281,
      "q" : "9820",
      "p" : "0.007037",
      "s" : "buy",
      "i" : "ZED_USD",
      "m" : "4611686018430173306"
    }, {
      "d" : "1756434731238053978",
      "t" : 1756434731238,
      "tn" : 1756434731238053978,
      "q" : "8230",
      "p" : "0.007032",
      "s" : "sell",
      "i" : "ZED_USD",
      "m" : "4611686018430173305"
    }, {
      "d" : "1756434459296265177",
      "t" : 1756434459296,
      "tn" : 1756434459296265177,
      "q" : "8230",
      "p" : "0.007040",
      "s" : "sell",
      "i" : "ZED_USD",
      "m" : "4611686018430173304"
    }, {
      "d" : "1756434256807022028",
      "t" : 1756434256807,
      "tn" : 1756434256807022028,
      "q" : "8230",
      "p" : "0.007048",
      "s" : "sell",
      "i" : "ZED_USD",
      "m" : "4611686018430173303"
    }, {
      "d" : "1756434121998993658",
      "t" : 1756434121998,
      "tn" : 1756434121998993658,
      "q" : "8210",
      "p" : "0.007039",
      "s" : "sell",
      "i" : "ZED_USD",
      "m" : "4611686018430173302"
    }, {
      "d" : "1756432630248493426",
      "t" : 1756432630248,
      "tn" : 1756432630248493426,
      "q" : "14470",
      "p" : "0.007004",
      "s" : "sell",
      "i" : "ZED_USD",
      "m" : "4611686018430173301"
    }, {
      "d" : "1756430383437287047",
      "t" : 1756430383437,
      "tn" : 1756430383437287047,
      "q" : "8210",
      "p" : "0.006995",
      "s" : "sell",
      "i" : "ZED_USD",
      "m" : "4611686018430173300"
    }, {
      "d" : "1756428004310275236",
      "t" : 1756428004310,
      "tn" : 1756428004310275236,
      "q" : "8210",
      "p" : "0.007053",
      "s" : "sell",
      "i" : "ZED_USD",
      "m" : "4611686018430173299"
    }, {
      "d" : "1756427868719574678",
      "t" : 1756427868719,
      "tn" : 1756427868719574678,
      "q" : "8190",
      "p" : "0.007051",
      "s" : "sell",
      "i" : "ZED_USD",
      "m" : "4611686018430173298"
    }, {
      "d" : "1756423438959305289",
      "t" : 1756423438959,
      "tn" : 1756423438959305289,
      "q" : "10620",
      "p" : "0.007108",
      "s" : "buy",
      "i" : "ZED_USD",
      "m" : "4611686018430173297"
    }, {
      "d" : "1756423358321299724",
      "t" : 1756423358321,
      "tn" : 1756423358321299724,
      "q" : "17520",
      "p" : "0.007106",
      "s" : "buy",
      "i" : "ZED_USD",
      "m" : "4611686018430173296"
    }, {
      "d" : "1756423108654574028",
      "t" : 1756423108654,
      "tn" : 1756423108654574028,
      "q" : "8220",
      "p" : "0.007125",
      "s" : "buy",
      "i" : "ZED_USD",
      "m" : "4611686018430173295"
    }, {
      "d" : "1756422734973336043",
      "t" : 1756422734973,
      "tn" : 1756422734973336043,
      "q" : "8230",
      "p" : "0.007117",
      "s" : "buy",
      "i" : "ZED_USD",
      "m" : "4611686018430173294"
    }, {
      "d" : "1756422623768941136",
      "t" : 1756422623768,
      "tn" : 1756422623768941136,
      "q" : "550",
      "p" : "0.007083",
      "s" : "sell",
      "i" : "ZED_USD",
      "m" : "4611686018430173293"
    }, {
      "d" : "1756422430700299475",
      "t" : 1756422430700,
      "tn" : 1756422430700299475,
      "q" : "8240",
      "p" : "0.007125",
      "s" : "buy",
      "i" : "ZED_USD",
      "m" : "4611686018430173292"
    }, {
      "d" : "1756422260665322177",
      "t" : 1756422260665,
      "tn" : 1756422260665322177,
      "q" : "8250",
      "p" : "0.007124",
      "s" : "buy",
      "i" : "ZED_USD",
      "m" : "4611686018430173291"
    }, {
      "d" : "1756422091012146091",
      "t" : 1756422091012,
      "tn" : 1756422091012146091,
      "q" : "8260",
      "p" : "0.007114",
      "s" : "buy",
      "i" : "ZED_USD",
      "m" : "4611686018430173290"
    }, {
      "d" : "1756421547195767285",
      "t" : 1756421547195,
      "tn" : 1756421547195767285,
      "q" : "8270",
      "p" : "0.007125",
      "s" : "buy",
      "i" : "ZED_USD",
      "m" : "4611686018430173289"
    }, {
      "d" : "1756419157742099950",
      "t" : 1756419157742,
      "tn" : 1756419157742099950,
      "q" : "8280",
      "p" : "0.007109",
      "s" : "buy",
      "i" : "ZED_USD",
      "m" : "4611686018430173288"
    }, {
      "d" : "1756418680855382771",
      "t" : 1756418680855,
      "tn" : 1756418680855382771,
      "q" : "8290",
      "p" : "0.007108",
      "s" : "buy",
      "i" : "ZED_USD",
      "m" : "4611686018430173287"
    }, {
      "d" : "1756413021937700732",
      "t" : 1756413021937,
      "tn" : 1756413021937700732,
      "q" : "620",
      "p" : "0.006977",
      "s" : "sell",
      "i" : "ZED_USD",
      "m" : "4611686018430173286"
    }, {
      "d" : "1756407077788082295",
      "t" : 1756407077788,
      "tn" : 1756407077788082295,
      "q" : "10840",
      "p" : "0.007047",
      "s" : "buy",
      "i" : "ZED_USD",
      "m" : "4611686018430173285"
    }, {
      "d" : "1756407042032472839",
      "t" : 1756407042032,
      "tn" : 1756407042032472839,
      "q" : "17560",
      "p" : "0.007041",
      "s" : "buy",
      "i" : "ZED_USD",
      "m" : "4611686018430173284"
    }, {
      "d" : "1756406868832411759",
      "t" : 1756406868832,
      "tn" : 1756406868832411759,
      "q" : "6740",
      "p" : "0.007049",
      "s" : "buy",
      "i" : "ZED_USD",
      "m" : "4611686018430173283"
    }, {
      "d" : "1756406868832409137",
      "t" : 1756406868832,
      "tn" : 1756406868832409136,
      "q" : "13870",
      "p" : "0.007048",
      "s" : "buy",
      "i" : "ZED_USD",
      "m" : "4611686018430173282"
    }, {
      "d" : "1756406868832409136",
      "t" : 1756406868832,
      "tn" : 1756406868832409136,
      "q" : "7780",
      "p" : "0.007048",
      "s" : "buy",
      "i" : "ZED_USD",
      "m" : "4611686018430173282"
    }, {
      "d" : "1756406416520365096",
      "t" : 1756406416520,
      "tn" : 1756406416520365096,
      "q" : "8300",
      "p" : "0.007068",
      "s" : "buy",
      "i" : "ZED_USD",
      "m" : "4611686018430173281"
    }, {
      "d" : "1756406280448484316",
      "t" : 1756406280448,
      "tn" : 1756406280448484316,
      "q" : "8310",
      "p" : "0.007068",
      "s" : "buy",
      "i" : "ZED_USD",
      "m" : "4611686018430173280"
    }, {
      "d" : "1756404545265456235",
      "t" : 1756404545265,
      "tn" : 1756404545265456235,
      "q" : "8320",
      "p" : "0.007035",
      "s" : "buy",
      "i" : "ZED_USD",
      "m" : "4611686018430173279"
    }, {
      "d" : "1756400699602961780",
      "t" : 1756400699602,
      "tn" : 1756400699602961780,
      "q" : "13870",
      "p" : "0.007126",
      "s" : "sell",
      "i" : "ZED_USD",
      "m" : "4611686018430173278"
    }, {
      "d" : "1756400687464026791",
      "t" : 1756400687464,
      "tn" : 1756400687464026791,
      "q" : "8310",
      "p" : "0.007156",
      "s" : "sell",
      "i" : "ZED_USD",
      "m" : "4611686018430173277"
    }, {
      "d" : "1756400523277647003",
      "t" : 1756400523277,
      "tn" : 1756400523277647003,
      "q" : "8300",
      "p" : "0.007156",
      "s" : "sell",
      "i" : "ZED_USD",
      "m" : "4611686018430173276"
    }, {
      "d" : "1756400176901046126",
      "t" : 1756400176901,
      "tn" : 1756400176901046126,
      "q" : "8300",
      "p" : "0.007179",
      "s" : "sell",
      "i" : "ZED_USD",
      "m" : "4611686018430173275"
    }, {
      "d" : "1756399906006644142",
      "t" : 1756399906006,
      "tn" : 1756399906006644142,
      "q" : "8280",
      "p" : "0.007213",
      "s" : "sell",
      "i" : "ZED_USD",
      "m" : "4611686018430173274"
    }, {
      "d" : "1756399609930788737",
      "t" : 1756399609930,
      "tn" : 1756399609930788737,
      "q" : "8280",
      "p" : "0.007216",
      "s" : "sell",
      "i" : "ZED_USD",
      "m" : "4611686018430173273"
    }, {
      "d" : "1756399534236615274",
      "t" : 1756399534236,
      "tn" : 1756399534236615274,
      "q" : "8270",
      "p" : "0.007223",
      "s" : "sell",
      "i" : "ZED_USD",
      "m" : "4611686018430173272"
    }, {
      "d" : "1756393303143630600",
      "t" : 1756393303143,
      "tn" : 1756393303143630600,
      "q" : "10400",
      "p" : "0.007285",
      "s" : "buy",
      "i" : "ZED_USD",
      "m" : "4611686018430173271"
    }, {
      "d" : "1756393302347765042",
      "t" : 1756393302347,
      "tn" : 1756393302347765042,
      "q" : "17380",
      "p" : "0.007285",
      "s" : "sell",
      "i" : "ZED_USD",
      "m" : "4611686018430173270"
    }, {
      "d" : "1756393106136425064",
      "t" : 1756393106136,
      "tn" : 1756393106136425064,
      "q" : "7390",
      "p" : "0.007275",
      "s" : "buy",
      "i" : "ZED_USD",
      "m" : "4611686018430173269"
    }, {
      "d" : "1756393105038539591",
      "t" : 1756393105038,
      "tn" : 1756393105038539591,
      "q" : "17730",
      "p" : "0.007275",
      "s" : "sell",
      "i" : "ZED_USD",
      "m" : "4611686018430173268"
    }, {
      "d" : "1756393105038536981",
      "t" : 1756393105038,
      "tn" : 1756393105038536981,
      "q" : "17380",
      "p" : "0.007288",
      "s" : "sell",
      "i" : "ZED_USD",
      "m" : "4611686018430173267"
    }, {
      "d" : "1756392859123503741",
      "t" : 1756392859123,
      "tn" : 1756392859123503741,
      "q" : "8270",
      "p" : "0.007291",
      "s" : "sell",
      "i" : "ZED_USD",
      "m" : "4611686018430173266"
    }, {
      "d" : "1756392689470645934",
      "t" : 1756392689470,
      "tn" : 1756392689470645934,
      "q" : "8250",
      "p" : "0.007299",
      "s" : "sell",
      "i" : "ZED_USD",
      "m" : "4611686018430173265"
    }, {
      "d" : "1756392451873257632",
      "t" : 1756392451873,
      "tn" : 1756392451873257632,
      "q" : "1900",
      "p" : "0.007293",
      "s" : "sell",
      "i" : "ZED_USD",
      "m" : "4611686018430173264"
    }, {
      "d" : "1756392451873255485",
      "t" : 1756392451873,
      "tn" : 1756392451873255485,
      "q" : "6350",
      "p" : "0.007294",
      "s" : "sell",
      "i" : "ZED_USD",
      "m" : "4611686018430173263"
    }, {
      "d" : "1756392214364556150",
      "t" : 1756392214364,
      "tn" : 1756392214364556150,
      "q" : "8240",
      "p" : "0.007294",
      "s" : "sell",
      "i" : "ZED_USD",
      "m" : "4611686018430173262"
    }, {
      "d" : "1756391978700383059",
      "t" : 1756391978700,
      "tn" : 1756391978700383059,
      "q" : "8240",
      "p" : "0.007280",
      "s" : "sell",
      "i" : "ZED_USD",
      "m" : "4611686018430173261"
    }, {
      "d" : "1756391708186264169",
      "t" : 1756391708186,
      "tn" : 1756391708186264169,
      "q" : "8220",
      "p" : "0.007273",
      "s" : "sell",
      "i" : "ZED_USD",
      "m" : "4611686018430173260"
    }, {
      "d" : "1756391269612857582",
      "t" : 1756391269612,
      "tn" : 1756391269612857582,
      "q" : "4300",
      "p" : "0.007309",
      "s" : "buy",
      "i" : "ZED_USD",
      "m" : "4611686018430173259"
    }, {
      "d" : "1756390721242478987",
      "t" : 1756390721242,
      "tn" : 1756390721242478987,
      "q" : "8220",
      "p" : "0.007307",
      "s" : "sell",
      "i" : "ZED_USD",
      "m" : "4611686018430173258"
    }, {
      "d" : "1756390415787782176",
      "t" : 1756390415787,
      "tn" : 1756390415787782176,
      "q" : "8210",
      "p" : "0.007312",
      "s" : "sell",
      "i" : "ZED_USD",
      "m" : "4611686018430173257"
    }, {
      "d" : "1756390031761244193",
      "t" : 1756390031761,
      "tn" : 1756390031761244193,
      "q" : "4450",
      "p" : "0.007361",
      "s" : "buy",
      "i" : "ZED_USD",
      "m" : "4611686018430173256"
    }, {
      "d" : "1756390026808305913",
      "t" : 1756390026808,
      "tn" : 1756390026808305913,
      "q" : "9820",
      "p" : "0.007343",
      "s" : "buy",
      "i" : "ZED_USD",
      "m" : "4611686018430173255"
    }, {
      "d" : "1756389730623323430",
      "t" : 1756389730623,
      "tn" : 1756389730623323430,
      "q" : "10660",
      "p" : "0.007288",
      "s" : "sell",
      "i" : "ZED_USD",
      "m" : "4611686018430173254"
    }, {
      "d" : "1756389723075255274",
      "t" : 1756389723075,
      "tn" : 1756389723075255274,
      "q" : "17380",
      "p" : "0.007289",
      "s" : "buy",
      "i" : "ZED_USD",
      "m" : "4611686018430173253"
    }, {
      "d" : "1756389702916860424",
      "t" : 1756389702916,
      "tn" : 1756389702916860424,
      "q" : "8210",
      "p" : "0.007287",
      "s" : "sell",
      "i" : "ZED_USD",
      "m" : "4611686018430173252"
    }, {
      "d" : "1756389600129703164",
      "t" : 1756389600129,
      "tn" : 1756389600129703164,
      "q" : "1000",
      "p" : "0.007291",
      "s" : "buy",
      "i" : "ZED_USD",
      "m" : "4611686018430173251"
    }, {
      "d" : "1756389397382180987",
      "t" : 1756389397382,
      "tn" : 1756389397382180987,
      "q" : "8190",
      "p" : "0.007291",
      "s" : "sell",
      "i" : "ZED_USD",
      "m" : "4611686018430173250"
    }, {
      "d" : "1756389124640350931",
      "t" : 1756389124640,
      "tn" : 1756389124640350931,
      "q" : "8190",
      "p" : "0.007282",
      "s" : "sell",
      "i" : "ZED_USD",
      "m" : "4611686018430173249"
    }, {
      "d" : "1756388855720046272",
      "t" : 1756388855720,
      "tn" : 1756388855720046272,
      "q" : "8190",
      "p" : "0.007300",
      "s" : "sell",
      "i" : "ZED_USD",
      "m" : "4611686018430173248"
    }, {
      "d" : "1756388754410260592",
      "t" : 1756388754410,
      "tn" : 1756388754410260592,
      "q" : "8170",
      "p" : "0.007300",
      "s" : "sell",
      "i" : "ZED_USD",
      "m" : "4611686018430173247"
    }, {
      "d" : "1756385596541706865",
      "t" : 1756385596541,
      "tn" : 1756385596541706865,
      "q" : "8200",
      "p" : "0.007401",
      "s" : "buy",
      "i" : "ZED_USD",
      "m" : "4611686018430173246"
    }, {
      "d" : "1756383065190386295",
      "t" : 1756383065190,
      "tn" : 1756383065190386295,
      "q" : "3120",
      "p" : "0.007367",
      "s" : "buy",
      "i" : "ZED_USD",
      "m" : "4611686018430173245"
    }, {
      "d" : "1756383059997878242",
      "t" : 1756383059997,
      "tn" : 1756383059997878242,
      "q" : "9820",
      "p" : "0.007362",
      "s" : "buy",
      "i" : "ZED_USD",
      "m" : "4611686018430173244"
    }, {
      "d" : "1756383022391599897",
      "t" : 1756383022391,
      "tn" : 1756383022391599897,
      "q" : "8210",
      "p" : "0.007335",
      "s" : "buy",
      "i" : "ZED_USD",
      "m" : "4611686018430173243"
    }, {
      "d" : "1756382867646558576",
      "t" : 1756382867646,
      "tn" : 1756382867646558576,
      "q" : "1940",
      "p" : "0.007301",
      "s" : "buy",
      "i" : "ZED_USD",
      "m" : "4611686018430173242"
    }, {
      "d" : "1756382867646554534",
      "t" : 1756382867646,
      "tn" : 1756382867646554534,
      "q" : "7410",
      "p" : "0.007301",
      "s" : "buy",
      "i" : "ZED_USD",
      "m" : "4611686018430173241"
    }, {
      "d" : "1756382867646552252",
      "t" : 1756382867646,
      "tn" : 1756382867646552252,
      "q" : "9820",
      "p" : "0.007282",
      "s" : "buy",
      "i" : "ZED_USD",
      "m" : "4611686018430173240"
    }, {
      "d" : "1756382854233650824",
      "t" : 1756382854233,
      "tn" : 1756382854233650824,
      "q" : "8220",
      "p" : "0.007239",
      "s" : "buy",
      "i" : "ZED_USD",
      "m" : "4611686018430173239"
    }, {
      "d" : "1756382416451106878",
      "t" : 1756382416451,
      "tn" : 1756382416451106878,
      "q" : "8230",
      "p" : "0.007253",
      "s" : "buy",
      "i" : "ZED_USD",
      "m" : "4611686018430173238"
    }, {
      "d" : "1756382248111985261",
      "t" : 1756382248111,
      "tn" : 1756382248111985261,
      "q" : "8240",
      "p" : "0.007247",
      "s" : "buy",
      "i" : "ZED_USD",
      "m" : "4611686018430173237"
    }, {
      "d" : "1756382079012852118",
      "t" : 1756382079012,
      "tn" : 1756382079012852118,
      "q" : "8250",
      "p" : "0.007244",
      "s" : "buy",
      "i" : "ZED_USD",
      "m" : "4611686018430173236"
    }, {
      "d" : "1756377232048056811",
      "t" : 1756377232048,
      "tn" : 1756377232048056811,
      "q" : "13790",
      "p" : "0.007275",
      "s" : "buy",
      "i" : "ZED_USD",
      "m" : "4611686018430173235"
    } ]
  }
}