{
  "id" : -1,
  "method" : "public/get-trades",
  "code" : 0,
  "result" : {
    "data" : [ {
      "d" : "1756461223688842105",
      "t" : 1756461223688,
      "tn" : 1756461223688842105,
      "q" : "59",
      "p" : "0.02402",
      "s" : "buy",
      "i" : "ZERC_USD",
      "m" : "4611686018428153248"
    }, {
      "d" : "1756461223688840058",
      "t" : 1756461223688,
      "tn" : 1756461223688840058,
      "q" : "1190",
      "p" : "0.02390",
      "s" : "buy",
      "i" : "ZERC_USD",
      "m" : "4611686018428153247"
    }, {
      "d" : "1756460660323324099",
      "t" : 1756460660323,
      "tn" : 1756460660323324099,
      "q" : "1266",
      "p" : "0.02370",
      "s" : "buy",
      "i" : "ZERC_USD",
      "m" : "4611686018428153246"
    }, {
      "d" : "1756460392789269878",
      "t" : 1756460392789,
      "tn" : 1756460392789269878,
      "q" : "1264",
      "p" : "0.02373",
      "s" : "buy",
      "i" : "ZERC_USD",
      "m" : "4611686018428153245"
    }, {
      "d" : "1756453989129444689",
      "t" : 1756453989129,
      "tn" : 1756453989129444689,
      "q" : "1263",
      "p" : "0.02375",
      "s" : "buy",
      "i" : "ZERC_USD",
      "m" : "4611686018428153244"
    }, {
      "d" : "1756453168329082744",
      "t" : 1756453168329,
      "tn" : 1756453168329082744,
      "q" : "1701",
      "p" : "0.02351",
      "s" : "buy",
      "i" : "ZERC_USD",
      "m" : "4611686018428153243"
    }, {
      "d" : "1756448993867104806",
      "t" : 1756448993867,
      "tn" : 1756448993867104806,
      "q" : "1735",
      "p" : "0.02306",
      "s" : "sell",
      "i" : "ZERC_USD",
      "m" : "4611686018428153242"
    }, {
      "d" : "1756448473592608468",
      "t" : 1756448473592,
      "tn" : 1756448473592608468,
      "q" : "1068",
      "p" : "0.02340",
      "s" : "buy",
      "i" : "ZERC_USD",
      "m" : "4611686018428153241"
    }, {
      "d" : "1756448473484415927",
      "t" : 1756448473484,
      "tn" : 1756448473484415927,
      "q" : "3846",
      "p" : "0.02340",
      "s" : "buy",
      "i" : "ZERC_USD",
      "m" : "4611686018428153240"
    }, {
      "d" : "1756448471706313592",
      "t" : 1756448471706,
      "tn" : 1756448471706313592,
      "q" : "2474",
      "p" : "0.02340",
      "s" : "buy",
      "i" : "ZERC_USD",
      "m" : "4611686018428153239"
    }, {
      "d" : "1756448469762134102",
      "t" : 1756448469762,
      "tn" : 1756448469762134102,
      "q" : "1282",
      "p" : "0.02340",
      "s" : "buy",
      "i" : "ZERC_USD",
      "m" : "4611686018428153238"
    }, {
      "d" : "1756448230096172757",
      "t" : 1756448230096,
      "tn" : 1756448230096172757,
      "q" : "925",
      "p" : "0.02323",
      "s" : "buy",
      "i" : "ZERC_USD",
      "m" : "4611686018428153237"
    }, {
      "d" : "1756448229957171914",
      "t" : 1756448229957,
      "tn" : 1756448229957171914,
      "q" : "3344",
      "p" : "0.02323",
      "s" : "buy",
      "i" : "ZERC_USD",
      "m" : "4611686018428153236"
    }, {
      "d" : "1756448229957170000",
      "t" : 1756448229957,
      "tn" : 1756448229957170000,
      "q" : "530",
      "p" : "0.02315",
      "s" : "buy",
      "i" : "ZERC_USD",
      "m" : "4611686018428153235"
    }, {
      "d" : "1756448229905959442",
      "t" : 1756448229905,
      "tn" : 1756448229905959442,
      "q" : "3888",
      "p" : "0.02315",
      "s" : "buy",
      "i" : "ZERC_USD",
      "m" : "4611686018428153234"
    }, {
      "d" : "1756447458826089015",
      "t" : 1756447458826,
      "tn" : 1756447458826089015,
      "q" : "3483",
      "p" : "0.02297",
      "s" : "sell",
      "i" : "ZERC_USD",
      "m" : "4611686018428153233"
    }, {
      "d" : "1756447266373100475",
      "t" : 1756447266373,
      "tn" : 1756447266373100475,
      "q" : "3304",
      "p" : "0.02310",
      "s" : "buy",
      "i" : "ZERC_USD",
      "m" : "4611686018428153232"
    }, {
      "d" : "1756447266373098817",
      "t" : 1756447266373,
      "tn" : 1756447266373098817,
      "q" : "592",
      "p" : "0.02296",
      "s" : "buy",
      "i" : "ZERC_USD",
      "m" : "4611686018428153231"
    }, {
      "d" : "1756447266304814264",
      "t" : 1756447266304,
      "tn" : 1756447266304814264,
      "q" : "3920",
      "p" : "0.02296",
      "s" : "buy",
      "i" : "ZERC_USD",
      "m" : "4611686018428153230"
    }, {
      "d" : "1756447254120022805",
      "t" : 1756447254120,
      "tn" : 1756447254120022805,
      "q" : "3927",
      "p" : "0.02292",
      "s" : "buy",
      "i" : "ZERC_USD",
      "m" : "4611686018428153229"
    }, {
      "d" : "1756446731281994429",
      "t" : 1756446731281,
      "tn" : 1756446731281994429,
      "q" : "3889",
      "p" : "0.02314",
      "s" : "buy",
      "i" : "ZERC_USD",
      "m" : "4611686018428153228"
    }, {
      "d" : "1756446638073796747",
      "t" : 1756446638073,
      "tn" : 1756446638073796747,
      "q" : "1711",
      "p" : "0.02302",
      "s" : "sell",
      "i" : "ZERC_USD",
      "m" : "4611686018428153227"
    }, {
      "d" : "1756446215355446156",
      "t" : 1756446215355,
      "tn" : 1756446215355446156,
      "q" : "868",
      "p" : "0.02305",
      "s" : "sell",
      "i" : "ZERC_USD",
      "m" : "4611686018428153226"
    }, {
      "d" : "1756446215329295395",
      "t" : 1756446215329,
      "tn" : 1756446215329295395,
      "q" : "3471",
      "p" : "0.02305",
      "s" : "sell",
      "i" : "ZERC_USD",
      "m" : "4611686018428153225"
    }, {
      "d" : "1756446014078675006",
      "t" : 1756446014078,
      "tn" : 1756446014078675006,
      "q" : "2898",
      "p" : "0.02272",
      "s" : "buy",
      "i" : "ZERC_USD",
      "m" : "4611686018428153224"
    }, {
      "d" : "1756445910769667246",
      "t" : 1756445910769,
      "tn" : 1756445910769667246,
      "q" : "69",
      "p" : "0.02273",
      "s" : "sell",
      "i" : "ZERC_USD",
      "m" : "4611686018428153223"
    }, {
      "d" : "1756445910769665566",
      "t" : 1756445910769,
      "tn" : 1756445910769665566,
      "q" : "8459",
      "p" : "0.02277",
      "s" : "sell",
      "i" : "ZERC_USD",
      "m" : "4611686018428153222"
    }, {
      "d" : "1756445910769662550",
      "t" : 1756445910769,
      "tn" : 1756445910769662550,
      "q" : "271",
      "p" : "0.02284",
      "s" : "sell",
      "i" : "ZERC_USD",
      "m" : "4611686018428153221"
    }, {
      "d" : "1756445910545811389",
      "t" : 1756445910545,
      "tn" : 1756445910545811389,
      "q" : "4310",
      "p" : "0.02284",
      "s" : "sell",
      "i" : "ZERC_USD",
      "m" : "4611686018428153220"
    }, {
      "d" : "1756445762392777720",
      "t" : 1756445762392,
      "tn" : 1756445762392777720,
      "q" : "3937",
      "p" : "0.02286",
      "s" : "buy",
      "i" : "ZERC_USD",
      "m" : "4611686018428153219"
    }, {
      "d" : "1756445752805248766",
      "t" : 1756445752805,
      "tn" : 1756445752805248766,
      "q" : "3863",
      "p" : "0.02284",
      "s" : "buy",
      "i" : "ZERC_USD",
      "m" : "4611686018428153218"
    }, {
      "d" : "1756445752759752192",
      "t" : 1756445752759,
      "tn" : 1756445752759752192,
      "q" : "3863",
      "p" : "0.02284",
      "s" : "buy",
      "i" : "ZERC_USD",
      "m" : "4611686018428153217"
    }, {
      "d" : "1756445611468206265",
      "t" : 1756445611468,
      "tn" : 1756445611468206265,
      "q" : "1998",
      "p" : "0.02265",
      "s" : "buy",
      "i" : "ZERC_USD",
      "m" : "4611686018428153216"
    }, {
      "d" : "1756445611424188637",
      "t" : 1756445611424,
      "tn" : 1756445611424188637,
      "q" : "1998",
      "p" : "0.02265",
      "s" : "buy",
      "i" : "ZERC_USD",
      "m" : "4611686018428153215"
    }, {
      "d" : "1756445038357640213",
      "t" : 1756445038357,
      "tn" : 1756445038357640213,
      "q" : "897",
      "p" : "0.02229",
      "s" : "sell",
      "i" : "ZERC_USD",
      "m" : "4611686018428153214"
    }, {
      "d" : "1756445034611364785",
      "t" : 1756445034611,
      "tn" : 1756445034611364785,
      "q" : "1604",
      "p" : "0.02229",
      "s" : "sell",
      "i" : "ZERC_USD",
      "m" : "4611686018428153213"
    }, {
      "d" : "1756445034587528532",
      "t" : 1756445034587,
      "tn" : 1756445034587528532,
      "q" : "1795",
      "p" : "0.02229",
      "s" : "sell",
      "i" : "ZERC_USD",
      "m" : "4611686018428153212"
    }, {
      "d" : "1756444576303242726",
      "t" : 1756444576303,
      "tn" : 1756444576303242726,
      "q" : "1939",
      "p" : "0.02226",
      "s" : "sell",
      "i" : "ZERC_USD",
      "m" : "4611686018428153211"
    }, {
      "d" : "1756444434224661337",
      "t" : 1756444434224,
      "tn" : 1756444434224661337,
      "q" : "2257",
      "p" : "0.02215",
      "s" : "buy",
      "i" : "ZERC_USD",
      "m" : "4611686018428153210"
    }, {
      "d" : "1756444434183798258",
      "t" : 1756444434183,
      "tn" : 1756444434183798258,
      "q" : "2008",
      "p" : "0.02215",
      "s" : "buy",
      "i" : "ZERC_USD",
      "m" : "4611686018428153209"
    }, {
      "d" : "1756444426378502442",
      "t" : 1756444426378,
      "tn" : 1756444426378502442,
      "q" : "4017",
      "p" : "0.02215",
      "s" : "buy",
      "i" : "ZERC_USD",
      "m" : "4611686018428153208"
    }, {
      "d" : "1756444237000149153",
      "t" : 1756444237000,
      "tn" : 1756444237000149153,
      "q" : "1104",
      "p" : "0.02232",
      "s" : "sell",
      "i" : "ZERC_USD",
      "m" : "4611686018428153207"
    }, {
      "d" : "1756444236529391799",
      "t" : 1756444236529,
      "tn" : 1756444236529391799,
      "q" : "2031",
      "p" : "0.02232",
      "s" : "sell",
      "i" : "ZERC_USD",
      "m" : "4611686018428153206"
    }, {
      "d" : "1756444178952531314",
      "t" : 1756444178952,
      "tn" : 1756444178952531314,
      "q" : "4371",
      "p" : "0.02235",
      "s" : "sell",
      "i" : "ZERC_USD",
      "m" : "4611686018428153205"
    }, {
      "d" : "1756443832396917834",
      "t" : 1756443832396,
      "tn" : 1756443832396917834,
      "q" : "1494",
      "p" : "0.02226",
      "s" : "sell",
      "i" : "ZERC_USD",
      "m" : "4611686018428153204"
    }, {
      "d" : "1756443707314896895",
      "t" : 1756443707314,
      "tn" : 1756443707314896895,
      "q" : "4074",
      "p" : "0.02209",
      "s" : "buy",
      "i" : "ZERC_USD",
      "m" : "4611686018428153203"
    }, {
      "d" : "1756443697504035337",
      "t" : 1756443697504,
      "tn" : 1756443697504035337,
      "q" : "1534",
      "p" : "0.02213",
      "s" : "buy",
      "i" : "ZERC_USD",
      "m" : "4611686018428153202"
    }, {
      "d" : "1756443562307836794",
      "t" : 1756443562307,
      "tn" : 1756443562307836794,
      "q" : "3067",
      "p" : "0.02220",
      "s" : "buy",
      "i" : "ZERC_USD",
      "m" : "4611686018428153201"
    }, {
      "d" : "1756443286294742249",
      "t" : 1756443286294,
      "tn" : 1756443286294742249,
      "q" : "3748",
      "p" : "0.02224",
      "s" : "buy",
      "i" : "ZERC_USD",
      "m" : "4611686018428153200"
    }, {
      "d" : "1756442450349410578",
      "t" : 1756442450349,
      "tn" : 1756442450349410578,
      "q" : "3554",
      "p" : "0.02251",
      "s" : "sell",
      "i" : "ZERC_USD",
      "m" : "4611686018428153199"
    }, {
      "d" : "1756442373049372055",
      "t" : 1756442373049,
      "tn" : 1756442373049372055,
      "q" : "3548",
      "p" : "0.02255",
      "s" : "sell",
      "i" : "ZERC_USD",
      "m" : "4611686018428153198"
    }, {
      "d" : "1756442324802500426",
      "t" : 1756442324802,
      "tn" : 1756442324802500426,
      "q" : "895",
      "p" : "0.02253",
      "s" : "sell",
      "i" : "ZERC_USD",
      "m" : "4611686018428153197"
    }, {
      "d" : "1756442324762494435",
      "t" : 1756442324762,
      "tn" : 1756442324762494435,
      "q" : "1775",
      "p" : "0.02253",
      "s" : "sell",
      "i" : "ZERC_USD",
      "m" : "4611686018428153196"
    }, {
      "d" : "1756442136933070689",
      "t" : 1756442136933,
      "tn" : 1756442136933070689,
      "q" : "4270",
      "p" : "0.02247",
      "s" : "sell",
      "i" : "ZERC_USD",
      "m" : "4611686018428153195"
    }, {
      "d" : "1756442084322295160",
      "t" : 1756442084322,
      "tn" : 1756442084322295160,
      "q" : "1099",
      "p" : "0.02259",
      "s" : "sell",
      "i" : "ZERC_USD",
      "m" : "4611686018428153194"
    }, {
      "d" : "1756442084298560820",
      "t" : 1756442084298,
      "tn" : 1756442084298560820,
      "q" : "885",
      "p" : "0.02259",
      "s" : "sell",
      "i" : "ZERC_USD",
      "m" : "4611686018428153193"
    }, {
      "d" : "1756442082039802771",
      "t" : 1756442082039,
      "tn" : 1756442082039802771,
      "q" : "1425",
      "p" : "0.02259",
      "s" : "sell",
      "i" : "ZERC_USD",
      "m" : "4611686018428153192"
    }, {
      "d" : "1756442082039800810",
      "t" : 1756442082039,
      "tn" : 1756442082039800810,
      "q" : "772",
      "p" : "0.02265",
      "s" : "sell",
      "i" : "ZERC_USD",
      "m" : "4611686018428153191"
    }, {
      "d" : "1756442080319822295",
      "t" : 1756442080319,
      "tn" : 1756442080319822295,
      "q" : "1766",
      "p" : "0.02265",
      "s" : "sell",
      "i" : "ZERC_USD",
      "m" : "4611686018428153190"
    }, {
      "d" : "1756442080293934574",
      "t" : 1756442080293,
      "tn" : 1756442080293934574,
      "q" : "1766",
      "p" : "0.02265",
      "s" : "sell",
      "i" : "ZERC_USD",
      "m" : "4611686018428153189"
    }, {
      "d" : "1756440338766119093",
      "t" : 1756440338766,
      "tn" : 1756440338766119093,
      "q" : "883",
      "p" : "0.02265",
      "s" : "buy",
      "i" : "ZERC_USD",
      "m" : "4611686018428153188"
    }, {
      "d" : "1756440338708215868",
      "t" : 1756440338708,
      "tn" : 1756440338708215868,
      "q" : "3532",
      "p" : "0.02265",
      "s" : "buy",
      "i" : "ZERC_USD",
      "m" : "4611686018428153187"
    }, {
      "d" : "1756437995481077831",
      "t" : 1756437995481,
      "tn" : 1756437995481077831,
      "q" : "1188",
      "p" : "0.02270",
      "s" : "buy",
      "i" : "ZERC_USD",
      "m" : "4611686018428153186"
    }, {
      "d" : "1756437974169234588",
      "t" : 1756437974169,
      "tn" : 1756437974169234588,
      "q" : "2207",
      "p" : "0.02266",
      "s" : "buy",
      "i" : "ZERC_USD",
      "m" : "4611686018428153185"
    }, {
      "d" : "1756437618921107006",
      "t" : 1756437618921,
      "tn" : 1756437618921107006,
      "q" : "4400",
      "p" : "0.02277",
      "s" : "buy",
      "i" : "ZERC_USD",
      "m" : "4611686018428153184"
    }, {
      "d" : "1756435244466884939",
      "t" : 1756435244466,
      "tn" : 1756435244466884939,
      "q" : "1078",
      "p" : "0.02268",
      "s" : "buy",
      "i" : "ZERC_USD",
      "m" : "4611686018428153183"
    }, {
      "d" : "1756435236317387632",
      "t" : 1756435236317,
      "tn" : 1756435236317387632,
      "q" : "1323",
      "p" : "0.02268",
      "s" : "buy",
      "i" : "ZERC_USD",
      "m" : "4611686018428153182"
    }, {
      "d" : "1756435192106735551",
      "t" : 1756435192106,
      "tn" : 1756435192106735551,
      "q" : "3974",
      "p" : "0.02265",
      "s" : "buy",
      "i" : "ZERC_USD",
      "m" : "4611686018428153181"
    }, {
      "d" : "1756434158932386260",
      "t" : 1756434158932,
      "tn" : 1756434158932386260,
      "q" : "1322",
      "p" : "0.02269",
      "s" : "buy",
      "i" : "ZERC_USD",
      "m" : "4611686018428153180"
    }, {
      "d" : "1756434158902229331",
      "t" : 1756434158902,
      "tn" : 1756434158902229331,
      "q" : "2821",
      "p" : "0.02269",
      "s" : "buy",
      "i" : "ZERC_USD",
      "m" : "4611686018428153179"
    }, {
      "d" : "1756433616678220059",
      "t" : 1756433616678,
      "tn" : 1756433616678220059,
      "q" : "1058",
      "p" : "0.02281",
      "s" : "sell",
      "i" : "ZERC_USD",
      "m" : "4611686018428153178"
    }, {
      "d" : "1756433614556883822",
      "t" : 1756433614556,
      "tn" : 1756433614556883822,
      "q" : "2111",
      "p" : "0.02281",
      "s" : "sell",
      "i" : "ZERC_USD",
      "m" : "4611686018428153177"
    }, {
      "d" : "1756433604344447659",
      "t" : 1756433604344,
      "tn" : 1756433604344447659,
      "q" : "3504",
      "p" : "0.02283",
      "s" : "sell",
      "i" : "ZERC_USD",
      "m" : "4611686018428153176"
    }, {
      "d" : "1756433600910315458",
      "t" : 1756433600910,
      "tn" : 1756433600910315458,
      "q" : "1601",
      "p" : "0.02279",
      "s" : "sell",
      "i" : "ZERC_USD",
      "m" : "4611686018428153175"
    }, {
      "d" : "1756432671113478758",
      "t" : 1756432671113,
      "tn" : 1756432671113478758,
      "q" : "3097",
      "p" : "0.02260",
      "s" : "buy",
      "i" : "ZERC_USD",
      "m" : "4611686018428153174"
    }, {
      "d" : "1756432671085834253",
      "t" : 1756432671085,
      "tn" : 1756432671085834253,
      "q" : "1104",
      "p" : "0.02260",
      "s" : "buy",
      "i" : "ZERC_USD",
      "m" : "4611686018428153173"
    }, {
      "d" : "1756432595034143206",
      "t" : 1756432595034,
      "tn" : 1756432595034143206,
      "q" : "3982",
      "p" : "0.02260",
      "s" : "buy",
      "i" : "ZERC_USD",
      "m" : "4611686018428153172"
    }, {
      "d" : "1756432241869212369",
      "t" : 1756432241869,
      "tn" : 1756432241869212369,
      "q" : "1327",
      "p" : "0.02261",
      "s" : "buy",
      "i" : "ZERC_USD",
      "m" : "4611686018428153171"
    }, {
      "d" : "1756432231032027186",
      "t" : 1756432231032,
      "tn" : 1756432231032027186,
      "q" : "3986",
      "p" : "0.02258",
      "s" : "buy",
      "i" : "ZERC_USD",
      "m" : "4611686018428153170"
    }, {
      "d" : "1756432180877274310",
      "t" : 1756432180877,
      "tn" : 1756432180877274310,
      "q" : "1109",
      "p" : "0.02254",
      "s" : "sell",
      "i" : "ZERC_USD",
      "m" : "4611686018428153169"
    }, {
      "d" : "1756432174675582422",
      "t" : 1756432174675,
      "tn" : 1756432174675582422,
      "q" : "1771",
      "p" : "0.02251",
      "s" : "sell",
      "i" : "ZERC_USD",
      "m" : "4611686018428153168"
    }, {
      "d" : "1756432174643914233",
      "t" : 1756432174643,
      "tn" : 1756432174643914233,
      "q" : "1111",
      "p" : "0.02251",
      "s" : "sell",
      "i" : "ZERC_USD",
      "m" : "4611686018428153167"
    }, {
      "d" : "1756432164383790579",
      "t" : 1756432164383,
      "tn" : 1756432164383790579,
      "q" : "1776",
      "p" : "0.02252",
      "s" : "sell",
      "i" : "ZERC_USD",
      "m" : "4611686018428153166"
    }, {
      "d" : "1756432164342078000",
      "t" : 1756432164342,
      "tn" : 1756432164342078000,
      "q" : "1813",
      "p" : "0.02252",
      "s" : "sell",
      "i" : "ZERC_USD",
      "m" : "4611686018428153165"
    }, {
      "d" : "1756432144332919280",
      "t" : 1756432144332,
      "tn" : 1756432144332919280,
      "q" : "3637",
      "p" : "0.02257",
      "s" : "sell",
      "i" : "ZERC_USD",
      "m" : "4611686018428153164"
    }, {
      "d" : "1756432051019856553",
      "t" : 1756432051019,
      "tn" : 1756432051019856553,
      "q" : "1338",
      "p" : "0.02242",
      "s" : "buy",
      "i" : "ZERC_USD",
      "m" : "4611686018428153163"
    }, {
      "d" : "1756432050984381817",
      "t" : 1756432050984,
      "tn" : 1756432050984381817,
      "q" : "1461",
      "p" : "0.02242",
      "s" : "buy",
      "i" : "ZERC_USD",
      "m" : "4611686018428153162"
    }, {
      "d" : "1756432044278721820",
      "t" : 1756432044278,
      "tn" : 1756432044278721820,
      "q" : "1761",
      "p" : "0.02242",
      "s" : "buy",
      "i" : "ZERC_USD",
      "m" : "4611686018428153161"
    }, {
      "d" : "1756431952664667808",
      "t" : 1756431952664,
      "tn" : 1756431952664667808,
      "q" : "2941",
      "p" : "0.02255",
      "s" : "buy",
      "i" : "ZERC_USD",
      "m" : "4611686018428153160"
    }, {
      "d" : "1756431942336635169",
      "t" : 1756431942336,
      "tn" : 1756431942336635169,
      "q" : "3989",
      "p" : "0.02256",
      "s" : "buy",
      "i" : "ZERC_USD",
      "m" : "4611686018428153159"
    }, {
      "d" : "1756431580632058719",
      "t" : 1756431580632,
      "tn" : 1756431580632058719,
      "q" : "889",
      "p" : "0.02249",
      "s" : "buy",
      "i" : "ZERC_USD",
      "m" : "4611686018428153158"
    }, {
      "d" : "1756431570542311013",
      "t" : 1756431570542,
      "tn" : 1756431570542311013,
      "q" : "3996",
      "p" : "0.02252",
      "s" : "buy",
      "i" : "ZERC_USD",
      "m" : "4611686018428153157"
    }, {
      "d" : "1756431425073577191",
      "t" : 1756431425073,
      "tn" : 1756431425073577191,
      "q" : "4005",
      "p" : "0.02247",
      "s" : "buy",
      "i" : "ZERC_USD",
      "m" : "4611686018428153156"
    }, {
      "d" : "1756431141316763871",
      "t" : 1756431141316,
      "tn" : 1756431141316763871,
      "q" : "3535",
      "p" : "0.02263",
      "s" : "sell",
      "i" : "ZERC_USD",
      "m" : "4611686018428153155"
    }, {
      "d" : "1756430048609705052",
      "t" : 1756430048609,
      "tn" : 1756430048609705052,
      "q" : "3977",
      "p" : "0.02263",
      "s" : "buy",
      "i" : "ZERC_USD",
      "m" : "4611686018428153154"
    }, {
      "d" : "1756429228589179856",
      "t" : 1756429228589,
      "tn" : 1756429228589179856,
      "q" : "1095",
      "p" : "0.02283",
      "s" : "sell",
      "i" : "ZERC_USD",
      "m" : "4611686018428153153"
    }, {
      "d" : "1756429216949477768",
      "t" : 1756429216949,
      "tn" : 1756429216949477768,
      "q" : "876",
      "p" : "0.02282",
      "s" : "sell",
      "i" : "ZERC_USD",
      "m" : "4611686018428153152"
    }, {
      "d" : "1756429216686103983",
      "t" : 1756429216686,
      "tn" : 1756429216686103983,
      "q" : "3506",
      "p" : "0.02282",
      "s" : "sell",
      "i" : "ZERC_USD",
      "m" : "4611686018428153151"
    }, {
      "d" : "1756429128341826490",
      "t" : 1756429128341,
      "tn" : 1756429128341826490,
      "q" : "3503",
      "p" : "0.02284",
      "s" : "sell",
      "i" : "ZERC_USD",
      "m" : "4611686018428153150"
    }, {
      "d" : "1756429120319008482",
      "t" : 1756429120319,
      "tn" : 1756429120319008482,
      "q" : "1095",
      "p" : "0.02283",
      "s" : "sell",
      "i" : "ZERC_USD",
      "m" : "4611686018428153149"
    }, {
      "d" : "1756429118610023463",
      "t" : 1756429118610,
      "tn" : 1756429118610023463,
      "q" : "876",
      "p" : "0.02283",
      "s" : "sell",
      "i" : "ZERC_USD",
      "m" : "4611686018428153148"
    }, {
      "d" : "1756429118570862629",
      "t" : 1756429118570,
      "tn" : 1756429118570862629,
      "q" : "1752",
      "p" : "0.02283",
      "s" : "sell",
      "i" : "ZERC_USD",
      "m" : "4611686018428153147"
    }, {
      "d" : "1756428764232897443",
      "t" : 1756428764232,
      "tn" : 1756428764232897443,
      "q" : "1258",
      "p" : "0.02267",
      "s" : "buy",
      "i" : "ZERC_USD",
      "m" : "4611686018428153146"
    }, {
      "d" : "1756427053369363157",
      "t" : 1756427053369,
      "tn" : 1756427053369363157,
      "q" : "3982",
      "p" : "0.02260",
      "s" : "buy",
      "i" : "ZERC_USD",
      "m" : "4611686018428153145"
    }, {
      "d" : "1756427041090319074",
      "t" : 1756427041090,
      "tn" : 1756427041090319074,
      "q" : "3981",
      "p" : "0.02261",
      "s" : "buy",
      "i" : "ZERC_USD",
      "m" : "4611686018428153144"
    }, {
      "d" : "1756425912955494633",
      "t" : 1756425912955,
      "tn" : 1756425912955494633,
      "q" : "1590",
      "p" : "0.02263",
      "s" : "buy",
      "i" : "ZERC_USD",
      "m" : "4611686018428153143"
    }, {
      "d" : "1756425912594163492",
      "t" : 1756425912594,
      "tn" : 1756425912594163492,
      "q" : "2209",
      "p" : "0.02263",
      "s" : "buy",
      "i" : "ZERC_USD",
      "m" : "4611686018428153142"
    }, {
      "d" : "1756425892191687628",
      "t" : 1756425892191,
      "tn" : 1756425892191687628,
      "q" : "3977",
      "p" : "0.02263",
      "s" : "buy",
      "i" : "ZERC_USD",
      "m" : "4611686018428153141"
    }, {
      "d" : "1756425876324751880",
      "t" : 1756425876324,
      "tn" : 1756425876324751880,
      "q" : "1768",
      "p" : "0.02263",
      "s" : "buy",
      "i" : "ZERC_USD",
      "m" : "4611686018428153140"
    }, {
      "d" : "1756425871969904205",
      "t" : 1756425871969,
      "tn" : 1756425871969904205,
      "q" : "2651",
      "p" : "0.02263",
      "s" : "buy",
      "i" : "ZERC_USD",
      "m" : "4611686018428153139"
    }, {
      "d" : "1756423450317935675",
      "t" : 1756423450317,
      "tn" : 1756423450317935675,
      "q" : "3981",
      "p" : "0.02261",
      "s" : "buy",
      "i" : "ZERC_USD",
      "m" : "4611686018428153138"
    }, {
      "d" : "1756422909372433216",
      "t" : 1756422909372,
      "tn" : 1756422909372433216,
      "q" : "3982",
      "p" : "0.02260",
      "s" : "buy",
      "i" : "ZERC_USD",
      "m" : "4611686018428153137"
    }, {
      "d" : "1756422609049300980",
      "t" : 1756422609049,
      "tn" : 1756422609049300980,
      "q" : "3984",
      "p" : "0.02259",
      "s" : "buy",
      "i" : "ZERC_USD",
      "m" : "4611686018428153136"
    }, {
      "d" : "1756422551689835426",
      "t" : 1756422551689,
      "tn" : 1756422551689835426,
      "q" : "3988",
      "p" : "0.02257",
      "s" : "buy",
      "i" : "ZERC_USD",
      "m" : "4611686018428153135"
    }, {
      "d" : "1756422491389163181",
      "t" : 1756422491389,
      "tn" : 1756422491389163181,
      "q" : "1771",
      "p" : "0.02259",
      "s" : "buy",
      "i" : "ZERC_USD",
      "m" : "4611686018428153134"
    }, {
      "d" : "1756422485309142926",
      "t" : 1756422485309,
      "tn" : 1756422485309142926,
      "q" : "3984",
      "p" : "0.02259",
      "s" : "buy",
      "i" : "ZERC_USD",
      "m" : "4611686018428153133"
    }, {
      "d" : "1756422316079108443",
      "t" : 1756422316079,
      "tn" : 1756422316079108443,
      "q" : "1327",
      "p" : "0.02260",
      "s" : "buy",
      "i" : "ZERC_USD",
      "m" : "4611686018428153132"
    }, {
      "d" : "1756421685085303139",
      "t" : 1756421685085,
      "tn" : 1756421685085303138,
      "q" : "693",
      "p" : "0.02276",
      "s" : "sell",
      "i" : "ZERC_USD",
      "m" : "4611686018428153131"
    }, {
      "d" : "1756421685085303138",
      "t" : 1756421685085,
      "tn" : 1756421685085303138,
      "q" : "300",
      "p" : "0.02276",
      "s" : "sell",
      "i" : "ZERC_USD",
      "m" : "4611686018428153131"
    }, {
      "d" : "1756420946339775551",
      "t" : 1756420946339,
      "tn" : 1756420946339775551,
      "q" : "4400",
      "p" : "0.02276",
      "s" : "buy",
      "i" : "ZERC_USD",
      "m" : "4611686018428153130"
    }, {
      "d" : "1756419589963684950",
      "t" : 1756419589963,
      "tn" : 1756419589963684950,
      "q" : "3982",
      "p" : "0.02260",
      "s" : "buy",
      "i" : "ZERC_USD",
      "m" : "4611686018428153129"
    }, {
      "d" : "1756418981220482107",
      "t" : 1756418981220,
      "tn" : 1756418981220482107,
      "q" : "3975",
      "p" : "0.02264",
      "s" : "buy",
      "i" : "ZERC_USD",
      "m" : "4611686018428153128"
    }, {
      "d" : "1756418817329501652",
      "t" : 1756418817329,
      "tn" : 1756418817329501652,
      "q" : "387",
      "p" : "0.02269",
      "s" : "sell",
      "i" : "ZERC_USD",
      "m" : "4611686018428153127"
    }, {
      "d" : "1756418817329500133",
      "t" : 1756418817329,
      "tn" : 1756418817329500133,
      "q" : "3139",
      "p" : "0.02270",
      "s" : "sell",
      "i" : "ZERC_USD",
      "m" : "4611686018428153126"
    }, {
      "d" : "1756418768389439157",
      "t" : 1756418768389,
      "tn" : 1756418768389439157,
      "q" : "3524",
      "p" : "0.02270",
      "s" : "sell",
      "i" : "ZERC_USD",
      "m" : "4611686018428153125"
    }, {
      "d" : "1756418697545788009",
      "t" : 1756418697545,
      "tn" : 1756418697545788009,
      "q" : "4283",
      "p" : "0.02271",
      "s" : "sell",
      "i" : "ZERC_USD",
      "m" : "4611686018428153124"
    }, {
      "d" : "1756418645975448735",
      "t" : 1756418645975,
      "tn" : 1756418645975448735,
      "q" : "4363",
      "p" : "0.02272",
      "s" : "sell",
      "i" : "ZERC_USD",
      "m" : "4611686018428153123"
    }, {
      "d" : "1756418599787647848",
      "t" : 1756418599787,
      "tn" : 1756418599787647848,
      "q" : "3518",
      "p" : "0.02274",
      "s" : "sell",
      "i" : "ZERC_USD",
      "m" : "4611686018428153122"
    }, {
      "d" : "1756418539684349129",
      "t" : 1756418539684,
      "tn" : 1756418539684349129,
      "q" : "878",
      "p" : "0.02277",
      "s" : "sell",
      "i" : "ZERC_USD",
      "m" : "4611686018428153121"
    }, {
      "d" : "1756418527309200514",
      "t" : 1756418527309,
      "tn" : 1756418527309200514,
      "q" : "3513",
      "p" : "0.02277",
      "s" : "sell",
      "i" : "ZERC_USD",
      "m" : "4611686018428153120"
    }, {
      "d" : "1756418467588237086",
      "t" : 1756418467588,
      "tn" : 1756418467588237086,
      "q" : "3506",
      "p" : "0.02282",
      "s" : "sell",
      "i" : "ZERC_USD",
      "m" : "4611686018428153119"
    }, {
      "d" : "1756418407380947060",
      "t" : 1756418407380,
      "tn" : 1756418407380947060,
      "q" : "985",
      "p" : "0.02279",
      "s" : "sell",
      "i" : "ZERC_USD",
      "m" : "4611686018428153118"
    }, {
      "d" : "1756418361346512548",
      "t" : 1756418361346,
      "tn" : 1756418361346512548,
      "q" : "4200",
      "p" : "0.02279",
      "s" : "sell",
      "i" : "ZERC_USD",
      "m" : "4611686018428153117"
    }, {
      "d" : "1756418294479625498",
      "t" : 1756418294479,
      "tn" : 1756418294479625498,
      "q" : "878",
      "p" : "0.02279",
      "s" : "sell",
      "i" : "ZERC_USD",
      "m" : "4611686018428153116"
    }, {
      "d" : "1756418286089787419",
      "t" : 1756418286089,
      "tn" : 1756418286089787419,
      "q" : "3510",
      "p" : "0.02279",
      "s" : "sell",
      "i" : "ZERC_USD",
      "m" : "4611686018428153115"
    }, {
      "d" : "1756418260262456796",
      "t" : 1756418260262,
      "tn" : 1756418260262456796,
      "q" : "878",
      "p" : "0.02277",
      "s" : "sell",
      "i" : "ZERC_USD",
      "m" : "4611686018428153114"
    }, {
      "d" : "1756418259762403782",
      "t" : 1756418259762,
      "tn" : 1756418259762403782,
      "q" : "1757",
      "p" : "0.02277",
      "s" : "sell",
      "i" : "ZERC_USD",
      "m" : "4611686018428153113"
    }, {
      "d" : "1756418259349302031",
      "t" : 1756418259349,
      "tn" : 1756418259349302031,
      "q" : "1757",
      "p" : "0.02277",
      "s" : "sell",
      "i" : "ZERC_USD",
      "m" : "4611686018428153112"
    }, {
      "d" : "1756418172455745507",
      "t" : 1756418172455,
      "tn" : 1756418172455745507,
      "q" : "877",
      "p" : "0.02280",
      "s" : "sell",
      "i" : "ZERC_USD",
      "m" : "4611686018428153111"
    }, {
      "d" : "1756418172429400695",
      "t" : 1756418172429,
      "tn" : 1756418172429400695,
      "q" : "3509",
      "p" : "0.02280",
      "s" : "sell",
      "i" : "ZERC_USD",
      "m" : "4611686018428153110"
    }, {
      "d" : "1756418147831484751",
      "t" : 1756418147831,
      "tn" : 1756418147831484751,
      "q" : "3504",
      "p" : "0.02283",
      "s" : "sell",
      "i" : "ZERC_USD",
      "m" : "4611686018428153109"
    }, {
      "d" : "1756418030174433949",
      "t" : 1756418030174,
      "tn" : 1756418030174433949,
      "q" : "3507",
      "p" : "0.02281",
      "s" : "sell",
      "i" : "ZERC_USD",
      "m" : "4611686018428153108"
    }, {
      "d" : "1756417988109851340",
      "t" : 1756417988109,
      "tn" : 1756417988109851340,
      "q" : "3512",
      "p" : "0.02278",
      "s" : "sell",
      "i" : "ZERC_USD",
      "m" : "4611686018428153107"
    }, {
      "d" : "1756417571993140136",
      "t" : 1756417571993,
      "tn" : 1756417571993140136,
      "q" : "1760",
      "p" : "0.02273",
      "s" : "sell",
      "i" : "ZERC_USD",
      "m" : "4611686018428153106"
    }, {
      "d" : "1756417565629435655",
      "t" : 1756417565629,
      "tn" : 1756417565629435655,
      "q" : "3518",
      "p" : "0.02274",
      "s" : "sell",
      "i" : "ZERC_USD",
      "m" : "4611686018428153105"
    }, {
      "d" : "1756417557480291515",
      "t" : 1756417557480,
      "tn" : 1756417557480291515,
      "q" : "1998",
      "p" : "0.02270",
      "s" : "sell",
      "i" : "ZERC_USD",
      "m" : "4611686018428153104"
    }, {
      "d" : "1756417557421522788",
      "t" : 1756417557421,
      "tn" : 1756417557421522788,
      "q" : "1688",
      "p" : "0.02270",
      "s" : "sell",
      "i" : "ZERC_USD",
      "m" : "4611686018428153103"
    }, {
      "d" : "1756416818074445874",
      "t" : 1756416818074,
      "tn" : 1756416818074445874,
      "q" : "3497",
      "p" : "0.02288",
      "s" : "sell",
      "i" : "ZERC_USD",
      "m" : "4611686018428153102"
    }, {
      "d" : "1756416805541325171",
      "t" : 1756416805541,
      "tn" : 1756416805541325171,
      "q" : "874",
      "p" : "0.02288",
      "s" : "sell",
      "i" : "ZERC_USD",
      "m" : "4611686018428153101"
    }, {
      "d" : "1756416805503231155",
      "t" : 1756416805503,
      "tn" : 1756416805503231155,
      "q" : "1655",
      "p" : "0.02288",
      "s" : "sell",
      "i" : "ZERC_USD",
      "m" : "4611686018428153100"
    } ]
  }
}