{
  "id" : -1,
  "method" : "public/get-trades",
  "code" : 0,
  "result" : {
    "data" : [ {
      "d" : "1756462791367327061",
      "t" : 1756462791367,
      "tn" : 1756462791367327061,
      "q" : "5.1",
      "p" : "0.19693",
      "s" : "buy",
      "i" : "ZETA_USD",
      "m" : "4611686018428680043"
    }, {
      "d" : "1756462791367324678",
      "t" : 1756462791367,
      "tn" : 1756462791367324678,
      "q" : "1000.0",
      "p" : "0.19692",
      "s" : "buy",
      "i" : "ZETA_USD",
      "m" : "4611686018428680042"
    }, {
      "d" : "1756462462040653981",
      "t" : 1756462462040,
      "tn" : 1756462462040653981,
      "q" : "508.4",
      "p" : "0.19667",
      "s" : "sell",
      "i" : "ZETA_USD",
      "m" : "4611686018428680041"
    }, {
      "d" : "1756461900431384000",
      "t" : 1756461900431,
      "tn" : 1756461900431384000,
      "q" : "505.4",
      "p" : "0.19736",
      "s" : "buy",
      "i" : "ZETA_USD",
      "m" : "4611686018428680040"
    }, {
      "d" : "1756461900430354390",
      "t" : 1756461900430,
      "tn" : 1756461900430354390,
      "q" : "506.8",
      "p" : "0.19729",
      "s" : "buy",
      "i" : "ZETA_USD",
      "m" : "4611686018428680039"
    }, {
      "d" : "1756461458015743625",
      "t" : 1756461458015,
      "tn" : 1756461458015743624,
      "q" : "507.8",
      "p" : "0.19629",
      "s" : "buy",
      "i" : "ZETA_USD",
      "m" : "4611686018428680038"
    }, {
      "d" : "1756461458015743624",
      "t" : 1756461458015,
      "tn" : 1756461458015743624,
      "q" : "509.4",
      "p" : "0.19629",
      "s" : "buy",
      "i" : "ZETA_USD",
      "m" : "4611686018428680038"
    }, {
      "d" : "1756460525548510819",
      "t" : 1756460525548,
      "tn" : 1756460525548510819,
      "q" : "504.7",
      "p" : "0.19545",
      "s" : "buy",
      "i" : "ZETA_USD",
      "m" : "4611686018428680037"
    }, {
      "d" : "1756460525548508732",
      "t" : 1756460525548,
      "tn" : 1756460525548508732,
      "q" : "511.6",
      "p" : "0.19544",
      "s" : "buy",
      "i" : "ZETA_USD",
      "m" : "4611686018428680036"
    }, {
      "d" : "1756459168128961142",
      "t" : 1756459168128,
      "tn" : 1756459168128961142,
      "q" : "1024.0",
      "p" : "0.19558",
      "s" : "buy",
      "i" : "ZETA_USD",
      "m" : "4611686018428680035"
    }, {
      "d" : "1756459168128512914",
      "t" : 1756459168128,
      "tn" : 1756459168128512914,
      "q" : "560.0",
      "p" : "0.19558",
      "s" : "buy",
      "i" : "ZETA_USD",
      "m" : "4611686018428680034"
    }, {
      "d" : "1756459168128038619",
      "t" : 1756459168128,
      "tn" : 1756459168128038619,
      "q" : "127.9",
      "p" : "0.19528",
      "s" : "buy",
      "i" : "ZETA_USD",
      "m" : "4611686018428680033"
    }, {
      "d" : "1756459168128036627",
      "t" : 1756459168128,
      "tn" : 1756459168128036627,
      "q" : "512.3",
      "p" : "0.19519",
      "s" : "buy",
      "i" : "ZETA_USD",
      "m" : "4611686018428680032"
    }, {
      "d" : "1756459160875774272",
      "t" : 1756459160875,
      "tn" : 1756459160875774272,
      "q" : "1020.1",
      "p" : "0.19516",
      "s" : "buy",
      "i" : "ZETA_USD",
      "m" : "4611686018428680031"
    }, {
      "d" : "1756459103596401756",
      "t" : 1756459103596,
      "tn" : 1756459103596401756,
      "q" : "26.1",
      "p" : "0.19477",
      "s" : "buy",
      "i" : "ZETA_USD",
      "m" : "4611686018428680030"
    }, {
      "d" : "1756459103596399720",
      "t" : 1756459103596,
      "tn" : 1756459103596399720,
      "q" : "1000.0",
      "p" : "0.19476",
      "s" : "buy",
      "i" : "ZETA_USD",
      "m" : "4611686018428680029"
    }, {
      "d" : "1756458761399750421",
      "t" : 1756458761399,
      "tn" : 1756458761399750421,
      "q" : "264.1",
      "p" : "0.19519",
      "s" : "buy",
      "i" : "ZETA_USD",
      "m" : "4611686018428680028"
    }, {
      "d" : "1756458243582737835",
      "t" : 1756458243582,
      "tn" : 1756458243582737835,
      "q" : "6.2",
      "p" : "0.19425",
      "s" : "buy",
      "i" : "ZETA_USD",
      "m" : "4611686018428680027"
    }, {
      "d" : "1756458243582735562",
      "t" : 1756458243582,
      "tn" : 1756458243582735562,
      "q" : "514.8",
      "p" : "0.19424",
      "s" : "buy",
      "i" : "ZETA_USD",
      "m" : "4611686018428680026"
    }, {
      "d" : "1756458208725482935",
      "t" : 1756458208725,
      "tn" : 1756458208725482935,
      "q" : "2.5",
      "p" : "0.19401",
      "s" : "buy",
      "i" : "ZETA_USD",
      "m" : "4611686018428680025"
    }, {
      "d" : "1756458208725481020",
      "t" : 1756458208725,
      "tn" : 1756458208725481020,
      "q" : "515.7",
      "p" : "0.19391",
      "s" : "buy",
      "i" : "ZETA_USD",
      "m" : "4611686018428680024"
    }, {
      "d" : "1756458189559465586",
      "t" : 1756458189559,
      "tn" : 1756458189559465586,
      "q" : "29.1",
      "p" : "0.19367",
      "s" : "buy",
      "i" : "ZETA_USD",
      "m" : "4611686018428680023"
    }, {
      "d" : "1756458189559462910",
      "t" : 1756458189559,
      "tn" : 1756458189559462910,
      "q" : "1000.0",
      "p" : "0.19366",
      "s" : "buy",
      "i" : "ZETA_USD",
      "m" : "4611686018428680022"
    }, {
      "d" : "1756457835093093243",
      "t" : 1756457835093,
      "tn" : 1756457835093093243,
      "q" : "136.0",
      "p" : "0.19554",
      "s" : "buy",
      "i" : "ZETA_USD",
      "m" : "4611686018428680021"
    }, {
      "d" : "1756457711062998404",
      "t" : 1756457711062,
      "tn" : 1756457711062998404,
      "q" : "509.0",
      "p" : "0.19550",
      "s" : "buy",
      "i" : "ZETA_USD",
      "m" : "4611686018428680020"
    }, {
      "d" : "1756457151017236602",
      "t" : 1756457151017,
      "tn" : 1756457151017236602,
      "q" : "11.0",
      "p" : "0.19644",
      "s" : "buy",
      "i" : "ZETA_USD",
      "m" : "4611686018428680019"
    }, {
      "d" : "1756457151017234291",
      "t" : 1756457151017,
      "tn" : 1756457151017234291,
      "q" : "509.2",
      "p" : "0.19637",
      "s" : "buy",
      "i" : "ZETA_USD",
      "m" : "4611686018428680018"
    }, {
      "d" : "1756456905474509347",
      "t" : 1756456905474,
      "tn" : 1756456905474509346,
      "q" : "500.0",
      "p" : "0.19645",
      "s" : "buy",
      "i" : "ZETA_USD",
      "m" : "4611686018428680017"
    }, {
      "d" : "1756456905474509346",
      "t" : 1756456905474,
      "tn" : 1756456905474509346,
      "q" : "509.0",
      "p" : "0.19645",
      "s" : "buy",
      "i" : "ZETA_USD",
      "m" : "4611686018428680017"
    }, {
      "d" : "1756456834706302094",
      "t" : 1756456834706,
      "tn" : 1756456834706302094,
      "q" : "131.5",
      "p" : "0.19632",
      "s" : "buy",
      "i" : "ZETA_USD",
      "m" : "4611686018428680016"
    }, {
      "d" : "1756456759922420705",
      "t" : 1756456759922,
      "tn" : 1756456759922420705,
      "q" : "258.2",
      "p" : "0.19668",
      "s" : "buy",
      "i" : "ZETA_USD",
      "m" : "4611686018428680015"
    }, {
      "d" : "1756456604982918274",
      "t" : 1756456604982,
      "tn" : 1756456604982918274,
      "q" : "198.9",
      "p" : "0.19644",
      "s" : "buy",
      "i" : "ZETA_USD",
      "m" : "4611686018428680014"
    }, {
      "d" : "1756456604982916834",
      "t" : 1756456604982,
      "tn" : 1756456604982916834,
      "q" : "509.2",
      "p" : "0.19638",
      "s" : "buy",
      "i" : "ZETA_USD",
      "m" : "4611686018428680013"
    }, {
      "d" : "1756456604982914886",
      "t" : 1756456604982,
      "tn" : 1756456604982914886,
      "q" : "300.0",
      "p" : "0.19637",
      "s" : "buy",
      "i" : "ZETA_USD",
      "m" : "4611686018428680012"
    }, {
      "d" : "1756455919262902030",
      "t" : 1756455919262,
      "tn" : 1756455919262902029,
      "q" : "20.8",
      "p" : "0.19673",
      "s" : "buy",
      "i" : "ZETA_USD",
      "m" : "4611686018428680011"
    }, {
      "d" : "1756455919262902029",
      "t" : 1756455919262,
      "tn" : 1756455919262902029,
      "q" : "508.3",
      "p" : "0.19673",
      "s" : "buy",
      "i" : "ZETA_USD",
      "m" : "4611686018428680011"
    }, {
      "d" : "1756455887579144495",
      "t" : 1756455887579,
      "tn" : 1756455887579144495,
      "q" : "129.1",
      "p" : "0.19647",
      "s" : "buy",
      "i" : "ZETA_USD",
      "m" : "4611686018428680010"
    }, {
      "d" : "1756455887579142407",
      "t" : 1756455887579,
      "tn" : 1756455887579142407,
      "q" : "1000.0",
      "p" : "0.19646",
      "s" : "buy",
      "i" : "ZETA_USD",
      "m" : "4611686018428680009"
    }, {
      "d" : "1756455448322865475",
      "t" : 1756455448322,
      "tn" : 1756455448322865475,
      "q" : "389.0",
      "p" : "0.19764",
      "s" : "buy",
      "i" : "ZETA_USD",
      "m" : "4611686018428680008"
    }, {
      "d" : "1756455359223692824",
      "t" : 1756455359223,
      "tn" : 1756455359223692824,
      "q" : "84.1",
      "p" : "0.19721",
      "s" : "sell",
      "i" : "ZETA_USD",
      "m" : "4611686018428680007"
    }, {
      "d" : "1756455111071778855",
      "t" : 1756455111071,
      "tn" : 1756455111071778855,
      "q" : "83.5",
      "p" : "0.19839",
      "s" : "buy",
      "i" : "ZETA_USD",
      "m" : "4611686018428680006"
    }, {
      "d" : "1756455040263700807",
      "t" : 1756455040263,
      "tn" : 1756455040263700807,
      "q" : "329.1",
      "p" : "0.19791",
      "s" : "buy",
      "i" : "ZETA_USD",
      "m" : "4611686018428680005"
    }, {
      "d" : "1756454988956486749",
      "t" : 1756454988956,
      "tn" : 1756454988956486749,
      "q" : "63.6",
      "p" : "0.19821",
      "s" : "buy",
      "i" : "ZETA_USD",
      "m" : "4611686018428680004"
    }, {
      "d" : "1756453706917557035",
      "t" : 1756453706917,
      "tn" : 1756453706917557035,
      "q" : "500.0",
      "p" : "0.19883",
      "s" : "buy",
      "i" : "ZETA_USD",
      "m" : "4611686018428680003"
    }, {
      "d" : "1756453320921816578",
      "t" : 1756453320921,
      "tn" : 1756453320921816578,
      "q" : "1397.2",
      "p" : "0.19857",
      "s" : "sell",
      "i" : "ZETA_USD",
      "m" : "4611686018428680002"
    }, {
      "d" : "1756453092743795837",
      "t" : 1756453092743,
      "tn" : 1756453092743795837,
      "q" : "1636.1",
      "p" : "0.19930",
      "s" : "buy",
      "i" : "ZETA_USD",
      "m" : "4611686018428680001"
    }, {
      "d" : "1756453092594187367",
      "t" : 1756453092594,
      "tn" : 1756453092594187367,
      "q" : "260.1",
      "p" : "0.19930",
      "s" : "buy",
      "i" : "ZETA_USD",
      "m" : "4611686018428680000"
    }, {
      "d" : "1756453090774573985",
      "t" : 1756453090774,
      "tn" : 1756453090774573985,
      "q" : "500.2",
      "p" : "0.19930",
      "s" : "buy",
      "i" : "ZETA_USD",
      "m" : "4611686018428679999"
    }, {
      "d" : "1756452715389309650",
      "t" : 1756452715389,
      "tn" : 1756452715389309650,
      "q" : "499.1",
      "p" : "0.19966",
      "s" : "buy",
      "i" : "ZETA_USD",
      "m" : "4611686018428679998"
    }, {
      "d" : "1756452715389307848",
      "t" : 1756452715389,
      "tn" : 1756452715389307848,
      "q" : "500.9",
      "p" : "0.19962",
      "s" : "buy",
      "i" : "ZETA_USD",
      "m" : "4611686018428679997"
    }, {
      "d" : "1756452428569319643",
      "t" : 1756452428569,
      "tn" : 1756452428569319643,
      "q" : "497.9",
      "p" : "0.19913",
      "s" : "buy",
      "i" : "ZETA_USD",
      "m" : "4611686018428679996"
    }, {
      "d" : "1756451819891335556",
      "t" : 1756451819891,
      "tn" : 1756451819891335556,
      "q" : "539.2",
      "p" : "0.20068",
      "s" : "buy",
      "i" : "ZETA_USD",
      "m" : "4611686018428679995"
    }, {
      "d" : "1756451719760892189",
      "t" : 1756451719760,
      "tn" : 1756451719760892189,
      "q" : "1000.0",
      "p" : "0.19999",
      "s" : "sell",
      "i" : "ZETA_USD",
      "m" : "4611686018428679994"
    }, {
      "d" : "1756451621773614468",
      "t" : 1756451621773,
      "tn" : 1756451621773614468,
      "q" : "338.4",
      "p" : "0.20051",
      "s" : "sell",
      "i" : "ZETA_USD",
      "m" : "4611686018428679993"
    }, {
      "d" : "1756451621773613015",
      "t" : 1756451621773,
      "tn" : 1756451621773613015,
      "q" : "498.3",
      "p" : "0.20066",
      "s" : "sell",
      "i" : "ZETA_USD",
      "m" : "4611686018428679992"
    }, {
      "d" : "1756451514367060905",
      "t" : 1756451514367,
      "tn" : 1756451514367060905,
      "q" : "185.2",
      "p" : "0.20257",
      "s" : "buy",
      "i" : "ZETA_USD",
      "m" : "4611686018428679991"
    }, {
      "d" : "1756451514367058985",
      "t" : 1756451514367,
      "tn" : 1756451514367058985,
      "q" : "493.7",
      "p" : "0.20253",
      "s" : "buy",
      "i" : "ZETA_USD",
      "m" : "4611686018428679990"
    }, {
      "d" : "1756451514367055994",
      "t" : 1756451514367,
      "tn" : 1756451514367055994,
      "q" : "300.0",
      "p" : "0.20252",
      "s" : "buy",
      "i" : "ZETA_USD",
      "m" : "4611686018428679989"
    }, {
      "d" : "1756450839692025992",
      "t" : 1756450839692,
      "tn" : 1756450839692025992,
      "q" : "388.4",
      "p" : "0.20370",
      "s" : "buy",
      "i" : "ZETA_USD",
      "m" : "4611686018428679988"
    }, {
      "d" : "1756449651745510938",
      "t" : 1756449651745,
      "tn" : 1756449651745510938,
      "q" : "120.0",
      "p" : "0.20441",
      "s" : "buy",
      "i" : "ZETA_USD",
      "m" : "4611686018428679987"
    }, {
      "d" : "1756449618999008674",
      "t" : 1756449618999,
      "tn" : 1756449618999008674,
      "q" : "489.6",
      "p" : "0.20389",
      "s" : "sell",
      "i" : "ZETA_USD",
      "m" : "4611686018428679986"
    }, {
      "d" : "1756449618999006614",
      "t" : 1756449618999,
      "tn" : 1756449618999006614,
      "q" : "490.4",
      "p" : "0.20390",
      "s" : "sell",
      "i" : "ZETA_USD",
      "m" : "4611686018428679985"
    }, {
      "d" : "1756449581658192891",
      "t" : 1756449581658,
      "tn" : 1756449581658192890,
      "q" : "983.0",
      "p" : "0.20345",
      "s" : "sell",
      "i" : "ZETA_USD",
      "m" : "4611686018428679984"
    }, {
      "d" : "1756449581658192890",
      "t" : 1756449581658,
      "tn" : 1756449581658192890,
      "q" : "491.5",
      "p" : "0.20345",
      "s" : "sell",
      "i" : "ZETA_USD",
      "m" : "4611686018428679984"
    }, {
      "d" : "1756449570467916143",
      "t" : 1756449570467,
      "tn" : 1756449570467916143,
      "q" : "1600.0",
      "p" : "0.20447",
      "s" : "sell",
      "i" : "ZETA_USD",
      "m" : "4611686018428679983"
    }, {
      "d" : "1756449570467330513",
      "t" : 1756449570467,
      "tn" : 1756449570467330513,
      "q" : "7434.8",
      "p" : "0.20447",
      "s" : "sell",
      "i" : "ZETA_USD",
      "m" : "4611686018428679982"
    }, {
      "d" : "1756449570467328158",
      "t" : 1756449570467,
      "tn" : 1756449570467328157,
      "q" : "976.8",
      "p" : "0.20475",
      "s" : "sell",
      "i" : "ZETA_USD",
      "m" : "4611686018428679981"
    }, {
      "d" : "1756449570467328157",
      "t" : 1756449570467,
      "tn" : 1756449570467328157,
      "q" : "488.4",
      "p" : "0.20475",
      "s" : "sell",
      "i" : "ZETA_USD",
      "m" : "4611686018428679981"
    }, {
      "d" : "1756449554945627737",
      "t" : 1756449554945,
      "tn" : 1756449554945627737,
      "q" : "200.0",
      "p" : "0.20530",
      "s" : "sell",
      "i" : "ZETA_USD",
      "m" : "4611686018428679980"
    }, {
      "d" : "1756449253937333652",
      "t" : 1756449253937,
      "tn" : 1756449253937333652,
      "q" : "175.4",
      "p" : "0.20512",
      "s" : "sell",
      "i" : "ZETA_USD",
      "m" : "4611686018428679979"
    }, {
      "d" : "1756448867766257550",
      "t" : 1756448867766,
      "tn" : 1756448867766257549,
      "q" : "108.5",
      "p" : "0.20594",
      "s" : "buy",
      "i" : "ZETA_USD",
      "m" : "4611686018428679978"
    }, {
      "d" : "1756448867766257549",
      "t" : 1756448867766,
      "tn" : 1756448867766257549,
      "q" : "300.0",
      "p" : "0.20594",
      "s" : "buy",
      "i" : "ZETA_USD",
      "m" : "4611686018428679978"
    }, {
      "d" : "1756448530207956724",
      "t" : 1756448530207,
      "tn" : 1756448530207956724,
      "q" : "300.0",
      "p" : "0.20610",
      "s" : "sell",
      "i" : "ZETA_USD",
      "m" : "4611686018428679977"
    }, {
      "d" : "1756448436496166653",
      "t" : 1756448436496,
      "tn" : 1756448436496166653,
      "q" : "104.8",
      "p" : "0.20623",
      "s" : "buy",
      "i" : "ZETA_USD",
      "m" : "4611686018428679976"
    }, {
      "d" : "1756448432782133373",
      "t" : 1756448432782,
      "tn" : 1756448432782133373,
      "q" : "300.0",
      "p" : "0.20618",
      "s" : "buy",
      "i" : "ZETA_USD",
      "m" : "4611686018428679975"
    }, {
      "d" : "1756448420172898469",
      "t" : 1756448420172,
      "tn" : 1756448420172898469,
      "q" : "400.0",
      "p" : "0.20619",
      "s" : "sell",
      "i" : "ZETA_USD",
      "m" : "4611686018428679974"
    }, {
      "d" : "1756448420060933630",
      "t" : 1756448420060,
      "tn" : 1756448420060933630,
      "q" : "970.1",
      "p" : "0.20614",
      "s" : "sell",
      "i" : "ZETA_USD",
      "m" : "4611686018428679973"
    }, {
      "d" : "1756448420060931635",
      "t" : 1756448420060,
      "tn" : 1756448420060931635,
      "q" : "484.9",
      "p" : "0.20619",
      "s" : "sell",
      "i" : "ZETA_USD",
      "m" : "4611686018428679972"
    }, {
      "d" : "1756447836782762115",
      "t" : 1756447836782,
      "tn" : 1756447836782762115,
      "q" : "407.3",
      "p" : "0.20585",
      "s" : "buy",
      "i" : "ZETA_USD",
      "m" : "4611686018428679971"
    }, {
      "d" : "1756447586160632763",
      "t" : 1756447586160,
      "tn" : 1756447586160632763,
      "q" : "401.1",
      "p" : "0.20603",
      "s" : "buy",
      "i" : "ZETA_USD",
      "m" : "4611686018428679970"
    }, {
      "d" : "1756447562277639221",
      "t" : 1756447562277,
      "tn" : 1756447562277639221,
      "q" : "350.4",
      "p" : "0.20627",
      "s" : "buy",
      "i" : "ZETA_USD",
      "m" : "4611686018428679969"
    }, {
      "d" : "1756447518532881931",
      "t" : 1756447518532,
      "tn" : 1756447518532881931,
      "q" : "2400.0",
      "p" : "0.20600",
      "s" : "sell",
      "i" : "ZETA_USD",
      "m" : "4611686018428679968"
    }, {
      "d" : "1756447243921002449",
      "t" : 1756447243921,
      "tn" : 1756447243921002449,
      "q" : "565.6",
      "p" : "0.20860",
      "s" : "buy",
      "i" : "ZETA_USD",
      "m" : "4611686018428679967"
    }, {
      "d" : "1756447205193836103",
      "t" : 1756447205193,
      "tn" : 1756447205193836103,
      "q" : "278.8",
      "p" : "0.20871",
      "s" : "buy",
      "i" : "ZETA_USD",
      "m" : "4611686018428679966"
    }, {
      "d" : "1756446873513734791",
      "t" : 1756446873513,
      "tn" : 1756446873513734791,
      "q" : "103.8",
      "p" : "0.21141",
      "s" : "buy",
      "i" : "ZETA_USD",
      "m" : "4611686018428679965"
    }, {
      "d" : "1756446834608684997",
      "t" : 1756446834608,
      "tn" : 1756446834608684997,
      "q" : "136.0",
      "p" : "0.21113",
      "s" : "buy",
      "i" : "ZETA_USD",
      "m" : "4611686018428679964"
    }, {
      "d" : "1756446416832083176",
      "t" : 1756446416832,
      "tn" : 1756446416832083176,
      "q" : "324.3",
      "p" : "0.21230",
      "s" : "buy",
      "i" : "ZETA_USD",
      "m" : "4611686018428679963"
    }, {
      "d" : "1756446381136796894",
      "t" : 1756446381136,
      "tn" : 1756446381136796894,
      "q" : "885.8",
      "p" : "0.21166",
      "s" : "buy",
      "i" : "ZETA_USD",
      "m" : "4611686018428679962"
    }, {
      "d" : "1756446380217133020",
      "t" : 1756446380217,
      "tn" : 1756446380217133020,
      "q" : "499.1",
      "p" : "0.21171",
      "s" : "buy",
      "i" : "ZETA_USD",
      "m" : "4611686018428679961"
    }, {
      "d" : "1756446111671970087",
      "t" : 1756446111671,
      "tn" : 1756446111671970087,
      "q" : "396.1",
      "p" : "0.21085",
      "s" : "sell",
      "i" : "ZETA_USD",
      "m" : "4611686018428679960"
    }, {
      "d" : "1756446111671968303",
      "t" : 1756446111671,
      "tn" : 1756446111671968303,
      "q" : "543.9",
      "p" : "0.21086",
      "s" : "sell",
      "i" : "ZETA_USD",
      "m" : "4611686018428679959"
    }, {
      "d" : "1756445937343946939",
      "t" : 1756445937343,
      "tn" : 1756445937343946939,
      "q" : "89.7",
      "p" : "0.21127",
      "s" : "buy",
      "i" : "ZETA_USD",
      "m" : "4611686018428679958"
    }, {
      "d" : "1756445904740744391",
      "t" : 1756445904740,
      "tn" : 1756445904740744391,
      "q" : "400.0",
      "p" : "0.21159",
      "s" : "buy",
      "i" : "ZETA_USD",
      "m" : "4611686018428679957"
    }, {
      "d" : "1756445815143077961",
      "t" : 1756445815143,
      "tn" : 1756445815143077961,
      "q" : "470.0",
      "p" : "0.21274",
      "s" : "sell",
      "i" : "ZETA_USD",
      "m" : "4611686018428679956"
    }, {
      "d" : "1756445775422617987",
      "t" : 1756445775422,
      "tn" : 1756445775422617987,
      "q" : "30.0",
      "p" : "0.21486",
      "s" : "sell",
      "i" : "ZETA_USD",
      "m" : "4611686018428679955"
    }, {
      "d" : "1756445775422616284",
      "t" : 1756445775422,
      "tn" : 1756445775422616284,
      "q" : "900.0",
      "p" : "0.21487",
      "s" : "sell",
      "i" : "ZETA_USD",
      "m" : "4611686018428679954"
    }, {
      "d" : "1756445769952894463",
      "t" : 1756445769952,
      "tn" : 1756445769952894463,
      "q" : "30.0",
      "p" : "0.21459",
      "s" : "sell",
      "i" : "ZETA_USD",
      "m" : "4611686018428679953"
    }, {
      "d" : "1756445769952892448",
      "t" : 1756445769952,
      "tn" : 1756445769952892448,
      "q" : "900.0",
      "p" : "0.21460",
      "s" : "sell",
      "i" : "ZETA_USD",
      "m" : "4611686018428679952"
    }, {
      "d" : "1756445756780257894",
      "t" : 1756445756780,
      "tn" : 1756445756780257894,
      "q" : "495.6",
      "p" : "0.21540",
      "s" : "sell",
      "i" : "ZETA_USD",
      "m" : "4611686018428679951"
    }, {
      "d" : "1756445756780255800",
      "t" : 1756445756780,
      "tn" : 1756445756780255800,
      "q" : "434.4",
      "p" : "0.21576",
      "s" : "sell",
      "i" : "ZETA_USD",
      "m" : "4611686018428679950"
    }, {
      "d" : "1756445756151641922",
      "t" : 1756445756151,
      "tn" : 1756445756151641922,
      "q" : "29.0",
      "p" : "0.21576",
      "s" : "sell",
      "i" : "ZETA_USD",
      "m" : "4611686018428679949"
    }, {
      "d" : "1756445756151639119",
      "t" : 1756445756151,
      "tn" : 1756445756151639119,
      "q" : "900.0",
      "p" : "0.21577",
      "s" : "sell",
      "i" : "ZETA_USD",
      "m" : "4611686018428679948"
    }, {
      "d" : "1756445741661180118",
      "t" : 1756445741661,
      "tn" : 1756445741661180118,
      "q" : "164.6",
      "p" : "0.21622",
      "s" : "sell",
      "i" : "ZETA_USD",
      "m" : "4611686018428679947"
    }, {
      "d" : "1756445741661178428",
      "t" : 1756445741661,
      "tn" : 1756445741661178428,
      "q" : "462.4",
      "p" : "0.21626",
      "s" : "sell",
      "i" : "ZETA_USD",
      "m" : "4611686018428679946"
    }, {
      "d" : "1756445741661175742",
      "t" : 1756445741661,
      "tn" : 1756445741661175742,
      "q" : "300.0",
      "p" : "0.21627",
      "s" : "sell",
      "i" : "ZETA_USD",
      "m" : "4611686018428679945"
    }, {
      "d" : "1756445741135494321",
      "t" : 1756445741135,
      "tn" : 1756445741135494321,
      "q" : "926.0",
      "p" : "0.21625",
      "s" : "sell",
      "i" : "ZETA_USD",
      "m" : "4611686018428679944"
    }, {
      "d" : "1756445723341784418",
      "t" : 1756445723341,
      "tn" : 1756445723341784418,
      "q" : "921.0",
      "p" : "0.21670",
      "s" : "sell",
      "i" : "ZETA_USD",
      "m" : "4611686018428679943"
    }, {
      "d" : "1756445723240204167",
      "t" : 1756445723240,
      "tn" : 1756445723240204167,
      "q" : "23.0",
      "p" : "0.21712",
      "s" : "sell",
      "i" : "ZETA_USD",
      "m" : "4611686018428679942"
    }, {
      "d" : "1756445723240201964",
      "t" : 1756445723240,
      "tn" : 1756445723240201964,
      "q" : "900.0",
      "p" : "0.21713",
      "s" : "sell",
      "i" : "ZETA_USD",
      "m" : "4611686018428679941"
    }, {
      "d" : "1756445694747268831",
      "t" : 1756445694747,
      "tn" : 1756445694747268831,
      "q" : "24.0",
      "p" : "0.21685",
      "s" : "sell",
      "i" : "ZETA_USD",
      "m" : "4611686018428679940"
    }, {
      "d" : "1756445694747267037",
      "t" : 1756445694747,
      "tn" : 1756445694747267037,
      "q" : "900.0",
      "p" : "0.21686",
      "s" : "sell",
      "i" : "ZETA_USD",
      "m" : "4611686018428679939"
    }, {
      "d" : "1756445681310609822",
      "t" : 1756445681310,
      "tn" : 1756445681310609822,
      "q" : "252.5",
      "p" : "0.21705",
      "s" : "sell",
      "i" : "ZETA_USD",
      "m" : "4611686018428679938"
    }, {
      "d" : "1756445681310607777",
      "t" : 1756445681310,
      "tn" : 1756445681310607777,
      "q" : "100.0",
      "p" : "0.21712",
      "s" : "sell",
      "i" : "ZETA_USD",
      "m" : "4611686018428679937"
    }, {
      "d" : "1756445681310605200",
      "t" : 1756445681310,
      "tn" : 1756445681310605200,
      "q" : "159.5",
      "p" : "0.21713",
      "s" : "sell",
      "i" : "ZETA_USD",
      "m" : "4611686018428679936"
    }, {
      "d" : "1756445675875887990",
      "t" : 1756445675875,
      "tn" : 1756445675875887989,
      "q" : "365.2",
      "p" : "0.21701",
      "s" : "sell",
      "i" : "ZETA_USD",
      "m" : "4611686018428679935"
    }, {
      "d" : "1756445675875887989",
      "t" : 1756445675875,
      "tn" : 1756445675875887989,
      "q" : "460.8",
      "p" : "0.21701",
      "s" : "sell",
      "i" : "ZETA_USD",
      "m" : "4611686018428679935"
    }, {
      "d" : "1756445675875884703",
      "t" : 1756445675875,
      "tn" : 1756445675875884703,
      "q" : "100.0",
      "p" : "0.21703",
      "s" : "sell",
      "i" : "ZETA_USD",
      "m" : "4611686018428679934"
    }, {
      "d" : "1756445644197362142",
      "t" : 1756445644197,
      "tn" : 1756445644197362142,
      "q" : "608.0",
      "p" : "0.21690",
      "s" : "sell",
      "i" : "ZETA_USD",
      "m" : "4611686018428679933"
    }, {
      "d" : "1756445643599673273",
      "t" : 1756445643599,
      "tn" : 1756445643599673273,
      "q" : "523.0",
      "p" : "0.21695",
      "s" : "sell",
      "i" : "ZETA_USD",
      "m" : "4611686018428679932"
    }, {
      "d" : "1756445643599670781",
      "t" : 1756445643599,
      "tn" : 1756445643599670781,
      "q" : "400.0",
      "p" : "0.21696",
      "s" : "sell",
      "i" : "ZETA_USD",
      "m" : "4611686018428679931"
    }, {
      "d" : "1756445634724730059",
      "t" : 1756445634724,
      "tn" : 1756445634724730059,
      "q" : "306.6",
      "p" : "0.21748",
      "s" : "buy",
      "i" : "ZETA_USD",
      "m" : "4611686018428679930"
    }, {
      "d" : "1756445625716153799",
      "t" : 1756445625716,
      "tn" : 1756445625716153799,
      "q" : "65.0",
      "p" : "0.21700",
      "s" : "sell",
      "i" : "ZETA_USD",
      "m" : "4611686018428679929"
    }, {
      "d" : "1756445625716151423",
      "t" : 1756445625716,
      "tn" : 1756445625716151423,
      "q" : "900.0",
      "p" : "0.21701",
      "s" : "sell",
      "i" : "ZETA_USD",
      "m" : "4611686018428679928"
    }, {
      "d" : "1756445596762672474",
      "t" : 1756445596762,
      "tn" : 1756445596762672474,
      "q" : "21.0",
      "p" : "0.21729",
      "s" : "sell",
      "i" : "ZETA_USD",
      "m" : "4611686018428679927"
    }, {
      "d" : "1756445596762670339",
      "t" : 1756445596762,
      "tn" : 1756445596762670339,
      "q" : "900.0",
      "p" : "0.21730",
      "s" : "sell",
      "i" : "ZETA_USD",
      "m" : "4611686018428679926"
    }, {
      "d" : "1756445557588399964",
      "t" : 1756445557588,
      "tn" : 1756445557588399964,
      "q" : "55.4",
      "p" : "0.21549",
      "s" : "buy",
      "i" : "ZETA_USD",
      "m" : "4611686018428679925"
    }, {
      "d" : "1756445556780631302",
      "t" : 1756445556780,
      "tn" : 1756445556780631301,
      "q" : "466.0",
      "p" : "0.21505",
      "s" : "sell",
      "i" : "ZETA_USD",
      "m" : "4611686018428679924"
    }, {
      "d" : "1756445556780631301",
      "t" : 1756445556780,
      "tn" : 1756445556780631301,
      "q" : "465.0",
      "p" : "0.21505",
      "s" : "sell",
      "i" : "ZETA_USD",
      "m" : "4611686018428679924"
    }, {
      "d" : "1756445521998158728",
      "t" : 1756445521998,
      "tn" : 1756445521998158728,
      "q" : "30.0",
      "p" : "0.21420",
      "s" : "sell",
      "i" : "ZETA_USD",
      "m" : "4611686018428679923"
    }, {
      "d" : "1756445521998156304",
      "t" : 1756445521998,
      "tn" : 1756445521998156304,
      "q" : "900.0",
      "p" : "0.21421",
      "s" : "sell",
      "i" : "ZETA_USD",
      "m" : "4611686018428679922"
    }, {
      "d" : "1756445493060593923",
      "t" : 1756445493060,
      "tn" : 1756445493060593923,
      "q" : "935.0",
      "p" : "0.21404",
      "s" : "sell",
      "i" : "ZETA_USD",
      "m" : "4611686018428679921"
    }, {
      "d" : "1756445472403248657",
      "t" : 1756445472403,
      "tn" : 1756445472403248657,
      "q" : "36.0",
      "p" : "0.21427",
      "s" : "sell",
      "i" : "ZETA_USD",
      "m" : "4611686018428679920"
    }, {
      "d" : "1756445472403246290",
      "t" : 1756445472403,
      "tn" : 1756445472403246290,
      "q" : "900.0",
      "p" : "0.21428",
      "s" : "sell",
      "i" : "ZETA_USD",
      "m" : "4611686018428679919"
    }, {
      "d" : "1756445468399420529",
      "t" : 1756445468399,
      "tn" : 1756445468399420529,
      "q" : "33.0",
      "p" : "0.21470",
      "s" : "sell",
      "i" : "ZETA_USD",
      "m" : "4611686018428679918"
    }, {
      "d" : "1756445468399418697",
      "t" : 1756445468399,
      "tn" : 1756445468399418697,
      "q" : "900.0",
      "p" : "0.21471",
      "s" : "sell",
      "i" : "ZETA_USD",
      "m" : "4611686018428679917"
    }, {
      "d" : "1756445435617494532",
      "t" : 1756445435617,
      "tn" : 1756445435617494532,
      "q" : "320.0",
      "p" : "0.21396",
      "s" : "sell",
      "i" : "ZETA_USD",
      "m" : "4611686018428679916"
    }, {
      "d" : "1756445343966519863",
      "t" : 1756445343966,
      "tn" : 1756445343966519863,
      "q" : "464.4",
      "p" : "0.21384",
      "s" : "sell",
      "i" : "ZETA_USD",
      "m" : "4611686018428679915"
    }, {
      "d" : "1756445343966517933",
      "t" : 1756445343966,
      "tn" : 1756445343966517933,
      "q" : "472.6",
      "p" : "0.21388",
      "s" : "sell",
      "i" : "ZETA_USD",
      "m" : "4611686018428679914"
    }, {
      "d" : "1756445343962812031",
      "t" : 1756445343962,
      "tn" : 1756445343962812030,
      "q" : "462.5",
      "p" : "0.21388",
      "s" : "sell",
      "i" : "ZETA_USD",
      "m" : "4611686018428679913"
    }, {
      "d" : "1756445343962812030",
      "t" : 1756445343962,
      "tn" : 1756445343962812030,
      "q" : "467.5",
      "p" : "0.21388",
      "s" : "sell",
      "i" : "ZETA_USD",
      "m" : "4611686018428679913"
    }, {
      "d" : "1756445289922455816",
      "t" : 1756445289922,
      "tn" : 1756445289922455816,
      "q" : "937.0",
      "p" : "0.21268",
      "s" : "sell",
      "i" : "ZETA_USD",
      "m" : "4611686018428679912"
    }, {
      "d" : "1756445251049443764",
      "t" : 1756445251049,
      "tn" : 1756445251049443764,
      "q" : "30.0",
      "p" : "0.21356",
      "s" : "sell",
      "i" : "ZETA_USD",
      "m" : "4611686018428679911"
    }, {
      "d" : "1756445251049439722",
      "t" : 1756445251049,
      "tn" : 1756445251049439722,
      "q" : "900.0",
      "p" : "0.21357",
      "s" : "sell",
      "i" : "ZETA_USD",
      "m" : "4611686018428679910"
    }, {
      "d" : "1756445166597708743",
      "t" : 1756445166597,
      "tn" : 1756445166597708743,
      "q" : "40.0",
      "p" : "0.21329",
      "s" : "sell",
      "i" : "ZETA_USD",
      "m" : "4611686018428679909"
    }, {
      "d" : "1756445166597706441",
      "t" : 1756445166597,
      "tn" : 1756445166597706441,
      "q" : "900.0",
      "p" : "0.21330",
      "s" : "sell",
      "i" : "ZETA_USD",
      "m" : "4611686018428679908"
    }, {
      "d" : "1756445158206710828",
      "t" : 1756445158206,
      "tn" : 1756445158206710828,
      "q" : "939.0",
      "p" : "0.21322",
      "s" : "sell",
      "i" : "ZETA_USD",
      "m" : "4611686018428679907"
    }, {
      "d" : "1756445135568004568",
      "t" : 1756445135568,
      "tn" : 1756445135568004568,
      "q" : "930.0",
      "p" : "0.21338",
      "s" : "sell",
      "i" : "ZETA_USD",
      "m" : "4611686018428679906"
    }, {
      "d" : "1756445135566964087",
      "t" : 1756445135566,
      "tn" : 1756445135566964087,
      "q" : "467.9",
      "p" : "0.21361",
      "s" : "sell",
      "i" : "ZETA_USD",
      "m" : "4611686018428679905"
    }, {
      "d" : "1756445135565879280",
      "t" : 1756445135565,
      "tn" : 1756445135565879280,
      "q" : "468.1",
      "p" : "0.21362",
      "s" : "sell",
      "i" : "ZETA_USD",
      "m" : "4611686018428679904"
    }, {
      "d" : "1756445071453176939",
      "t" : 1756445071453,
      "tn" : 1756445071453176939,
      "q" : "471.4",
      "p" : "0.21335",
      "s" : "sell",
      "i" : "ZETA_USD",
      "m" : "4611686018428679903"
    } ]
  }
}