{
  "id" : -1,
  "method" : "public/get-trades",
  "code" : 0,
  "result" : {
    "data" : [ {
      "d" : "1756462740119450386",
      "t" : 1756462740119,
      "tn" : 1756462740119450386,
      "q" : "1",
      "p" : "0.1966",
      "s" : "buy",
      "i" : "ZETAUSD-PERP",
      "m" : "4611686018428458726"
    }, {
      "d" : "1756462299539492555",
      "t" : 1756462299539,
      "tn" : 1756462299539492555,
      "q" : "1",
      "p" : "0.1971",
      "s" : "buy",
      "i" : "ZETAUSD-PERP",
      "m" : "4611686018428458725"
    }, {
      "d" : "1756462080559452479",
      "t" : 1756462080559,
      "tn" : 1756462080559452479,
      "q" : "1",
      "p" : "0.1975",
      "s" : "buy",
      "i" : "ZETAUSD-PERP",
      "m" : "4611686018428458724"
    }, {
      "d" : "1756462004009450611",
      "t" : 1756462004009,
      "tn" : 1756462004009450611,
      "q" : "1",
      "p" : "0.1972",
      "s" : "buy",
      "i" : "ZETAUSD-PERP",
      "m" : "4611686018428458723"
    }, {
      "d" : "1756461998139490628",
      "t" : 1756461998139,
      "tn" : 1756461998139490628,
      "q" : "1",
      "p" : "0.1970",
      "s" : "buy",
      "i" : "ZETAUSD-PERP",
      "m" : "4611686018428458722"
    }, {
      "d" : "1756461780369443579",
      "t" : 1756461780369,
      "tn" : 1756461780369443579,
      "q" : "1",
      "p" : "0.1968",
      "s" : "buy",
      "i" : "ZETAUSD-PERP",
      "m" : "4611686018428458721"
    }, {
      "d" : "1756461701359418579",
      "t" : 1756461701359,
      "tn" : 1756461701359418579,
      "q" : "1",
      "p" : "0.1962",
      "s" : "buy",
      "i" : "ZETAUSD-PERP",
      "m" : "4611686018428458720"
    }, {
      "d" : "1756461428109561994",
      "t" : 1756461428109,
      "tn" : 1756461428109561994,
      "q" : "1",
      "p" : "0.1958",
      "s" : "buy",
      "i" : "ZETAUSD-PERP",
      "m" : "4611686018428458719"
    }, {
      "d" : "1756460606679494608",
      "t" : 1756460606679,
      "tn" : 1756460606679494608,
      "q" : "1",
      "p" : "0.1953",
      "s" : "buy",
      "i" : "ZETAUSD-PERP",
      "m" : "4611686018428458718"
    }, {
      "d" : "1756459800379345598",
      "t" : 1756459800379,
      "tn" : 1756459800379345598,
      "q" : "1",
      "p" : "0.1959",
      "s" : "buy",
      "i" : "ZETAUSD-PERP",
      "m" : "4611686018428458717"
    }, {
      "d" : "1756459350359526666",
      "t" : 1756459350359,
      "tn" : 1756459350359526666,
      "q" : "1",
      "p" : "0.1963",
      "s" : "buy",
      "i" : "ZETAUSD-PERP",
      "m" : "4611686018428458716"
    }, {
      "d" : "1756459275089450667",
      "t" : 1756459275089,
      "tn" : 1756459275089450667,
      "q" : "1",
      "p" : "0.1959",
      "s" : "buy",
      "i" : "ZETAUSD-PERP",
      "m" : "4611686018428458715"
    }, {
      "d" : "1756459168159541751",
      "t" : 1756459168159,
      "tn" : 1756459168159541751,
      "q" : "1",
      "p" : "0.1952",
      "s" : "buy",
      "i" : "ZETAUSD-PERP",
      "m" : "4611686018428458714"
    }, {
      "d" : "1756459025379566157",
      "t" : 1756459025379,
      "tn" : 1756459025379566157,
      "q" : "1",
      "p" : "0.1945",
      "s" : "buy",
      "i" : "ZETAUSD-PERP",
      "m" : "4611686018428458713"
    }, {
      "d" : "1756458727539483113",
      "t" : 1756458727539,
      "tn" : 1756458727539483113,
      "q" : "1",
      "p" : "0.1951",
      "s" : "buy",
      "i" : "ZETAUSD-PERP",
      "m" : "4611686018428458712"
    }, {
      "d" : "1756458669499464772",
      "t" : 1756458669499,
      "tn" : 1756458669499464772,
      "q" : "1",
      "p" : "0.1951",
      "s" : "buy",
      "i" : "ZETAUSD-PERP",
      "m" : "4611686018428458711"
    }, {
      "d" : "1756458412039447814",
      "t" : 1756458412039,
      "tn" : 1756458412039447814,
      "q" : "1",
      "p" : "0.1945",
      "s" : "buy",
      "i" : "ZETAUSD-PERP",
      "m" : "4611686018428458710"
    }, {
      "d" : "1756458300379435796",
      "t" : 1756458300379,
      "tn" : 1756458300379435796,
      "q" : "1",
      "p" : "0.1944",
      "s" : "buy",
      "i" : "ZETAUSD-PERP",
      "m" : "4611686018428458709"
    }, {
      "d" : "1756458262849522055",
      "t" : 1756458262849,
      "tn" : 1756458262849522055,
      "q" : "1",
      "p" : "0.1943",
      "s" : "buy",
      "i" : "ZETAUSD-PERP",
      "m" : "4611686018428458708"
    }, {
      "d" : "1756458202639539825",
      "t" : 1756458202639,
      "tn" : 1756458202639539825,
      "q" : "1",
      "p" : "0.1936",
      "s" : "buy",
      "i" : "ZETAUSD-PERP",
      "m" : "4611686018428458707"
    }, {
      "d" : "1756458103409439529",
      "t" : 1756458103409,
      "tn" : 1756458103409439529,
      "q" : "1",
      "p" : "0.1948",
      "s" : "buy",
      "i" : "ZETAUSD-PERP",
      "m" : "4611686018428458706"
    }, {
      "d" : "1756457882309445794",
      "t" : 1756457882309,
      "tn" : 1756457882309445794,
      "q" : "1",
      "p" : "0.1951",
      "s" : "buy",
      "i" : "ZETAUSD-PERP",
      "m" : "4611686018428458705"
    }, {
      "d" : "1756457426799440944",
      "t" : 1756457426799,
      "tn" : 1756457426799440944,
      "q" : "1",
      "p" : "0.1960",
      "s" : "buy",
      "i" : "ZETAUSD-PERP",
      "m" : "4611686018428458704"
    }, {
      "d" : "1756456873289496393",
      "t" : 1756456873289,
      "tn" : 1756456873289496393,
      "q" : "1",
      "p" : "0.1962",
      "s" : "buy",
      "i" : "ZETAUSD-PERP",
      "m" : "4611686018428458703"
    }, {
      "d" : "1756456704029426944",
      "t" : 1756456704029,
      "tn" : 1756456704029426944,
      "q" : "1",
      "p" : "0.1963",
      "s" : "buy",
      "i" : "ZETAUSD-PERP",
      "m" : "4611686018428458702"
    }, {
      "d" : "1756456604939499595",
      "t" : 1756456604939,
      "tn" : 1756456604939499595,
      "q" : "1",
      "p" : "0.1961",
      "s" : "buy",
      "i" : "ZETAUSD-PERP",
      "m" : "4611686018428458701"
    }, {
      "d" : "1756456514009479553",
      "t" : 1756456514009,
      "tn" : 1756456514009479553,
      "q" : "1",
      "p" : "0.1963",
      "s" : "buy",
      "i" : "ZETAUSD-PERP",
      "m" : "4611686018428458700"
    }, {
      "d" : "1756456123089433419",
      "t" : 1756456123089,
      "tn" : 1756456123089433419,
      "q" : "1",
      "p" : "0.1968",
      "s" : "buy",
      "i" : "ZETAUSD-PERP",
      "m" : "4611686018428458699"
    }, {
      "d" : "1756456076879444103",
      "t" : 1756456076879,
      "tn" : 1756456076879444103,
      "q" : "1",
      "p" : "0.1967",
      "s" : "buy",
      "i" : "ZETAUSD-PERP",
      "m" : "4611686018428458698"
    }, {
      "d" : "1756455909339442601",
      "t" : 1756455909339,
      "tn" : 1756455909339442601,
      "q" : "1",
      "p" : "0.1963",
      "s" : "buy",
      "i" : "ZETAUSD-PERP",
      "m" : "4611686018428458697"
    }, {
      "d" : "1756455560709479511",
      "t" : 1756455560709,
      "tn" : 1756455560709479511,
      "q" : "1",
      "p" : "0.1977",
      "s" : "buy",
      "i" : "ZETAUSD-PERP",
      "m" : "4611686018428458696"
    }, {
      "d" : "1756449586564788285",
      "t" : 1756449586564,
      "tn" : 1756449586564788285,
      "q" : "980",
      "p" : "0.2031",
      "s" : "sell",
      "i" : "ZETAUSD-PERP",
      "m" : "4611686018428458695"
    }, {
      "d" : "1756445741699423706",
      "t" : 1756445741699,
      "tn" : 1756445741699423706,
      "q" : "1",
      "p" : "0.2156",
      "s" : "buy",
      "i" : "ZETAUSD-PERP",
      "m" : "4611686018428458694"
    }, {
      "d" : "1756445723339371505",
      "t" : 1756445723339,
      "tn" : 1756445723339371505,
      "q" : "1",
      "p" : "0.2164",
      "s" : "buy",
      "i" : "ZETAUSD-PERP",
      "m" : "4611686018428458693"
    }, {
      "d" : "1756445675909397702",
      "t" : 1756445675909,
      "tn" : 1756445675909397702,
      "q" : "1",
      "p" : "0.2165",
      "s" : "buy",
      "i" : "ZETAUSD-PERP",
      "m" : "4611686018428458692"
    }, {
      "d" : "1756445673629517490",
      "t" : 1756445673629,
      "tn" : 1756445673629517490,
      "q" : "1",
      "p" : "0.2166",
      "s" : "buy",
      "i" : "ZETAUSD-PERP",
      "m" : "4611686018428458691"
    }, {
      "d" : "1756445670699701021",
      "t" : 1756445670699,
      "tn" : 1756445670699701021,
      "q" : "1",
      "p" : "0.2166",
      "s" : "buy",
      "i" : "ZETAUSD-PERP",
      "m" : "4611686018428458690"
    }, {
      "d" : "1756445665769411227",
      "t" : 1756445665769,
      "tn" : 1756445665769411227,
      "q" : "1",
      "p" : "0.2165",
      "s" : "buy",
      "i" : "ZETAUSD-PERP",
      "m" : "4611686018428458689"
    }, {
      "d" : "1756445468479910223",
      "t" : 1756445468479,
      "tn" : 1756445468479910223,
      "q" : "1",
      "p" : "0.2141",
      "s" : "buy",
      "i" : "ZETAUSD-PERP",
      "m" : "4611686018428458688"
    }, {
      "d" : "1756445375499411533",
      "t" : 1756445375499,
      "tn" : 1756445375499411533,
      "q" : "1",
      "p" : "0.2132",
      "s" : "buy",
      "i" : "ZETAUSD-PERP",
      "m" : "4611686018428458687"
    }, {
      "d" : "1756444141029518719",
      "t" : 1756444141029,
      "tn" : 1756444141029518719,
      "q" : "1",
      "p" : "0.2134",
      "s" : "buy",
      "i" : "ZETAUSD-PERP",
      "m" : "4611686018428458686"
    }, {
      "d" : "1756443836769428269",
      "t" : 1756443836769,
      "tn" : 1756443836769428269,
      "q" : "1",
      "p" : "0.2118",
      "s" : "buy",
      "i" : "ZETAUSD-PERP",
      "m" : "4611686018428458685"
    }, {
      "d" : "1756443832194895964",
      "t" : 1756443832194,
      "tn" : 1756443832194895964,
      "q" : "1",
      "p" : "0.2120",
      "s" : "buy",
      "i" : "ZETAUSD-PERP",
      "m" : "4611686018428458684"
    }, {
      "d" : "1756443819639481183",
      "t" : 1756443819639,
      "tn" : 1756443819639481183,
      "q" : "1",
      "p" : "0.2120",
      "s" : "buy",
      "i" : "ZETAUSD-PERP",
      "m" : "4611686018428458683"
    }, {
      "d" : "1756442267399803166",
      "t" : 1756442267399,
      "tn" : 1756442267399803166,
      "q" : "1",
      "p" : "0.2104",
      "s" : "buy",
      "i" : "ZETAUSD-PERP",
      "m" : "4611686018428458682"
    } ]
  }
}