{
  "id" : -1,
  "method" : "public/get-trades",
  "code" : 0,
  "result" : {
    "data" : [ {
      "d" : "1756462822345002663",
      "t" : 1756462822345,
      "tn" : 1756462822345002663,
      "q" : "3750",
      "p" : "0.011298",
      "s" : "buy",
      "i" : "ZIL_USD",
      "m" : "4611686018430276642"
    }, {
      "d" : "1756458172030175632",
      "t" : 1756458172030,
      "tn" : 1756458172030175632,
      "q" : "3750",
      "p" : "0.011152",
      "s" : "sell",
      "i" : "ZIL_USD",
      "m" : "4611686018430276641"
    }, {
      "d" : "1756458153068979590",
      "t" : 1756458153068,
      "tn" : 1756458153068979590,
      "q" : "3730",
      "p" : "0.011213",
      "s" : "sell",
      "i" : "ZIL_USD",
      "m" : "4611686018430276640"
    }, {
      "d" : "1756457315834059337",
      "t" : 1756457315834,
      "tn" : 1756457315834059337,
      "q" : "2930",
      "p" : "0.011217",
      "s" : "sell",
      "i" : "ZIL_USD",
      "m" : "4611686018430276639"
    }, {
      "d" : "1756457315834057220",
      "t" : 1756457315834,
      "tn" : 1756457315834057220,
      "q" : "3710",
      "p" : "0.011275",
      "s" : "sell",
      "i" : "ZIL_USD",
      "m" : "4611686018430276638"
    }, {
      "d" : "1756457315235490271",
      "t" : 1756457315235,
      "tn" : 1756457315235490271,
      "q" : "6640",
      "p" : "0.011327",
      "s" : "sell",
      "i" : "ZIL_USD",
      "m" : "4611686018430276637"
    }, {
      "d" : "1756456884560434140",
      "t" : 1756456884560,
      "tn" : 1756456884560434140,
      "q" : "600",
      "p" : "0.011276",
      "s" : "sell",
      "i" : "ZIL_USD",
      "m" : "4611686018430276636"
    }, {
      "d" : "1756456440300838839",
      "t" : 1756456440300,
      "tn" : 1756456440300838839,
      "q" : "510",
      "p" : "0.011292",
      "s" : "buy",
      "i" : "ZIL_USD",
      "m" : "4611686018430276635"
    }, {
      "d" : "1756456237421110735",
      "t" : 1756456237421,
      "tn" : 1756456237421110735,
      "q" : "520",
      "p" : "0.011276",
      "s" : "sell",
      "i" : "ZIL_USD",
      "m" : "4611686018430276634"
    }, {
      "d" : "1756456177307964692",
      "t" : 1756456177307,
      "tn" : 1756456177307964692,
      "q" : "500",
      "p" : "0.011276",
      "s" : "sell",
      "i" : "ZIL_USD",
      "m" : "4611686018430276633"
    }, {
      "d" : "1756456122197349497",
      "t" : 1756456122197,
      "tn" : 1756456122197349497,
      "q" : "620",
      "p" : "0.011276",
      "s" : "sell",
      "i" : "ZIL_USD",
      "m" : "4611686018430276632"
    }, {
      "d" : "1756455520551589648",
      "t" : 1756455520551,
      "tn" : 1756455520551589648,
      "q" : "3730",
      "p" : "0.011304",
      "s" : "buy",
      "i" : "ZIL_USD",
      "m" : "4611686018430276631"
    }, {
      "d" : "1756455442168288901",
      "t" : 1756455442168,
      "tn" : 1756455442168288901,
      "q" : "3690",
      "p" : "0.011336",
      "s" : "sell",
      "i" : "ZIL_USD",
      "m" : "4611686018430276630"
    }, {
      "d" : "1756455440283249570",
      "t" : 1756455440283,
      "tn" : 1756455440283249570,
      "q" : "340",
      "p" : "0.011346",
      "s" : "sell",
      "i" : "ZIL_USD",
      "m" : "4611686018430276629"
    }, {
      "d" : "1756455046700932368",
      "t" : 1756455046700,
      "tn" : 1756455046700932368,
      "q" : "2800",
      "p" : "0.011346",
      "s" : "sell",
      "i" : "ZIL_USD",
      "m" : "4611686018430276628"
    }, {
      "d" : "1756455000979458965",
      "t" : 1756455000979,
      "tn" : 1756455000979458965,
      "q" : "490",
      "p" : "0.011399",
      "s" : "sell",
      "i" : "ZIL_USD",
      "m" : "4611686018430276627"
    }, {
      "d" : "1756452404842297985",
      "t" : 1756452404842,
      "tn" : 1756452404842297985,
      "q" : "3670",
      "p" : "0.011398",
      "s" : "sell",
      "i" : "ZIL_USD",
      "m" : "4611686018430276626"
    }, {
      "d" : "1756451617449063820",
      "t" : 1756451617449,
      "tn" : 1756451617449063820,
      "q" : "3650",
      "p" : "0.011461",
      "s" : "sell",
      "i" : "ZIL_USD",
      "m" : "4611686018430276625"
    }, {
      "d" : "1756450984178769342",
      "t" : 1756450984178,
      "tn" : 1756450984178769342,
      "q" : "1700",
      "p" : "0.011503",
      "s" : "sell",
      "i" : "ZIL_USD",
      "m" : "4611686018430276624"
    }, {
      "d" : "1756450946424017526",
      "t" : 1756450946424,
      "tn" : 1756450946424017526,
      "q" : "3630",
      "p" : "0.011523",
      "s" : "sell",
      "i" : "ZIL_USD",
      "m" : "4611686018430276623"
    }, {
      "d" : "1756449746982160156",
      "t" : 1756449746982,
      "tn" : 1756449746982160156,
      "q" : "2310",
      "p" : "0.011578",
      "s" : "sell",
      "i" : "ZIL_USD",
      "m" : "4611686018430276622"
    }, {
      "d" : "1756446797462909486",
      "t" : 1756446797462,
      "tn" : 1756446797462909486,
      "q" : "4770",
      "p" : "0.011652",
      "s" : "sell",
      "i" : "ZIL_USD",
      "m" : "4611686018430276621"
    }, {
      "d" : "1756446797462829923",
      "t" : 1756446797462,
      "tn" : 1756446797462829923,
      "q" : "1710",
      "p" : "0.011652",
      "s" : "sell",
      "i" : "ZIL_USD",
      "m" : "4611686018430276620"
    }, {
      "d" : "1756445202105577203",
      "t" : 1756445202105,
      "tn" : 1756445202105577203,
      "q" : "6250",
      "p" : "0.011591",
      "s" : "buy",
      "i" : "ZIL_USD",
      "m" : "4611686018430276619"
    }, {
      "d" : "1756442957387513814",
      "t" : 1756442957387,
      "tn" : 1756442957387513814,
      "q" : "340",
      "p" : "0.011649",
      "s" : "buy",
      "i" : "ZIL_USD",
      "m" : "4611686018430276618"
    }, {
      "d" : "1756442957380774445",
      "t" : 1756442957380,
      "tn" : 1756442957380774445,
      "q" : "3660",
      "p" : "0.011649",
      "s" : "sell",
      "i" : "ZIL_USD",
      "m" : "4611686018430276617"
    }, {
      "d" : "1756440988464057625",
      "t" : 1756440988464,
      "tn" : 1756440988464057625,
      "q" : "3260",
      "p" : "0.011603",
      "s" : "buy",
      "i" : "ZIL_USD",
      "m" : "4611686018430276616"
    }, {
      "d" : "1756440768378504557",
      "t" : 1756440768378,
      "tn" : 1756440768378504557,
      "q" : "530",
      "p" : "0.011593",
      "s" : "buy",
      "i" : "ZIL_USD",
      "m" : "4611686018430276615"
    }, {
      "d" : "1756439172207328466",
      "t" : 1756439172207,
      "tn" : 1756439172207328466,
      "q" : "7420",
      "p" : "0.011691",
      "s" : "sell",
      "i" : "ZIL_USD",
      "m" : "4611686018430276614"
    }, {
      "d" : "1756437881466155405",
      "t" : 1756437881466,
      "tn" : 1756437881466155405,
      "q" : "8290",
      "p" : "0.011687",
      "s" : "sell",
      "i" : "ZIL_USD",
      "m" : "4611686018430276613"
    }, {
      "d" : "1756437651324510421",
      "t" : 1756437651324,
      "tn" : 1756437651324510421,
      "q" : "6430",
      "p" : "0.011620",
      "s" : "buy",
      "i" : "ZIL_USD",
      "m" : "4611686018430276612"
    }, {
      "d" : "1756436031219850434",
      "t" : 1756436031219,
      "tn" : 1756436031219850434,
      "q" : "5870",
      "p" : "0.011555",
      "s" : "sell",
      "i" : "ZIL_USD",
      "m" : "4611686018430276611"
    }, {
      "d" : "1756436031219847645",
      "t" : 1756436031219,
      "tn" : 1756436031219847645,
      "q" : "3620",
      "p" : "0.011611",
      "s" : "sell",
      "i" : "ZIL_USD",
      "m" : "4611686018430276610"
    }, {
      "d" : "1756434600041804346",
      "t" : 1756434600041,
      "tn" : 1756434600041804346,
      "q" : "40",
      "p" : "0.011737",
      "s" : "buy",
      "i" : "ZIL_USD",
      "m" : "4611686018430276609"
    }, {
      "d" : "1756431252239052847",
      "t" : 1756431252239,
      "tn" : 1756431252239052847,
      "q" : "3610",
      "p" : "0.011586",
      "s" : "sell",
      "i" : "ZIL_USD",
      "m" : "4611686018430276608"
    }, {
      "d" : "1756430929914958580",
      "t" : 1756430929914,
      "tn" : 1756430929914958580,
      "q" : "3590",
      "p" : "0.011650",
      "s" : "sell",
      "i" : "ZIL_USD",
      "m" : "4611686018430276607"
    }, {
      "d" : "1756430295031919976",
      "t" : 1756430295031,
      "tn" : 1756430295031919976,
      "q" : "3570",
      "p" : "0.011713",
      "s" : "sell",
      "i" : "ZIL_USD",
      "m" : "4611686018430276606"
    }, {
      "d" : "1756429788447860807",
      "t" : 1756429788447,
      "tn" : 1756429788447860807,
      "q" : "1000",
      "p" : "0.011714",
      "s" : "sell",
      "i" : "ZIL_USD",
      "m" : "4611686018430276605"
    }, {
      "d" : "1756428395403397953",
      "t" : 1756428395403,
      "tn" : 1756428395403397953,
      "q" : "34380",
      "p" : "0.011762",
      "s" : "buy",
      "i" : "ZIL_USD",
      "m" : "4611686018430276604"
    }, {
      "d" : "1756428395403237104",
      "t" : 1756428395403,
      "tn" : 1756428395403237104,
      "q" : "7400",
      "p" : "0.011762",
      "s" : "buy",
      "i" : "ZIL_USD",
      "m" : "4611686018430276603"
    }, {
      "d" : "1756428395400568197",
      "t" : 1756428395400,
      "tn" : 1756428395400568197,
      "q" : "9370",
      "p" : "0.011762",
      "s" : "buy",
      "i" : "ZIL_USD",
      "m" : "4611686018430276602"
    }, {
      "d" : "1756428395400186118",
      "t" : 1756428395400,
      "tn" : 1756428395400186118,
      "q" : "7410",
      "p" : "0.011762",
      "s" : "buy",
      "i" : "ZIL_USD",
      "m" : "4611686018430276601"
    }, {
      "d" : "1756427523471571888",
      "t" : 1756427523471,
      "tn" : 1756427523471571888,
      "q" : "3270",
      "p" : "0.011787",
      "s" : "sell",
      "i" : "ZIL_USD",
      "m" : "4611686018430276600"
    }, {
      "d" : "1756427009794955856",
      "t" : 1756427009794,
      "tn" : 1756427009794955856,
      "q" : "570",
      "p" : "0.011909",
      "s" : "sell",
      "i" : "ZIL_USD",
      "m" : "4611686018430276599"
    }, {
      "d" : "1756425789394015944",
      "t" : 1756425789394,
      "tn" : 1756425789394015944,
      "q" : "3570",
      "p" : "0.011866",
      "s" : "buy",
      "i" : "ZIL_USD",
      "m" : "4611686018430276598"
    }, {
      "d" : "1756425625412226884",
      "t" : 1756425625412,
      "tn" : 1756425625412226884,
      "q" : "3830",
      "p" : "0.011840",
      "s" : "buy",
      "i" : "ZIL_USD",
      "m" : "4611686018430276597"
    }, {
      "d" : "1756424705402382884",
      "t" : 1756424705402,
      "tn" : 1756424705402382884,
      "q" : "2470",
      "p" : "0.011785",
      "s" : "buy",
      "i" : "ZIL_USD",
      "m" : "4611686018430276596"
    }, {
      "d" : "1756422832105718371",
      "t" : 1756422832105,
      "tn" : 1756422832105718371,
      "q" : "4480",
      "p" : "0.011730",
      "s" : "buy",
      "i" : "ZIL_USD",
      "m" : "4611686018430276595"
    }, {
      "d" : "1756421306639660087",
      "t" : 1756421306639,
      "tn" : 1756421306639660087,
      "q" : "8220",
      "p" : "0.011840",
      "s" : "sell",
      "i" : "ZIL_USD",
      "m" : "4611686018430276594"
    }, {
      "d" : "1756421299062676980",
      "t" : 1756421299062,
      "tn" : 1756421299062676980,
      "q" : "2650",
      "p" : "0.011802",
      "s" : "buy",
      "i" : "ZIL_USD",
      "m" : "4611686018430276593"
    }, {
      "d" : "1756420657294361761",
      "t" : 1756420657294,
      "tn" : 1756420657294361760,
      "q" : "930",
      "p" : "0.011802",
      "s" : "buy",
      "i" : "ZIL_USD",
      "m" : "4611686018430276592"
    }, {
      "d" : "1756420657294361760",
      "t" : 1756420657294,
      "tn" : 1756420657294361760,
      "q" : "7070",
      "p" : "0.011802",
      "s" : "buy",
      "i" : "ZIL_USD",
      "m" : "4611686018430276592"
    }, {
      "d" : "1756420576074342626",
      "t" : 1756420576074,
      "tn" : 1756420576074342626,
      "q" : "570",
      "p" : "0.011754",
      "s" : "sell",
      "i" : "ZIL_USD",
      "m" : "4611686018430276591"
    }, {
      "d" : "1756420357190623327",
      "t" : 1756420357190,
      "tn" : 1756420357190623327,
      "q" : "150",
      "p" : "0.011747",
      "s" : "buy",
      "i" : "ZIL_USD",
      "m" : "4611686018430276590"
    }, {
      "d" : "1756420357189845859",
      "t" : 1756420357189,
      "tn" : 1756420357189845859,
      "q" : "1850",
      "p" : "0.011747",
      "s" : "buy",
      "i" : "ZIL_USD",
      "m" : "4611686018430276589"
    }, {
      "d" : "1756419657457388694",
      "t" : 1756419657457,
      "tn" : 1756419657457388694,
      "q" : "2930",
      "p" : "0.011802",
      "s" : "buy",
      "i" : "ZIL_USD",
      "m" : "4611686018430276588"
    }, {
      "d" : "1756419399246104216",
      "t" : 1756419399246,
      "tn" : 1756419399246104216,
      "q" : "570",
      "p" : "0.011747",
      "s" : "buy",
      "i" : "ZIL_USD",
      "m" : "4611686018430276587"
    }, {
      "d" : "1756418914492969348",
      "t" : 1756418914492,
      "tn" : 1756418914492969348,
      "q" : "3610",
      "p" : "0.011737",
      "s" : "buy",
      "i" : "ZIL_USD",
      "m" : "4611686018430276586"
    }, {
      "d" : "1756418237195462975",
      "t" : 1756418237195,
      "tn" : 1756418237195462975,
      "q" : "530",
      "p" : "0.011682",
      "s" : "buy",
      "i" : "ZIL_USD",
      "m" : "4611686018430276585"
    }, {
      "d" : "1756417424872263898",
      "t" : 1756417424872,
      "tn" : 1756417424872263898,
      "q" : "18330",
      "p" : "0.011734",
      "s" : "sell",
      "i" : "ZIL_USD",
      "m" : "4611686018430276584"
    }, {
      "d" : "1756417424864389765",
      "t" : 1756417424864,
      "tn" : 1756417424864389765,
      "q" : "3620",
      "p" : "0.011732",
      "s" : "buy",
      "i" : "ZIL_USD",
      "m" : "4611686018430276583"
    }, {
      "d" : "1756417424864386422",
      "t" : 1756417424864,
      "tn" : 1756417424864386422,
      "q" : "3700",
      "p" : "0.011731",
      "s" : "buy",
      "i" : "ZIL_USD",
      "m" : "4611686018430276582"
    }, {
      "d" : "1756416092788275185",
      "t" : 1756416092788,
      "tn" : 1756416092788275185,
      "q" : "1180",
      "p" : "0.011704",
      "s" : "sell",
      "i" : "ZIL_USD",
      "m" : "4611686018430276581"
    }, {
      "d" : "1756412929875075612",
      "t" : 1756412929875,
      "tn" : 1756412929875075612,
      "q" : "860",
      "p" : "0.011582",
      "s" : "buy",
      "i" : "ZIL_USD",
      "m" : "4611686018430276580"
    }, {
      "d" : "1756412929871789238",
      "t" : 1756412929871,
      "tn" : 1756412929871789238,
      "q" : "1510",
      "p" : "0.011582",
      "s" : "sell",
      "i" : "ZIL_USD",
      "m" : "4611686018430276579"
    }, {
      "d" : "1756412147216724343",
      "t" : 1756412147216,
      "tn" : 1756412147216724343,
      "q" : "2140",
      "p" : "0.011525",
      "s" : "sell",
      "i" : "ZIL_USD",
      "m" : "4611686018430276578"
    }, {
      "d" : "1756411686506648518",
      "t" : 1756411686506,
      "tn" : 1756411686506648518,
      "q" : "1380",
      "p" : "0.011525",
      "s" : "buy",
      "i" : "ZIL_USD",
      "m" : "4611686018430276577"
    }, {
      "d" : "1756411686499523929",
      "t" : 1756411686499,
      "tn" : 1756411686499523929,
      "q" : "720",
      "p" : "0.011525",
      "s" : "sell",
      "i" : "ZIL_USD",
      "m" : "4611686018430276576"
    }, {
      "d" : "1756408985415086741",
      "t" : 1756408985415,
      "tn" : 1756408985415086741,
      "q" : "790",
      "p" : "0.011638",
      "s" : "buy",
      "i" : "ZIL_USD",
      "m" : "4611686018430276575"
    }, {
      "d" : "1756408985414944771",
      "t" : 1756408985414,
      "tn" : 1756408985414944771,
      "q" : "7400",
      "p" : "0.011638",
      "s" : "buy",
      "i" : "ZIL_USD",
      "m" : "4611686018430276574"
    }, {
      "d" : "1756408985410432173",
      "t" : 1756408985410,
      "tn" : 1756408985410432173,
      "q" : "3620",
      "p" : "0.011638",
      "s" : "sell",
      "i" : "ZIL_USD",
      "m" : "4611686018430276573"
    }, {
      "d" : "1756408308309190309",
      "t" : 1756408308309,
      "tn" : 1756408308309190309,
      "q" : "24690",
      "p" : "0.011681",
      "s" : "buy",
      "i" : "ZIL_USD",
      "m" : "4611686018430276572"
    }, {
      "d" : "1756405805445343585",
      "t" : 1756405805445,
      "tn" : 1756405805445343585,
      "q" : "180",
      "p" : "0.011636",
      "s" : "buy",
      "i" : "ZIL_USD",
      "m" : "4611686018430276571"
    }, {
      "d" : "1756405805441479054",
      "t" : 1756405805441,
      "tn" : 1756405805441479054,
      "q" : "3620",
      "p" : "0.011636",
      "s" : "sell",
      "i" : "ZIL_USD",
      "m" : "4611686018430276570"
    }, {
      "d" : "1756405754478470866",
      "t" : 1756405754478,
      "tn" : 1756405754478470866,
      "q" : "6220",
      "p" : "0.011730",
      "s" : "buy",
      "i" : "ZIL_USD",
      "m" : "4611686018430276569"
    }, {
      "d" : "1756405469350461671",
      "t" : 1756405469350,
      "tn" : 1756405469350461671,
      "q" : "4470",
      "p" : "0.011659",
      "s" : "sell",
      "i" : "ZIL_USD",
      "m" : "4611686018430276568"
    }, {
      "d" : "1756401553730066696",
      "t" : 1756401553730,
      "tn" : 1756401553730066696,
      "q" : "1500",
      "p" : "0.011560",
      "s" : "sell",
      "i" : "ZIL_USD",
      "m" : "4611686018430276567"
    }, {
      "d" : "1756400866438700415",
      "t" : 1756400866438,
      "tn" : 1756400866438700415,
      "q" : "560",
      "p" : "0.011525",
      "s" : "sell",
      "i" : "ZIL_USD",
      "m" : "4611686018430276566"
    }, {
      "d" : "1756400341965573290",
      "t" : 1756400341965,
      "tn" : 1756400341965573290,
      "q" : "3610",
      "p" : "0.011586",
      "s" : "sell",
      "i" : "ZIL_USD",
      "m" : "4611686018430276565"
    }, {
      "d" : "1756400341965570543",
      "t" : 1756400341965,
      "tn" : 1756400341965570543,
      "q" : "210",
      "p" : "0.011587",
      "s" : "sell",
      "i" : "ZIL_USD",
      "m" : "4611686018430276564"
    }, {
      "d" : "1756400341963988100",
      "t" : 1756400341963,
      "tn" : 1756400341963988100,
      "q" : "1060",
      "p" : "0.011587",
      "s" : "sell",
      "i" : "ZIL_USD",
      "m" : "4611686018430276563"
    }, {
      "d" : "1756399930109050165",
      "t" : 1756399930109,
      "tn" : 1756399930109050165,
      "q" : "3590",
      "p" : "0.011650",
      "s" : "sell",
      "i" : "ZIL_USD",
      "m" : "4611686018430276562"
    }, {
      "d" : "1756399694980948137",
      "t" : 1756399694980,
      "tn" : 1756399694980948137,
      "q" : "7400",
      "p" : "0.011683",
      "s" : "sell",
      "i" : "ZIL_USD",
      "m" : "4611686018430276561"
    }, {
      "d" : "1756399675184361027",
      "t" : 1756399675184,
      "tn" : 1756399675184361027,
      "q" : "3210",
      "p" : "0.011737",
      "s" : "sell",
      "i" : "ZIL_USD",
      "m" : "4611686018430276560"
    }, {
      "d" : "1756399393844860917",
      "t" : 1756399393844,
      "tn" : 1756399393844860917,
      "q" : "11500",
      "p" : "0.011680",
      "s" : "buy",
      "i" : "ZIL_USD",
      "m" : "4611686018430276559"
    }, {
      "d" : "1756397997939996726",
      "t" : 1756397997939,
      "tn" : 1756397997939996726,
      "q" : "16310",
      "p" : "0.011802",
      "s" : "sell",
      "i" : "ZIL_USD",
      "m" : "4611686018430276558"
    }, {
      "d" : "1756397303395336012",
      "t" : 1756397303395,
      "tn" : 1756397303395336012,
      "q" : "3170",
      "p" : "0.011811",
      "s" : "buy",
      "i" : "ZIL_USD",
      "m" : "4611686018430276557"
    }, {
      "d" : "1756397297587332397",
      "t" : 1756397297587,
      "tn" : 1756397297587332397,
      "q" : "3150",
      "p" : "0.011809",
      "s" : "buy",
      "i" : "ZIL_USD",
      "m" : "4611686018430276556"
    }, {
      "d" : "1756397283580582125",
      "t" : 1756397283580,
      "tn" : 1756397283580582125,
      "q" : "440",
      "p" : "0.011655",
      "s" : "sell",
      "i" : "ZIL_USD",
      "m" : "4611686018430276555"
    }, {
      "d" : "1756397283580580338",
      "t" : 1756397283580,
      "tn" : 1756397283580580338,
      "q" : "1810",
      "p" : "0.011685",
      "s" : "sell",
      "i" : "ZIL_USD",
      "m" : "4611686018430276554"
    }, {
      "d" : "1756396145073103158",
      "t" : 1756396145073,
      "tn" : 1756396145073103158,
      "q" : "2600",
      "p" : "0.011713",
      "s" : "sell",
      "i" : "ZIL_USD",
      "m" : "4611686018430276553"
    }, {
      "d" : "1756396145073100781",
      "t" : 1756396145073,
      "tn" : 1756396145073100781,
      "q" : "940",
      "p" : "0.011714",
      "s" : "sell",
      "i" : "ZIL_USD",
      "m" : "4611686018430276552"
    }, {
      "d" : "1756396043894437268",
      "t" : 1756396043894,
      "tn" : 1756396043894437268,
      "q" : "3650",
      "p" : "0.011719",
      "s" : "buy",
      "i" : "ZIL_USD",
      "m" : "4611686018430276551"
    }, {
      "d" : "1756395971014977588",
      "t" : 1756395971014,
      "tn" : 1756395971014977588,
      "q" : "2590",
      "p" : "0.011777",
      "s" : "sell",
      "i" : "ZIL_USD",
      "m" : "4611686018430276550"
    }, {
      "d" : "1756395914005036160",
      "t" : 1756395914005,
      "tn" : 1756395914005036160,
      "q" : "2570",
      "p" : "0.011842",
      "s" : "sell",
      "i" : "ZIL_USD",
      "m" : "4611686018430276549"
    }, {
      "d" : "1756395845417025585",
      "t" : 1756395845417,
      "tn" : 1756395845417025585,
      "q" : "2560",
      "p" : "0.011907",
      "s" : "sell",
      "i" : "ZIL_USD",
      "m" : "4611686018430276548"
    }, {
      "d" : "1756395845417023015",
      "t" : 1756395845417,
      "tn" : 1756395845417023015,
      "q" : "1270",
      "p" : "0.011908",
      "s" : "sell",
      "i" : "ZIL_USD",
      "m" : "4611686018430276547"
    }, {
      "d" : "1756395838587270858",
      "t" : 1756395838587,
      "tn" : 1756395838587270858,
      "q" : "110",
      "p" : "0.011963",
      "s" : "sell",
      "i" : "ZIL_USD",
      "m" : "4611686018430276546"
    }, {
      "d" : "1756395838587237660",
      "t" : 1756395838587,
      "tn" : 1756395838587237660,
      "q" : "1670",
      "p" : "0.011963",
      "s" : "sell",
      "i" : "ZIL_USD",
      "m" : "4611686018430276545"
    }, {
      "d" : "1756395832039159976",
      "t" : 1756395832039,
      "tn" : 1756395832039159976,
      "q" : "1040",
      "p" : "0.011909",
      "s" : "sell",
      "i" : "ZIL_USD",
      "m" : "4611686018430276544"
    }, {
      "d" : "1756395821737932996",
      "t" : 1756395821737,
      "tn" : 1756395821737932996,
      "q" : "4210",
      "p" : "0.011953",
      "s" : "sell",
      "i" : "ZIL_USD",
      "m" : "4611686018430276543"
    }, {
      "d" : "1756395821330932670",
      "t" : 1756395821330,
      "tn" : 1756395821330932670,
      "q" : "470",
      "p" : "0.011956",
      "s" : "sell",
      "i" : "ZIL_USD",
      "m" : "4611686018430276542"
    }, {
      "d" : "1756395821328971184",
      "t" : 1756395821328,
      "tn" : 1756395821328971184,
      "q" : "4220",
      "p" : "0.011956",
      "s" : "sell",
      "i" : "ZIL_USD",
      "m" : "4611686018430276541"
    }, {
      "d" : "1756395821327168818",
      "t" : 1756395821327,
      "tn" : 1756395821327168818,
      "q" : "2130",
      "p" : "0.011956",
      "s" : "sell",
      "i" : "ZIL_USD",
      "m" : "4611686018430276540"
    }, {
      "d" : "1756395821326954586",
      "t" : 1756395821326,
      "tn" : 1756395821326954586,
      "q" : "7920",
      "p" : "0.011956",
      "s" : "sell",
      "i" : "ZIL_USD",
      "m" : "4611686018430276539"
    }, {
      "d" : "1756395813743032206",
      "t" : 1756395813743,
      "tn" : 1756395813743032206,
      "q" : "2550",
      "p" : "0.011972",
      "s" : "sell",
      "i" : "ZIL_USD",
      "m" : "4611686018430276538"
    }, {
      "d" : "1756395773355006317",
      "t" : 1756395773355,
      "tn" : 1756395773355006317,
      "q" : "700",
      "p" : "0.012037",
      "s" : "sell",
      "i" : "ZIL_USD",
      "m" : "4611686018430276537"
    }, {
      "d" : "1756395773354943242",
      "t" : 1756395773354,
      "tn" : 1756395773354943242,
      "q" : "1830",
      "p" : "0.012037",
      "s" : "sell",
      "i" : "ZIL_USD",
      "m" : "4611686018430276536"
    }, {
      "d" : "1756395695377057826",
      "t" : 1756395695377,
      "tn" : 1756395695377057826,
      "q" : "2530",
      "p" : "0.012194",
      "s" : "buy",
      "i" : "ZIL_USD",
      "m" : "4611686018430276535"
    }, {
      "d" : "1756395695377055818",
      "t" : 1756395695377,
      "tn" : 1756395695377055816,
      "q" : "1360",
      "p" : "0.012191",
      "s" : "buy",
      "i" : "ZIL_USD",
      "m" : "4611686018430276534"
    }, {
      "d" : "1756395695377055817",
      "t" : 1756395695377,
      "tn" : 1756395695377055816,
      "q" : "1230",
      "p" : "0.012191",
      "s" : "buy",
      "i" : "ZIL_USD",
      "m" : "4611686018430276534"
    }, {
      "d" : "1756395695377055816",
      "t" : 1756395695377,
      "tn" : 1756395695377055816,
      "q" : "1260",
      "p" : "0.012191",
      "s" : "buy",
      "i" : "ZIL_USD",
      "m" : "4611686018430276534"
    }, {
      "d" : "1756395684304283976",
      "t" : 1756395684304,
      "tn" : 1756395684304283976,
      "q" : "2550",
      "p" : "0.012128",
      "s" : "buy",
      "i" : "ZIL_USD",
      "m" : "4611686018430276533"
    }, {
      "d" : "1756395540624047546",
      "t" : 1756395540624,
      "tn" : 1756395540624047546,
      "q" : "2560",
      "p" : "0.012062",
      "s" : "buy",
      "i" : "ZIL_USD",
      "m" : "4611686018430276532"
    }, {
      "d" : "1756395492480900096",
      "t" : 1756395492480,
      "tn" : 1756395492480900096,
      "q" : "2570",
      "p" : "0.011997",
      "s" : "buy",
      "i" : "ZIL_USD",
      "m" : "4611686018430276531"
    }, {
      "d" : "1756395492480897713",
      "t" : 1756395492480,
      "tn" : 1756395492480897713,
      "q" : "930",
      "p" : "0.011996",
      "s" : "buy",
      "i" : "ZIL_USD",
      "m" : "4611686018430276530"
    }, {
      "d" : "1756395489929064633",
      "t" : 1756395489929,
      "tn" : 1756395489929064633,
      "q" : "2690",
      "p" : "0.011961",
      "s" : "buy",
      "i" : "ZIL_USD",
      "m" : "4611686018430276529"
    }, {
      "d" : "1756395468620020921",
      "t" : 1756395468620,
      "tn" : 1756395468620020921,
      "q" : "2690",
      "p" : "0.011961",
      "s" : "buy",
      "i" : "ZIL_USD",
      "m" : "4611686018430276528"
    }, {
      "d" : "1756395357193631740",
      "t" : 1756395357193,
      "tn" : 1756395357193631740,
      "q" : "4710",
      "p" : "0.011872",
      "s" : "buy",
      "i" : "ZIL_USD",
      "m" : "4611686018430276527"
    }, {
      "d" : "1756394710539173525",
      "t" : 1756394710539,
      "tn" : 1756394710539173525,
      "q" : "2590",
      "p" : "0.011931",
      "s" : "buy",
      "i" : "ZIL_USD",
      "m" : "4611686018430276526"
    }, {
      "d" : "1756394172650927208",
      "t" : 1756394172650,
      "tn" : 1756394172650927208,
      "q" : "80420",
      "p" : "0.011907",
      "s" : "sell",
      "i" : "ZIL_USD",
      "m" : "4611686018430276525"
    }, {
      "d" : "1756392919274027007",
      "t" : 1756392919274,
      "tn" : 1756392919274027007,
      "q" : "2600",
      "p" : "0.011866",
      "s" : "buy",
      "i" : "ZIL_USD",
      "m" : "4611686018430276524"
    }, {
      "d" : "1756392919274024162",
      "t" : 1756392919274,
      "tn" : 1756392919274024162,
      "q" : "1260",
      "p" : "0.011865",
      "s" : "buy",
      "i" : "ZIL_USD",
      "m" : "4611686018430276523"
    }, {
      "d" : "1756391864721689656",
      "t" : 1756391864721,
      "tn" : 1756391864721689656,
      "q" : "1270",
      "p" : "0.011814",
      "s" : "buy",
      "i" : "ZIL_USD",
      "m" : "4611686018430276522"
    }, {
      "d" : "1756391855838640317",
      "t" : 1756391855838,
      "tn" : 1756391855838640317,
      "q" : "2620",
      "p" : "0.011802",
      "s" : "buy",
      "i" : "ZIL_USD",
      "m" : "4611686018430276521"
    }, {
      "d" : "1756391638419630420",
      "t" : 1756391638419,
      "tn" : 1756391638419630420,
      "q" : "1050",
      "p" : "0.011747",
      "s" : "buy",
      "i" : "ZIL_USD",
      "m" : "4611686018430276520"
    }, {
      "d" : "1756391501273564507",
      "t" : 1756391501273,
      "tn" : 1756391501273564507,
      "q" : "8940",
      "p" : "0.011747",
      "s" : "buy",
      "i" : "ZIL_USD",
      "m" : "4611686018430276519"
    }, {
      "d" : "1756391498422486286",
      "t" : 1756391498422,
      "tn" : 1756391498422486286,
      "q" : "6030",
      "p" : "0.011747",
      "s" : "buy",
      "i" : "ZIL_USD",
      "m" : "4611686018430276518"
    }, {
      "d" : "1756391498411672719",
      "t" : 1756391498411,
      "tn" : 1756391498411672719,
      "q" : "77250",
      "p" : "0.011747",
      "s" : "buy",
      "i" : "ZIL_USD",
      "m" : "4611686018430276517"
    }, {
      "d" : "1756391498409911169",
      "t" : 1756391498409,
      "tn" : 1756391498409911169,
      "q" : "10000",
      "p" : "0.011747",
      "s" : "buy",
      "i" : "ZIL_USD",
      "m" : "4611686018430276516"
    }, {
      "d" : "1756391498406478617",
      "t" : 1756391498406,
      "tn" : 1756391498406478617,
      "q" : "3700",
      "p" : "0.011747",
      "s" : "sell",
      "i" : "ZIL_USD",
      "m" : "4611686018430276515"
    }, {
      "d" : "1756391495324797878",
      "t" : 1756391495324,
      "tn" : 1756391495324797878,
      "q" : "96980",
      "p" : "0.011747",
      "s" : "buy",
      "i" : "ZIL_USD",
      "m" : "4611686018430276514"
    }, {
      "d" : "1756391492548914563",
      "t" : 1756391492548,
      "tn" : 1756391492548914563,
      "q" : "83280",
      "p" : "0.011747",
      "s" : "buy",
      "i" : "ZIL_USD",
      "m" : "4611686018430276513"
    }, {
      "d" : "1756391492544998085",
      "t" : 1756391492544,
      "tn" : 1756391492544998085,
      "q" : "10000",
      "p" : "0.011747",
      "s" : "buy",
      "i" : "ZIL_USD",
      "m" : "4611686018430276512"
    }, {
      "d" : "1756391492544454935",
      "t" : 1756391492544,
      "tn" : 1756391492544454935,
      "q" : "3700",
      "p" : "0.011747",
      "s" : "buy",
      "i" : "ZIL_USD",
      "m" : "4611686018430276511"
    }, {
      "d" : "1756390865424895798",
      "t" : 1756390865424,
      "tn" : 1756390865424895798,
      "q" : "520",
      "p" : "0.011747",
      "s" : "buy",
      "i" : "ZIL_USD",
      "m" : "4611686018430276510"
    }, {
      "d" : "1756389811303114557",
      "t" : 1756389811303,
      "tn" : 1756389811303114557,
      "q" : "8540",
      "p" : "0.011731",
      "s" : "buy",
      "i" : "ZIL_USD",
      "m" : "4611686018430276509"
    }, {
      "d" : "1756389800014284348",
      "t" : 1756389800014,
      "tn" : 1756389800014284347,
      "q" : "920",
      "p" : "0.011725",
      "s" : "buy",
      "i" : "ZIL_USD",
      "m" : "4611686018430276508"
    }, {
      "d" : "1756389800014284347",
      "t" : 1756389800014,
      "tn" : 1756389800014284347,
      "q" : "920",
      "p" : "0.011725",
      "s" : "buy",
      "i" : "ZIL_USD",
      "m" : "4611686018430276508"
    }, {
      "d" : "1756389800014280280",
      "t" : 1756389800014,
      "tn" : 1756389800014280280,
      "q" : "4550",
      "p" : "0.011724",
      "s" : "buy",
      "i" : "ZIL_USD",
      "m" : "4611686018430276507"
    }, {
      "d" : "1756389384381165839",
      "t" : 1756389384381,
      "tn" : 1756389384381165839,
      "q" : "95150",
      "p" : "0.011690",
      "s" : "sell",
      "i" : "ZIL_USD",
      "m" : "4611686018430276506"
    }, {
      "d" : "1756389215406058715",
      "t" : 1756389215406,
      "tn" : 1756389215406058715,
      "q" : "500",
      "p" : "0.011627",
      "s" : "sell",
      "i" : "ZIL_USD",
      "m" : "4611686018430276505"
    }, {
      "d" : "1756389033451419334",
      "t" : 1756389033451,
      "tn" : 1756389033451419334,
      "q" : "82610",
      "p" : "0.011686",
      "s" : "sell",
      "i" : "ZIL_USD",
      "m" : "4611686018430276504"
    }, {
      "d" : "1756387659634502814",
      "t" : 1756387659634,
      "tn" : 1756387659634502814,
      "q" : "58470",
      "p" : "0.011669",
      "s" : "buy",
      "i" : "ZIL_USD",
      "m" : "4611686018430276503"
    }, {
      "d" : "1756387633420837756",
      "t" : 1756387633420,
      "tn" : 1756387633420837756,
      "q" : "860",
      "p" : "0.011669",
      "s" : "buy",
      "i" : "ZIL_USD",
      "m" : "4611686018430276502"
    }, {
      "d" : "1756387230927650142",
      "t" : 1756387230927,
      "tn" : 1756387230927650142,
      "q" : "690",
      "p" : "0.011669",
      "s" : "buy",
      "i" : "ZIL_USD",
      "m" : "4611686018430276501"
    }, {
      "d" : "1756387087498709057",
      "t" : 1756387087498,
      "tn" : 1756387087498709057,
      "q" : "4340",
      "p" : "0.011628",
      "s" : "sell",
      "i" : "ZIL_USD",
      "m" : "4611686018430276500"
    }, {
      "d" : "1756386881689008048",
      "t" : 1756386881689,
      "tn" : 1756386881689008048,
      "q" : "920",
      "p" : "0.011725",
      "s" : "sell",
      "i" : "ZIL_USD",
      "m" : "4611686018430276499"
    }, {
      "d" : "1756386860001049524",
      "t" : 1756386860001,
      "tn" : 1756386860001049524,
      "q" : "8280",
      "p" : "0.011691",
      "s" : "sell",
      "i" : "ZIL_USD",
      "m" : "4611686018430276498"
    }, {
      "d" : "1756386363325741663",
      "t" : 1756386363325,
      "tn" : 1756386363325741663,
      "q" : "70350",
      "p" : "0.011731",
      "s" : "sell",
      "i" : "ZIL_USD",
      "m" : "4611686018430276497"
    } ]
  }
}