{
  "id" : -1,
  "method" : "public/get-trades",
  "code" : 0,
  "result" : {
    "data" : [ {
      "d" : "1756456884561292014",
      "t" : 1756456884561,
      "tn" : 1756456884561292014,
      "q" : "600",
      "p" : "0.011292",
      "s" : "sell",
      "i" : "ZIL_USDT",
      "m" : "4611686018430582813"
    }, {
      "d" : "1756456237421871733",
      "t" : 1756456237421,
      "tn" : 1756456237421871733,
      "q" : "520",
      "p" : "0.011292",
      "s" : "sell",
      "i" : "ZIL_USDT",
      "m" : "4611686018430582812"
    }, {
      "d" : "1756456177308717813",
      "t" : 1756456177308,
      "tn" : 1756456177308717813,
      "q" : "500",
      "p" : "0.011292",
      "s" : "sell",
      "i" : "ZIL_USDT",
      "m" : "4611686018430582811"
    }, {
      "d" : "1756456122198160481",
      "t" : 1756456122198,
      "tn" : 1756456122198160481,
      "q" : "620",
      "p" : "0.011292",
      "s" : "sell",
      "i" : "ZIL_USDT",
      "m" : "4611686018430582810"
    }, {
      "d" : "1756445202108420650",
      "t" : 1756445202108,
      "tn" : 1756445202108420650,
      "q" : "2550",
      "p" : "0.011607",
      "s" : "sell",
      "i" : "ZIL_USDT",
      "m" : "4611686018430582809"
    }, {
      "d" : "1756445202108418967",
      "t" : 1756445202108,
      "tn" : 1756445202108418967,
      "q" : "3700",
      "p" : "0.011622",
      "s" : "sell",
      "i" : "ZIL_USDT",
      "m" : "4611686018430582808"
    }, {
      "d" : "1756442957381673432",
      "t" : 1756442957381,
      "tn" : 1756442957381673432,
      "q" : "3660",
      "p" : "0.011661",
      "s" : "sell",
      "i" : "ZIL_USDT",
      "m" : "4611686018430582807"
    }, {
      "d" : "1756440768379514564",
      "t" : 1756440768379,
      "tn" : 1756440768379514564,
      "q" : "530",
      "p" : "0.011622",
      "s" : "sell",
      "i" : "ZIL_USDT",
      "m" : "4611686018430582806"
    }, {
      "d" : "1756436031220631081",
      "t" : 1756436031220,
      "tn" : 1756436031220631081,
      "q" : "3620",
      "p" : "0.011637",
      "s" : "sell",
      "i" : "ZIL_USDT",
      "m" : "4611686018430582805"
    }, {
      "d" : "1756429788448758076",
      "t" : 1756429788448,
      "tn" : 1756429788448758076,
      "q" : "1000",
      "p" : "0.011747",
      "s" : "sell",
      "i" : "ZIL_USDT",
      "m" : "4611686018430582804"
    }, {
      "d" : "1756429388165684884",
      "t" : 1756429388165,
      "tn" : 1756429388165684884,
      "q" : "2520",
      "p" : "0.011786",
      "s" : "sell",
      "i" : "ZIL_USDT",
      "m" : "4611686018430582803"
    }, {
      "d" : "1756429388095930239",
      "t" : 1756429388095,
      "tn" : 1756429388095930239,
      "q" : "4380",
      "p" : "0.011786",
      "s" : "sell",
      "i" : "ZIL_USDT",
      "m" : "4611686018430582802"
    }, {
      "d" : "1756429083336283507",
      "t" : 1756429083336,
      "tn" : 1756429083336283507,
      "q" : "480",
      "p" : "0.011786",
      "s" : "sell",
      "i" : "ZIL_USDT",
      "m" : "4611686018430582801"
    }, {
      "d" : "1756428395411885726",
      "t" : 1756428395411,
      "tn" : 1756428395411885726,
      "q" : "7390",
      "p" : "0.011786",
      "s" : "buy",
      "i" : "ZIL_USDT",
      "m" : "4611686018430582800"
    }, {
      "d" : "1756428395400134440",
      "t" : 1756428395400,
      "tn" : 1756428395400134440,
      "q" : "3700",
      "p" : "0.011786",
      "s" : "sell",
      "i" : "ZIL_USDT",
      "m" : "4611686018430582799"
    }, {
      "d" : "1756428395400132306",
      "t" : 1756428395400,
      "tn" : 1756428395400132306,
      "q" : "3700",
      "p" : "0.011796",
      "s" : "sell",
      "i" : "ZIL_USDT",
      "m" : "4611686018430582798"
    }, {
      "d" : "1756427523472398011",
      "t" : 1756427523472,
      "tn" : 1756427523472398011,
      "q" : "1420",
      "p" : "0.011801",
      "s" : "sell",
      "i" : "ZIL_USDT",
      "m" : "4611686018430582797"
    }, {
      "d" : "1756427523472395627",
      "t" : 1756427523472,
      "tn" : 1756427523472395627,
      "q" : "1850",
      "p" : "0.011822",
      "s" : "sell",
      "i" : "ZIL_USDT",
      "m" : "4611686018430582796"
    }, {
      "d" : "1756421260434773900",
      "t" : 1756421260434,
      "tn" : 1756421260434773900,
      "q" : "3700",
      "p" : "0.011791",
      "s" : "sell",
      "i" : "ZIL_USDT",
      "m" : "4611686018430582795"
    }, {
      "d" : "1756421257384053863",
      "t" : 1756421257384,
      "tn" : 1756421257384053863,
      "q" : "3700",
      "p" : "0.011782",
      "s" : "sell",
      "i" : "ZIL_USDT",
      "m" : "4611686018430582794"
    }, {
      "d" : "1756420576075039709",
      "t" : 1756420576075,
      "tn" : 1756420576075039709,
      "q" : "570",
      "p" : "0.011781",
      "s" : "sell",
      "i" : "ZIL_USDT",
      "m" : "4611686018430582793"
    }, {
      "d" : "1756420357189820909",
      "t" : 1756420357189,
      "tn" : 1756420357189820909,
      "q" : "1850",
      "p" : "0.011792",
      "s" : "sell",
      "i" : "ZIL_USDT",
      "m" : "4611686018430582792"
    }, {
      "d" : "1756414293620736545",
      "t" : 1756414293620,
      "tn" : 1756414293620736545,
      "q" : "3700",
      "p" : "0.011577",
      "s" : "sell",
      "i" : "ZIL_USDT",
      "m" : "4611686018430582791"
    }, {
      "d" : "1756414293620248703",
      "t" : 1756414293620,
      "tn" : 1756414293620248703,
      "q" : "3700",
      "p" : "0.011583",
      "s" : "sell",
      "i" : "ZIL_USDT",
      "m" : "4611686018430582790"
    }, {
      "d" : "1756414290334858921",
      "t" : 1756414290334,
      "tn" : 1756414290334858921,
      "q" : "3700",
      "p" : "0.011583",
      "s" : "sell",
      "i" : "ZIL_USDT",
      "m" : "4611686018430582789"
    }, {
      "d" : "1756414284144955367",
      "t" : 1756414284144,
      "tn" : 1756414284144955367,
      "q" : "3700",
      "p" : "0.011580",
      "s" : "sell",
      "i" : "ZIL_USDT",
      "m" : "4611686018430582788"
    }, {
      "d" : "1756414284144837604",
      "t" : 1756414284144,
      "tn" : 1756414284144837604,
      "q" : "3700",
      "p" : "0.011592",
      "s" : "sell",
      "i" : "ZIL_USDT",
      "m" : "4611686018430582787"
    }, {
      "d" : "1756414239630700437",
      "t" : 1756414239630,
      "tn" : 1756414239630700437,
      "q" : "3700",
      "p" : "0.011583",
      "s" : "sell",
      "i" : "ZIL_USDT",
      "m" : "4611686018430582786"
    }, {
      "d" : "1756413992093741767",
      "t" : 1756413992093,
      "tn" : 1756413992093741767,
      "q" : "3700",
      "p" : "0.011612",
      "s" : "buy",
      "i" : "ZIL_USDT",
      "m" : "4611686018430582785"
    }, {
      "d" : "1756413992067970736",
      "t" : 1756413992067,
      "tn" : 1756413992067970736,
      "q" : "3700",
      "p" : "0.011613",
      "s" : "sell",
      "i" : "ZIL_USDT",
      "m" : "4611686018430582784"
    }, {
      "d" : "1756413989115500653",
      "t" : 1756413989115,
      "tn" : 1756413989115500653,
      "q" : "3700",
      "p" : "0.011607",
      "s" : "sell",
      "i" : "ZIL_USDT",
      "m" : "4611686018430582783"
    }, {
      "d" : "1756413989115066652",
      "t" : 1756413989115,
      "tn" : 1756413989115066652,
      "q" : "3700",
      "p" : "0.011617",
      "s" : "sell",
      "i" : "ZIL_USDT",
      "m" : "4611686018430582782"
    }, {
      "d" : "1756413986594174317",
      "t" : 1756413986594,
      "tn" : 1756413986594174317,
      "q" : "3700",
      "p" : "0.011612",
      "s" : "sell",
      "i" : "ZIL_USDT",
      "m" : "4611686018430582781"
    }, {
      "d" : "1756413983576330505",
      "t" : 1756413983576,
      "tn" : 1756413983576330505,
      "q" : "3700",
      "p" : "0.011617",
      "s" : "sell",
      "i" : "ZIL_USDT",
      "m" : "4611686018430582780"
    }, {
      "d" : "1756413938218317776",
      "t" : 1756413938218,
      "tn" : 1756413938218317776,
      "q" : "3700",
      "p" : "0.011621",
      "s" : "sell",
      "i" : "ZIL_USDT",
      "m" : "4611686018430582779"
    }, {
      "d" : "1756412929878260096",
      "t" : 1756412929878,
      "tn" : 1756412929878260096,
      "q" : "810",
      "p" : "0.011605",
      "s" : "buy",
      "i" : "ZIL_USDT",
      "m" : "4611686018430582778"
    }, {
      "d" : "1756412929875033427",
      "t" : 1756412929875,
      "tn" : 1756412929875033427,
      "q" : "40",
      "p" : "0.011605",
      "s" : "sell",
      "i" : "ZIL_USDT",
      "m" : "4611686018430582777"
    }, {
      "d" : "1756412929872502006",
      "t" : 1756412929872,
      "tn" : 1756412929872502006,
      "q" : "1510",
      "p" : "0.011605",
      "s" : "sell",
      "i" : "ZIL_USDT",
      "m" : "4611686018430582776"
    }, {
      "d" : "1756412431928385800",
      "t" : 1756412431928,
      "tn" : 1756412431928385800,
      "q" : "2150",
      "p" : "0.011603",
      "s" : "buy",
      "i" : "ZIL_USDT",
      "m" : "4611686018430582775"
    }, {
      "d" : "1756412115984439734",
      "t" : 1756412115984,
      "tn" : 1756412115984439734,
      "q" : "10",
      "p" : "0.011603",
      "s" : "sell",
      "i" : "ZIL_USDT",
      "m" : "4611686018430582774"
    }, {
      "d" : "1756412115983855522",
      "t" : 1756412115983,
      "tn" : 1756412115983855522,
      "q" : "2140",
      "p" : "0.011603",
      "s" : "sell",
      "i" : "ZIL_USDT",
      "m" : "4611686018430582773"
    }, {
      "d" : "1756411374193594707",
      "t" : 1756411374193,
      "tn" : 1756411374193594707,
      "q" : "3700",
      "p" : "0.011543",
      "s" : "sell",
      "i" : "ZIL_USDT",
      "m" : "4611686018430582772"
    }, {
      "d" : "1756411334074574808",
      "t" : 1756411334074,
      "tn" : 1756411334074574808,
      "q" : "3700",
      "p" : "0.011537",
      "s" : "sell",
      "i" : "ZIL_USDT",
      "m" : "4611686018430582771"
    }, {
      "d" : "1756411305976697962",
      "t" : 1756411305976,
      "tn" : 1756411305976697962,
      "q" : "3700",
      "p" : "0.011543",
      "s" : "sell",
      "i" : "ZIL_USDT",
      "m" : "4611686018430582770"
    }, {
      "d" : "1756411293881081468",
      "t" : 1756411293881,
      "tn" : 1756411293881081468,
      "q" : "3700",
      "p" : "0.011543",
      "s" : "sell",
      "i" : "ZIL_USDT",
      "m" : "4611686018430582769"
    }, {
      "d" : "1756410828093784206",
      "t" : 1756410828093,
      "tn" : 1756410828093784206,
      "q" : "3700",
      "p" : "0.011587",
      "s" : "sell",
      "i" : "ZIL_USDT",
      "m" : "4611686018430582768"
    }, {
      "d" : "1756410113268591912",
      "t" : 1756410113268,
      "tn" : 1756410113268591912,
      "q" : "3690",
      "p" : "0.011617",
      "s" : "sell",
      "i" : "ZIL_USDT",
      "m" : "4611686018430582767"
    }, {
      "d" : "1756409839070158818",
      "t" : 1756409839070,
      "tn" : 1756409839070158818,
      "q" : "3690",
      "p" : "0.011651",
      "s" : "sell",
      "i" : "ZIL_USDT",
      "m" : "4611686018430582766"
    }, {
      "d" : "1756408985421416772",
      "t" : 1756408985421,
      "tn" : 1756408985421416772,
      "q" : "3690",
      "p" : "0.011651",
      "s" : "buy",
      "i" : "ZIL_USDT",
      "m" : "4611686018430582765"
    }, {
      "d" : "1756408985415010227",
      "t" : 1756408985415,
      "tn" : 1756408985415010227,
      "q" : "3700",
      "p" : "0.011651",
      "s" : "sell",
      "i" : "ZIL_USDT",
      "m" : "4611686018430582764"
    }, {
      "d" : "1756408985411122232",
      "t" : 1756408985411,
      "tn" : 1756408985411122232,
      "q" : "3620",
      "p" : "0.011657",
      "s" : "sell",
      "i" : "ZIL_USDT",
      "m" : "4611686018430582763"
    }, {
      "d" : "1756408238027241404",
      "t" : 1756408238027,
      "tn" : 1756408238027241404,
      "q" : "3700",
      "p" : "0.011697",
      "s" : "sell",
      "i" : "ZIL_USDT",
      "m" : "4611686018430582762"
    }, {
      "d" : "1756408231924255551",
      "t" : 1756408231924,
      "tn" : 1756408231924255551,
      "q" : "3700",
      "p" : "0.011697",
      "s" : "sell",
      "i" : "ZIL_USDT",
      "m" : "4611686018430582761"
    }, {
      "d" : "1756407758048343354",
      "t" : 1756407758048,
      "tn" : 1756407758048343354,
      "q" : "3700",
      "p" : "0.011682",
      "s" : "sell",
      "i" : "ZIL_USDT",
      "m" : "4611686018430582760"
    }, {
      "d" : "1756407751650892711",
      "t" : 1756407751650,
      "tn" : 1756407751650892711,
      "q" : "3700",
      "p" : "0.011682",
      "s" : "sell",
      "i" : "ZIL_USDT",
      "m" : "4611686018430582759"
    }, {
      "d" : "1756406477069785108",
      "t" : 1756406477069,
      "tn" : 1756406477069785108,
      "q" : "3700",
      "p" : "0.011692",
      "s" : "sell",
      "i" : "ZIL_USDT",
      "m" : "4611686018430582758"
    }, {
      "d" : "1756406474041157214",
      "t" : 1756406474041,
      "tn" : 1756406474041157214,
      "q" : "3700",
      "p" : "0.011697",
      "s" : "sell",
      "i" : "ZIL_USDT",
      "m" : "4611686018430582757"
    }, {
      "d" : "1756406440356056752",
      "t" : 1756406440356,
      "tn" : 1756406440356056752,
      "q" : "3700",
      "p" : "0.011692",
      "s" : "sell",
      "i" : "ZIL_USDT",
      "m" : "4611686018430582756"
    }, {
      "d" : "1756406434102225621",
      "t" : 1756406434102,
      "tn" : 1756406434102225621,
      "q" : "3700",
      "p" : "0.011697",
      "s" : "sell",
      "i" : "ZIL_USDT",
      "m" : "4611686018430582755"
    }, {
      "d" : "1756405805450484366",
      "t" : 1756405805450,
      "tn" : 1756405805450484366,
      "q" : "170",
      "p" : "0.011657",
      "s" : "buy",
      "i" : "ZIL_USDT",
      "m" : "4611686018430582754"
    }, {
      "d" : "1756405805442188886",
      "t" : 1756405805442,
      "tn" : 1756405805442188886,
      "q" : "3620",
      "p" : "0.011657",
      "s" : "sell",
      "i" : "ZIL_USDT",
      "m" : "4611686018430582753"
    }, {
      "d" : "1756402893420560219",
      "t" : 1756402893420,
      "tn" : 1756402893420560219,
      "q" : "3700",
      "p" : "0.011617",
      "s" : "buy",
      "i" : "ZIL_USDT",
      "m" : "4611686018430582752"
    }, {
      "d" : "1756402893408004976",
      "t" : 1756402893408,
      "tn" : 1756402893408004976,
      "q" : "3700",
      "p" : "0.011617",
      "s" : "sell",
      "i" : "ZIL_USDT",
      "m" : "4611686018430582751"
    }, {
      "d" : "1756399675186374032",
      "t" : 1756399675186,
      "tn" : 1756399675186374032,
      "q" : "490",
      "p" : "0.011718",
      "s" : "buy",
      "i" : "ZIL_USDT",
      "m" : "4611686018430582750"
    }, {
      "d" : "1756399675185256003",
      "t" : 1756399675185,
      "tn" : 1756399675185256003,
      "q" : "3210",
      "p" : "0.011718",
      "s" : "buy",
      "i" : "ZIL_USDT",
      "m" : "4611686018430582749"
    }, {
      "d" : "1756399393848463561",
      "t" : 1756399393848,
      "tn" : 1756399393848463561,
      "q" : "3700",
      "p" : "0.011693",
      "s" : "sell",
      "i" : "ZIL_USDT",
      "m" : "4611686018430582748"
    }, {
      "d" : "1756399393848461255",
      "t" : 1756399393848,
      "tn" : 1756399393848461255,
      "q" : "3700",
      "p" : "0.011697",
      "s" : "sell",
      "i" : "ZIL_USDT",
      "m" : "4611686018430582747"
    }, {
      "d" : "1756397283581197383",
      "t" : 1756397283581,
      "tn" : 1756397283581197383,
      "q" : "1810",
      "p" : "0.011715",
      "s" : "sell",
      "i" : "ZIL_USDT",
      "m" : "4611686018430582746"
    }, {
      "d" : "1756396350686934242",
      "t" : 1756396350686,
      "tn" : 1756396350686934242,
      "q" : "1050",
      "p" : "0.011710",
      "s" : "sell",
      "i" : "ZIL_USDT",
      "m" : "4611686018430582745"
    }, {
      "d" : "1756395976890876610",
      "t" : 1756395976890,
      "tn" : 1756395976890876610,
      "q" : "60430",
      "p" : "0.011812",
      "s" : "buy",
      "i" : "ZIL_USDT",
      "m" : "4611686018430582744"
    }, {
      "d" : "1756395976750389031",
      "t" : 1756395976750,
      "tn" : 1756395976750389031,
      "q" : "48110",
      "p" : "0.011832",
      "s" : "buy",
      "i" : "ZIL_USDT",
      "m" : "4611686018430582743"
    }, {
      "d" : "1756395976750387671",
      "t" : 1756395976750,
      "tn" : 1756395976750387671,
      "q" : "1890",
      "p" : "0.011831",
      "s" : "buy",
      "i" : "ZIL_USDT",
      "m" : "4611686018430582742"
    }, {
      "d" : "1756395971893717248",
      "t" : 1756395971893,
      "tn" : 1756395971893717248,
      "q" : "9770",
      "p" : "0.011997",
      "s" : "buy",
      "i" : "ZIL_USDT",
      "m" : "4611686018430582741"
    }, {
      "d" : "1756395695376941831",
      "t" : 1756395695376,
      "tn" : 1756395695376941831,
      "q" : "1230",
      "p" : "0.012194",
      "s" : "buy",
      "i" : "ZIL_USDT",
      "m" : "4611686018430582740"
    }, {
      "d" : "1756395540624040922",
      "t" : 1756395540624,
      "tn" : 1756395540624040922,
      "q" : "7020",
      "p" : "0.012072",
      "s" : "buy",
      "i" : "ZIL_USDT",
      "m" : "4611686018430582739"
    }, {
      "d" : "1756395540624039013",
      "t" : 1756395540624,
      "tn" : 1756395540624039013,
      "q" : "4620",
      "p" : "0.012071",
      "s" : "buy",
      "i" : "ZIL_USDT",
      "m" : "4611686018430582738"
    }, {
      "d" : "1756395492480457449",
      "t" : 1756395492480,
      "tn" : 1756395492480457449,
      "q" : "310",
      "p" : "0.012000",
      "s" : "buy",
      "i" : "ZIL_USDT",
      "m" : "4611686018430582737"
    }, {
      "d" : "1756395490737023926",
      "t" : 1756395490737,
      "tn" : 1756395490737023926,
      "q" : "930",
      "p" : "0.011999",
      "s" : "buy",
      "i" : "ZIL_USDT",
      "m" : "4611686018430582736"
    }, {
      "d" : "1756395357193638947",
      "t" : 1756395357193,
      "tn" : 1756395357193638947,
      "q" : "1010",
      "p" : "0.011886",
      "s" : "sell",
      "i" : "ZIL_USDT",
      "m" : "4611686018430582735"
    }, {
      "d" : "1756395357193637016",
      "t" : 1756395357193,
      "tn" : 1756395357193637016,
      "q" : "3700",
      "p" : "0.011896",
      "s" : "sell",
      "i" : "ZIL_USDT",
      "m" : "4611686018430582734"
    }, {
      "d" : "1756391495326733117",
      "t" : 1756391495326,
      "tn" : 1756391495326733117,
      "q" : "3700",
      "p" : "0.011757",
      "s" : "sell",
      "i" : "ZIL_USDT",
      "m" : "4611686018430582733"
    }, {
      "d" : "1756391492545407182",
      "t" : 1756391492545,
      "tn" : 1756391492545407182,
      "q" : "3700",
      "p" : "0.011757",
      "s" : "sell",
      "i" : "ZIL_USDT",
      "m" : "4611686018430582732"
    }, {
      "d" : "1756386358761020045",
      "t" : 1756386358761,
      "tn" : 1756386358761020045,
      "q" : "3700",
      "p" : "0.011716",
      "s" : "buy",
      "i" : "ZIL_USDT",
      "m" : "4611686018430582731"
    }, {
      "d" : "1756386358761017043",
      "t" : 1756386358761,
      "tn" : 1756386358761017043,
      "q" : "10670",
      "p" : "0.011715",
      "s" : "buy",
      "i" : "ZIL_USDT",
      "m" : "4611686018430582730"
    }, {
      "d" : "1756386222193072877",
      "t" : 1756386222193,
      "tn" : 1756386222193072877,
      "q" : "680",
      "p" : "0.011661",
      "s" : "sell",
      "i" : "ZIL_USDT",
      "m" : "4611686018430582729"
    }, {
      "d" : "1756383175913584622",
      "t" : 1756383175913,
      "tn" : 1756383175913584622,
      "q" : "3000",
      "p" : "0.011607",
      "s" : "buy",
      "i" : "ZIL_USDT",
      "m" : "4611686018430582728"
    }, {
      "d" : "1756377291010813228",
      "t" : 1756377291010,
      "tn" : 1756377291010813228,
      "q" : "1150",
      "p" : "0.011611",
      "s" : "sell",
      "i" : "ZIL_USDT",
      "m" : "4611686018430582727"
    } ]
  }
}